4236 5948
731 551 927 643 rnocss
955 570 1048 639 nrs
1075 569 1373 641 rmimrsns.
1688 574 1756 644 aar

398 711 486 786 Acta
498 725 588 786 sunt
600 708 669 784 bec
679 736 792 797 anno,
804 709 1009 800 indicione,
1022 736 1167 796 mense,
1180 710 1258 801 die,
1272 710 1490 814 pontificatu
1502 725 1538 784 et
1547 708 1631 785 loco
1643 712 1764 814 predi-

341 843 420 930 ctis,
432 839 669 948 presentibus
681 838 791 915 fratrc
803 840 1009 917 Guillelmo
1026 840 1167 944 priore,
1182 840 1359 916 fratribus
1370 841 1524 945 Hugone
1534 840 1579 914 de
1591 840 1761 932 Noailles,

342 971 546 1051 Guillelmo
561 970 730 1048 Durandi
752 971 895 1047 ordinis
913 988 951 1046 et
969 987 1170 1047 conventus
1187 971 1462 1046 Predieatorum
1486 970 1762 1061 Parisiensium,

345 1102 498 1179 domino
516 1104 674 1207 Hugone
693 1101 739 1175 de
755 1099 857 1177 Cella
882 1099 1015 1192 milite,
1035 1118 1072 1176 et
1091 1098 1292 1179 Guillelmo
1311 1101 1357 1175 de
1377 1101 1556 1205 Choques
1575 1102 1652 1177 cive
1672 1104 1768 1178 Pari-

344 1233 471 1321 siensi,
497 1249 533 1307 et
556 1230 729 1336 pluribus
748 1230 828 1307 aliis
846 1230 1006 1308 testibus
1025 1231 1072 1306 ad
1094 1232 1163 1307 bec
1182 1232 1317 1306 vocatis
1337 1230 1546 1335 specialiter
1566 1248 1603 1307 et
1618 1234 1764 1339 rogatis

401 1496 447 1571 Et
466 1522 535 1599 ego
554 1493 714 1568 lacobus
741 1492 788 1567 de
814 1491 959 1569 Virtute
983 1493 1138 1569 clericus
1165 1491 1472 1570 Cathalaunensis
1492 1493 1668 1581 diocesis,
1700 1524 1769 1599 pu-

345 1622 465 1701 blicus
501 1621 684 1727 imperiali
716 1623 932 1698 auctoritate
964 1624 1148 1710 notarius,
1180 1622 1370 1727 premissis
1406 1621 1701 1701 confessionibus
1732 1644 1767 1701 et

345 1754 521 1829 omnibus
535 1753 617 1827 aliis
642 1770 679 1827 et
700 1752 877 1859 singulis,
900 1771 1013 1856 prout
1032 1755 1069 1828 in
1088 1753 1251 1855 presenti
1266 1770 1361 1827 carta
1382 1781 1448 1828 seu
1463 1755 1568 1858 pecia
1584 1770 1622 1829 et
1640 1755 1768 1831 imme-

346 1882 445 1959 diate
456 1883 671 1987 precedenti
683 1883 788 1987 siguo
803 1909 888 1956 meo
902 1882 1053 1988 signatis
1069 1882 1317 1967 continentur,
1332 1911 1501 1958 unacum
1513 1886 1768 1989 suprascriptis

345 2013 503 2090 testibus
521 2029 558 2088 et
580 2012 763 2116 magistris
779 2009 922 2086 Amisio
939 2013 986 2086 de
1004 2011 1205 2088 Aureliano
1220 2029 1256 2086 et
1268 2011 1450 2088 Gaulrido
1462 2014 1653 2117 Enguelor
1667 2013 1768 2090 dicto

347 2142 506 2247 Cbalop,
529 2140 681 2218 notariis
698 2140 873 2246 publicis,
895 2168 1048 2244 presens
1068 2140 1239 2228 interlui,
1262 2158 1314 2227 et,
1339 2142 1385 2216 de
1407 2143 1582 2217 mandato
1603 2142 1692 2219 dicti
1714 2145 1770 2219 in·

346 2273 554 2378 quisitoris,
572 2271 660 2347 huic
676 2270 924 2346 instrumento
944 2299 1004 2345 me
1025 2270 1226 2375 subscripsi
1240 2271 1280 2346 in
1293 2271 1549 2348 testimonium
1567 2275 1767 2375 premisso-

348 2430 448 2490 rum,
468 2403 651 2507 signoque
670 2428 755 2477 meo
775 2400 914 2504 signavi
936 2417 1098 2504 rogatus.

401 2667 447 2742 Et
457 2664 699 2771 egoAmisius
711 2664 759 2739 de
768 2663 971 2740 Aureliano
982 2664 1104 2740 dictus
1120 2663 1154 2738 le
1166 2661 1267 2739 Ratis
1270 2724 1278 2751 ,
1293 2663 1466 2750 clericus,
1476 2679 1684 2738 sacrosante
1699 2665 1771 2739 llo-

346 2822 455 2871 mane
481 2792 634 2870 ecclesie
656 2794 873 2869 auctoritate
894 2794 1061 2869 notarius
1084 2792 1272 2897 publicus,
1294 2793 1470 2870 omnibus
1495 2809 1532 2867 et
1554 2792 1711 2899 singulis
1731 2794 1770 2867 in

347 2926 415 3001 bac
429 2942 465 3000 et
481 2922 768 3029 precedentibus
780 2924 896 3028 peciis
907 2924 1014 3028 signo
1029 2950 1114 2998 meo
1126 2923 1274 3029 signatis
1291 2923 1488 3009 contentis,
1502 2950 1672 2997 unacum
1690 2923 1771 2997 scri·

348 3055 420 3161 ptis
434 3055 593 3132 testibus
609 3074 645 3131 et
656 3054 808 3131 notariis
825 3054 1000 3159 publicis,
1014 3082 1168 3159 presens
1179 3052 1348 3142 interlui,
1361 3081 1418 3137 ac,
1433 3052 1482 3127 de
1498 3051 1671 3127 mandato
1681 3051 1769 3127 dicti

349 3185 593 3292 inquisitoris,
621 3186 659 3260 in
680 3184 751 3261 boc
772 3185 1020 3262 instrumento
1041 3213 1102 3260 mc
1125 3184 1324 3289 subscripsi
1351 3184 1388 3258 in
1411 3182 1665 3259 testimonium
1686 3210 1772 3287 pre*

350 3314 566 3404 missorum,
592 3315 762 3421 illudque
779 3343 865 3391 meo
881 3316 985 3419 signo
1006 3315 1116 3393 solito
1137 3314 1273 3420 signavi
1297 3330 1457 3419 rogatus.

406 3580 447 3653 ln
468 3579 621 3654 nomine
641 3578 795 3655 Domini
815 3608 935 3655 amen.
962 3580 1071 3655 Anno
1101 3580 1269 3684 ejusdem
1295 3579 1448 3654 Domini
1473 3577 1672 3655 millesimo
1695 3595 1774 3655 coc⁰

350 3709 532 3813 septimo,
559 3707 747 3782 indicione
772 3725 892 3794 sexta,
915 3736 1044 3784 mense
1076 3708 1285 3794 novembri,
1317 3708 1485 3812 ejusdem
1513 3710 1652 3785 mensis
1676 3736 1773 3785 nona

351 3837 431 3924 die,
453 3835 691 3942 pontificatus
711 3837 930 3912 sanctissimi
956 3838 1070 3941 patris
1095 3855 1132 3913 et
1158 3836 1301 3914 domini
1322 3835 1467 3912 domini
1491 3837 1694 3914 Clementis
1717 3840 1774 3914 di-

352 3967 432 4042 vina
446 3964 685 4072 providencia
700 3994 794 4070 pape
810 3967 931 4072 quinti
948 3994 1046 4041 anno
1060 3967 1243 4055 secundo,
1266 3967 1304 4040 in
1317 3966 1480 4071 religiosi
1490 3966 1556 4041 viri
1578 3966 1699 4041 fratris
1714 3968 1775 4041 Ni-

352 4095 445 4171 colai
475 4096 521 4171 de
549 4096 718 4171 Anisiaco
744 4095 986 4173 commissarii
1014 4095 1134 4171 fratris
1155 4094 1346 4172 Guillelmi
1376 4094 1423 4169 de
1449 4094 1609 4169 Parisius
1634 4092 1775 4169 ordinis

352 4224 647 4312 Predicatorunv,
666 4226 896 4331 inquisitoris
914 4227 1077 4301 heretice
1094 4226 1282 4330 pravitatis
1292 4226 1508 4302 arroteritate
1524 4224 1723 4329 apostolica
1737 4226 1774 4300 in

352 4381 467 4459 regno
487 4355 640 4430 Francie
662 4357 844 4461 deputati,
869 4358 907 4431 in
929 4358 1042 4432 domo
1059 4355 1196 4432 milicie
1216 4355 1365 4459 Templi
1386 4355 1545 4431 Parisius
1564 4383 1633 4460 pro
1653 4357 1776 4461 inqui·

352 4483 467 4558 vendo
489 4501 616 4559 contra
637 4486 816 4589 quasdam
830 4512 1007 4590 personas
1026 4486 1114 4561 dicti
1136 4484 1280 4561 ordinis
1301 4485 1511 4576 existentes,
1533 4485 1656 4561 eidem
1676 4485 1776 4561 dela-

352 4628 404 4688 tas
421 4613 648 4716 superdicto
668 4615 840 4702 crimine,
859 4616 1061 4704 existentis,
1076 4632 1242 4692 nostrum
1252 4617 1481 4691 notariorum
1493 4615 1729 4721 publicorum
1741 4634 1776 4692 et

353 4741 668 4848 inlmscriptorum
680 4747 831 4821 testium
844 4747 1034 4850 presencia
1048 4745 1293 4852 personaliter
1304 4747 1533 4824 constitutus·
1543 4746 1653 4823 frater
1670 4751 1775 4854 Hugo

290 4949 297 4961 ,
353 4872 400 4951 de
415 4873 584 4949 Paraudo
603 4873 709 4950 miles
727 4874 815 4952 dicti
829 4876 989 4967 ordinis,
1006 4895 1042 4954 et
1059 4877 1224 4953 visitator
1240 4878 1409 4966 Francia,
1426 4877 1574 4985 juratus
1592 4877 1639 4954 ad
1653 4896 1775 4956 sancta

437 5033 543 5090 rnoc'rs
558 5049 611 5091 nas
626 5050 892 5097 cruentans-n.
1565 5032 1606 5101 46
