4236 5948
732 529 927 623 rnocns
953 547 1049 619 nos
1075 547 1371 622 rnurmnus.
1638 557 1643 566 ·
1684 528 1760 624 '³51

345 718 382 778 et
399 697 614 806 ymaginem
634 693 818 798 predictas
840 707 910 778 ter,
931 688 1096 766 dicentes
1111 689 1182 766 sibi
1198 690 1300 797 quod
1321 689 1487 767 hocerat
1506 708 1684 767 statutum
1705 721 1765 768 or-

344 829 451 906 dinis.
475 825 551 904 Sed
571 825 649 929 ipse
672 822 792 900 noluit
815 821 1014 927 abnegare,
1038 848 1108 897 nec
1131 819 1337 926 predictam
1363 822 1595 927 spuicionem
1614 820 1702 899 lecit
1723 850 1765 898 ex
1893 861 1894 865 =

345 960 475 1046 corde,
498 975 541 1034 ut
556 956 662 1046 dirit;
686 973 724 1032 et
743 954 836 1030 dixit
857 982 925 1059 per
938 955 1196 1061 juramentum
1216 982 1325 1031 suum
1341 953 1446 1060 quod
1462 954 1540 1060 ipse
1560 955 1690 1061 pocius
1709 983 1767 1031 vo·

342 1090 473 1170 luisset
491 1088 596 1195 quod
615 1113 809 1192 nunquam
830 1083 961 1160 suisset
978 1084 1073 1160 ordo
1093 1084 1261 1189 Templi;
1277 1085 1344 1162 sed
1359 1085 1438 1191 ipse
1454 1086 1631 1162 remansit
1649 1086 1688 1162 in
1703 1114 1763 1174 eo,
1825 1174 1828 1179 ,

343 1248 410 1328 pro
432 1248 478 1296 eo
500 1218 604 1324 quod
624 1216 786 1293 habebat
810 1214 957 1321 aliquos
982 1215 1122 1292 amicos
1141 1215 1181 1290 in
1203 1214 1338 1291 eodem
1360 1217 1492 1293 ordine
1513 1216 1577 1321 qui
1598 1214 1767 1293 fecerunt

346 1377 432 1428 eum
453 1349 586 1455 recipi,
607 1375 704 1453 quos
725 1349 802 1453 ipse
822 1345 939 1423 modo
956 1363 1110 1453 propter
1125 1344 1261 1423 lactum
1283 1346 1504 1451 hujusmodi
1526 1346 1595 1423 sibi
1611 1373 1687 1421 non
1707 1375 1765 1420 re-

344 1497 450 1586 putat
469 1479 619 1555 amicos.

398 1611 492 1687 Item
512 1609 604 1685 dixit
624 1636 691 1714 per
704 1609 961 1715 juramentum
982 1634 1094 1683 suurn
1116 1607 1219 1713 quod
1239 1609 1423 1713 recipiens
1442 1606 1529 1683 fecit
1552 1635 1590 1683 se
1607 1607 1764 1683 osculari

346 1741 456 1816 abeo
478 1740 602 1815 inore
624 1739 719 1814 etin
739 1737 939 1827 umbilico,
960 1755 997 1814 et
1016 1737 1184 1842 precepit
1211 1734 1282 1813 sibi
1303 1737 1407 1843 quod
1429 1737 1659 1814 oscularetur
1680 1765 1766 1813 eum

346 1871 382 1945 in
397 1889 501 1976 parte
522 1869 720 1975 posteriori
744 1870 780 1943 in
802 1870 877 1945 fine
899 1870 1004 1976 spine
1027 1868 1149 1959 dorsi,
1172 1868 1240 1944 sed
1262 1869 1341 1974 ipse
1367 1868 1492 1958 noluit
1511 1867 1641 1944 lacere.

400 2001 493 2076 ltem
515 1999 607 2075 dixit
622 1998 726 2106 quod
743 1999 863 2076 credit
882 1997 986 2105 quod
1004 1997 1067 2074 alii
1089 1997 1221 2090 fratres
1247 1998 1337 2074 dicti
1356 1999 1501 2076 ordinis
1520 1999 1636 2074 modo
1652 1998 1764 2075 simili

327 2180 330 2185 -
344 2131 580 2235 recipiantur.

399 2262 492 2337 Item
515 2260 606 2335 dixit
626 2289 692 2366 per
706 2261 963 2367 juramentum
979 2289 1090 2335 suum
1105 2260 1210 2365 quod
1224 2259 1277 2347 vi,
1290 2259 1351 2344 >vel
1371 2277 1476 2335 metu
1493 2277 1765 2336 tormentorum

344 2388 402 2467 vel
420 2389 508 2466 alias
534 2418 609 2466 non
635 2389 729 2465 dixit
753 2388 856 2466 aliud
881 2417 994 2495 quam
1021 2389 1236 2477 veritatem,
1266 2417 1334 2465 nec
1364 2390 1403 2465 in
1430 2390 1620 2494 premissis
1642 2390 1766 2465 immi-

345 2521 440 2598 scuit
458 2521 621 2627 aliquam
641 2519 853 2610 salsitatem,
878 2537 914 2596 et
938 2520 1042 2624 quod
1061 2548 1203 2596 meram
1225 2521 1418 2597 veritatem
1440 2519 1531 2597 dixit
1556 2549 1626 2625 pro
1646 2521 1763 2596 salute

344 2678 465 2729 anime
485 2679 563 2728 sue.

399 2912 493 2989 Item
512 2911 625 2990 frater
644 2911 802 2989 lacobus
829 2913 877 2990 de
899 2911 1120 3001 Crumellis‚
1143 2912 1251 2990 etatis
1271 2939 1337 2990 xxv
1359 2939 1543 2988 annorum
1571 2913 1628 2989 vel
1649 2913 1762 2999 circa,

343 3071 491 3120 morans
509 3059 546 3118 et
562 3071 764 3147 procurans
780 3043 818 3117 in
841 3043 955 3119 domo
978 3040 1273 3129 Suessionensis‚
1300 3041 1435 3117 eodem
1451 3042 1567 3119 modo
1588 3044 1767 3119 constitu-

342 3191 420 3264 tus,
436 3171 584 3278 juratus
601 3190 639 3248 et
652 3173 871 3278 requisitus,
895 3171 987 3248 dixit
1004 3200 1072 3277 per
1081 3171 1342 3279 juramentum
1362 3201 1472 3248 suum
1484 3173 1598 3278 'quod
1614 3173 1653 3249 in
1670 3171 1764 3250 sesto

341 3302 440 3380 beati
460 3300 715 3378 Bartholomei
735 3302 870 3380 ultimo
893 3301 1080 3407 preteriti,
1102 3301 1259 3378 fuerunt
1279 3319 1362 3379 octo
1383 3302 1470 3377 anni
1491 3302 1595 3409 quod
1616 3302 1687 3379 luit
1707 3334 1766 3381 re-

343 3450 472 3539 ceptus
492 3433 530 3508 in
552 3433 649 3510 dicta
669 3434 784 3510 domo
803 3461 872 3539 per
891 3432 1042 3511 fratrem
1070 3433 1282 3510 lohannem
1309 3434 1357 3510 de
1380 3433 1547 3540 Cernayo
1575 3453 1768 3540 precepto-

341 3591 423 3640 rem
437 3581 528 3640 tunc
548 3564 648 3640 dicte
669 3563 821 3654 domus,
839 3563 1078 3669 presentibus
1097 3562 1211 3640 fratre
1227 3563 1396 3641 Gerardo
1416 3564 1536 3641 milite
1558 3564 1648 3641 dicti
1668 3566 1768 3642 ordi-

345 3694 420 3783 nis,
437 3694 549 3770 fratre
569 3691 735 3770 Roberto
756 3692 945 3797 capellano
968 3692 1066 3770 dicte
1084 3692 1219 3769 domus
1239 3712 1276 3769 et
1296 3695 1524 3799 quibusdam
1540 3694 1633 3772 aliis.

397 3828 492 3902 Item
523 3823 617 3900 dixit
642 3851 710 3928 per
728 3823 987 3930 juramentum
1008 3849 1119 3902 suum
1140 3823 1262 3930 quod,
1295 3851 1339 3900 eo
1360 3841 1529 3931 recepto,
1552 3826 1767 3932 juramento

343 3956 499 4061 prestito
518 3955 565 4032 ab
586 3955 722 4032 eodem
744 3955 790 4030 de
811 3955 957 4031 statutis
977 3972 1016 4032 et
1035 3955 1187 4032 secretis
1207 3954 1352 4031 ordinis
1368 3955 1623 4044 observandis,
1646 3957 1767 4033 dictus

343 4084 450 4162 miles
469 4086 596 4192 posuit
615 4085 685 4161 sibi
707 4082 927 4161 mantellum
947 4084 995 4160 ad
1015 4067 1153 4161 collum
1169 4085 1218 4161 de
1237 4084 1413 4162 mandato
1434 4086 1662 4191 preceptoris
1681 4115 1767 4191 pre-

345 4213 454 4304 dicti,
477 4233 515 4291 et
533 4233 624 4293 tunc
640 4215 761 4293 dictus
774 4214 889 4291 frater
907 4216 1098 4292 lohannes
1115 4214 1243 4321 posuit
1262 4242 1394 4293 omnes
1414 4216 1505 4294 alios
1519 4215 1651 4293 fratres
1668 4234 1767 4292 extra

344 4346 557 4435 ecclesiam,
580 4365 617 4422 et
632 4348 787 4424 retinuit
800 4347 923 4452 ipsum
944 4346 1010 4452 qui
1029 4345 1199 4453 loquitur
1213 4345 1252 4421 in
1269 4346 1439 4438 ecclesia,
1462 4365 1499 4424 et
1519 4347 1649 4424 clausit
1666 4374 1765 4432 eam,

345 4476 495 4553 etduxit
504 4477 682 4553 eumdem
699 4478 850 4554 fratrem
868 4476 1297 4562 Jacobumretroaltare‚
1310 4494 1347 4554 et
1362 4477 1528 4554 ostendit
1547 4476 1618 4554 sibi
1635 4505 1767 4582 quam-

346 4607 431 4684 dam
453 4636 602 4683 crucem
622 4608 784 4716 ligneam
807 4636 893 4684 cum
915 4607 1040 4713 effigie
1056 4607 1172 4713 lhesu
1192 4606 1348 4696 Christi,
1371 4607 1500 4684 dicens
1519 4607 1590 4683 sibi
1612 4639 1620 4683 :
1643 4609 1766 4701 Quem

345 4738 467 4815 credis
486 4755 529 4813 tu
548 4737 652 4843 quod
666 4740 715 4814 sit
732 4739 802 4815 iste
822 4739 928 4844 cujus
948 4738 1161 4846 ymaginem
1180 4736 1284 4815 vides
1305 4738 1389 4814 hiel
1408 4740 1456 4814 Et
1474 4738 1553 4845 ipse
1567 4740 1632 4846 qui
1648 4740 1767 4844 loqui-

341 4882 403 4943 tur
415 4867 485 4943 sibi
496 4867 801 4973 responditquod
814 4885 891 4945 erat
900 4895 1033 4976 ymago
1043 4869 1160 4946 Jhesu
1175 4868 1313 4946 Christi
1324 4868 1387 4975 qui
1400 4897 1528 4974 passus
1539 4868 1657 4946 suerat
1675 4870 1765 4945 inea
