4236 5948
285 636 296 649 ..
352 580 398 653 ro
739 558 935 653 rnocus
962 578 1059 649 nus
1086 576 1388 648 rummiens.

348 749 457 829 aqua,
470 720 545 797 luit
558 717 753 797 confessus
768 748 895 796 coram
908 718 1009 795 dicto
1023 716 1180 794 domino
1196 717 1370 824 episcopo
1387 718 1492 824 quod
1506 718 1547 795 iu
1561 722 1783 826 recepcione

349 878 417 933 cua
437 868 591 959 spuerat
604 852 710 958 juxta
729 851 934 957 quamdam
957 877 1119 940 crucem,
1143 877 1209 925 ore
1230 877 1306 926 non
1328 850 1455 936 corde,
1478 866 1517 927 et
1534 852 1639 958 quod
1661 850 1785 931 fuerat

348 982 540 1068 occulatur
559 999 795 1089 receptorem
821 1011 935 1059 suum
960 1011 1073 1087 supra
1097 979 1341 1069 umbilicum,
1368 982 1518 1059 camisia
1539 982 1781 1075 intermedia3

349 1145 423 1225 que
444 1115 628 1194 confessio
649 1115 722 1193 luit
740 1114 849 1202 salsa,
872 1131 916 1193 ut
940 1113 1044 1190 dixit.
1066 1111 1285 1220 Requisitus
1303 1112 1387 1201 ubi,
1413 1114 1579 1219 quando,
1601 1144 1718 1222 aquo
1745 1135 1784 1195 et

350 1248 491 1355 quibus
510 1265 683 1354 receptus
706 1247 839 1337 luerat,
863 1245 1061 1352 respondit
1079 1274 1118 1322 se
1138 1243 1253 1321 fuisse
1274 1261 1469 1350 receptum
1489 1246 1529 1321 in
1548 1245 1688 1352 capella
1711 1248 1783 1325 do-

349 1409 434 1458 mus
453 1378 620 1485 Templi
654 1377 810 1459 civitatis
847 1376 1100 1482 Tripolitane,
1132 1376 1172 1452 iu
1207 1374 1303 1454 festo
1337 1375 1522 1454 Omnium
1555 1378 1782 1456 Sanctorum

348 1510 518 1619 proximo
544 1511 769 1619 preteritum
788 1508 947 1586 luerunt
966 1536 1037 1585 xxx
1062 1508 1150 1585 anni
1171 1507 1230 1584 vel
1249 1508 1365 1600 circa,
1392 1538 1461 1616 per
1484 1510 1640 1588 fratrem
1660 1542 1783 1618 quon-

349 1643 437 1721 dam
458 1643 689 1720 Rodoricum
705 1641 753 1718 de
767 1641 892 1748 Cuyre
907 1639 1087 1728 militem,
1102 1658 1194 1717 tuuc
1206 1657 1467 1747 preceptorem
1480 1642 1779 1748 Tripolitanum,

346 1773 586 1885 presentibus
623 1771 801 1850 fratribus
840 1772 1027 1850 Rodorico
1056 1773 1231 1849 Ynanhes
1261 1772 1362 1850 socio
1402 1772 1492 1850 dicti
1533 1779 1780 1882 preceptoris,

346 1908 517 1987 Iohanne
549 1905 596 1981 de
624 1904 720 2012 Pugi
746 1903 949 1997 militibus,
989 1921 1028 1981 et
1061 1904 1244 1981 Durando
1271 1904 1319 1980 de
1349 1905 1556 1983 Lemovicis
1584 1909 1780 1997 serviente,

348 2037 559 2127 deffunctis,
576 2055 613 2115 et
631 2036 808 2143 pluribus
827 2037 909 2115 aliis
930 2036 1136 2143 dequibus
1156 2064 1233 2113 non
1254 2035 1397 2128 recolit,
1416 2036 1456 2112 in
1475 2038 1580 2114 huuc
1599 2041 1780 2118 modum:

349 2199 435 2250 nam
463 2198 549 2248 cum
572 2169 747 2275 peciisset
778 2197 817 2246 se
837 2167 953 2274 recipi
981 2168 1030 2245 ad
1056 2165 1288 2244 beneficium
1317 2166 1474 2259 ordinis,
1508 2185 1545 2245 et
1571 2168 1714 2248 diceret
1743 2202 1781 2249 se

348 2303 443 2381 velle
464 2301 547 2379 lieri
568 2329 717 2378 servum
740 2300 927 2378 esclavum
943 2299 1032 2376 dicti
1049 2299 1206 2388 ordinis,
1227 2316 1342 2404 prout
1357 2300 1561 2378 instructus
1580 2299 1700 2378 luerat
1714 2274 1783 2409 pei

348 2435 494 2544 aliquos
507 2433 646 2512 amicos
659 2462 758 2526 suos,
776 2433 900 2511 dictus
913 2450 1086 2538 receptor
1105 2432 1291 2509 concessit
1304 2432 1376 2509 sibi
1390 2446 1428 2509 et
1443 2431 1532 2508 lecit
1546 2461 1636 2509 eum
1650 2462 1781 2511 vovere

348 2585 386 2645 et
406 2569 536 2677 jurare
567 2565 790 2654 castitatem,
815 2563 1094 2656 obedienciam,
1124 2564 1246 2641 vivere
1269 2564 1350 2640 siue
1376 2564 1542 2669 proprio,
1571 2579 1608 2640 et
1637 2574 1781 2643 servare

351 2699 568 2788 bonosusus
593 2716 631 2774 et
644 2698 765 2775 bonas
783 2695 1210 2801 consuetudines'ipsius
1231 2694 1392 2785 ordinis,
1411 2712 1449 2772 et
1463 2695 1569 2801 quod
1582 2725 1651 2802 pro
1671 2726 1781 2804 posse

346 2859 416 2909 suo
423 2831 571 2938 juvaret
586 2827 636 2903 ad
649 2826 923 2934 acquirendum
939 2828 1094 2903 Terram
1116 2826 1302 2905 Sanctam.
1321 2826 1408 2920 Quo
1428 2824 1524 2904 lacto
1545 2829 1726 2934 imposuit
1747 2834 1781 2909 ei

346 2959 587 3047 mantellum,
611 2976 650 3036 et
667 2953 859 3036 osculatus
880 2957 952 3035 suit
968 2986 1057 3035 eum
1073 2957 1113 3033 in
1134 2984 1212 3034 ore.
1235 2959 1485 3035 Postmodum
1499 2960 1676 3039 iustruxit
1691 2992 1780 3041 eum

345 3109 439 3200 quot
456 3093 569 3170 Pater
581 3105 695 3168 noster
711 3091 852 3167 diceret
867 3117 938 3195 pro
957 3086 1114 3197 singulis
1134 3088 1256 3182 horis,
1280 3107 1317 3166 et
1333 3090 1496 3197 qualiter
1506 3111 1654 3199 regeret
1681 3125 1720 3172 se
1742 3098 1780 3172 in

345 3224 493 3304 ordine.
523 3221 740 3330 Requisitus
765 3222 794 3298 si
821 3219 967 3327 aliquid
992 3220 1167 3297 illicitum
1190 3220 1249 3298 vel
1272 3221 1517 3300 inhonestum
1540 3223 1613 3302 fuit
1636 3227 1780 3304 dictum

345 3357 403 3447 vel
422 3357 562 3437 lactum
586 3356 628 3432 in
653 3356 875 3462 recepcione
896 3383 962 3432 sua
985 3354 1044 3431 vel
1063 3372 1160 3462 post,
1182 3355 1277 3431 dixit
1296 3383 1364 3460 per
1379 3358 1640 3464 juramentum
1667 3389 1781 3436 suum

347 3488 452 3595 quod
472 3516 562 3565 non.
584 3486 803 3594 Requisitus
823 3516 854 3562 s1
874 3515 971 3595 quos
992 3503 1185 3593 receperat
1204 3486 1243 3563 in
1266 3486 1400 3564 ordine
1420 3547 1429 3574 ,
1461 3490 1657 3595 respondit
1677 3493 1782 3598 quod

346 3621 397 3699 sic
421 3619 606 3697 :fratrem
639 3618 864 3698 Micbaelem
891 3620 939 3696 de
965 3619 1127 3697 Castella
1153 3618 1400 3708 servientem,
1428 3621 1536 3727 cujus
1569 3651 1781 3728 cognomen

345 3753 509 3862 ignorat,
532 3753 675 3843 vivum,
698 3769 741 3828 ut
763 3751 899 3843 credit,
922 3779 1038 3857 quem
1060 3751 1202 3857 recepit
1226 3752 1265 3828 in
1291 3749 1432 3856 capella
1454 3751 1551 3828 dicte
1576 3753 1712 3831 domus
1734 3756 1781 3831 de

346 3883 504 3972 Averin,
531 3901 619 3961 sunt
643 3882 791 3961 circiter
811 3912 873 3961 sex
898 3884 1003 3972 anni,
1033 3883 1275 3989 presentibus
1302 3882 1494 3972 fratribus
1510 3885 1620 3962 Petro
1650 3885 1781 3964 Garini

345 4015 575 4123 presbitero,
597 4014 791 4122 capellano
809 4014 909 4092 dicte
926 4014 1082 4103 domus,
1099 4016 1211 4092 Petro
1228 4015 1275 4092 dc
1294 4015 1456 4092 Moranti
1481 4015 1663 4123 clavigero
1682 4017 1781 4096 dicte

347 4148 500 4238 domus,
517 4150 628 4225 Petro
643 4147 691 4224 dc
708 4149 903 4236 Losarcos,
921 4147 1116 4225 Bernardo
1136 4147 1343 4225 Cathalano
1359 4165 1398 4224 et
1416 4147 1570 4227 Amerio
1589 4149 1636 4225 de
1653 4152 1782 4258 Perpi-

344 4279 457 4358 uiano
485 4278 736 4373 servientibus
761 4277 1016 4356 residentibus
1049 4280 1089 4355 in
1121 4279 1219 4357 dicta
1256 4279 1389 4371 domo,
1417 4308 1513 4386 quos
1545 4281 1647 4357 idem
1676 4285 1782 4362 testis

346 4410 489 4489 dimisit
515 4411 659 4487 ibidem
681 4411 834 4516 quando
863 4411 965 4486 veuit
985 4410 1033 4488 ad
1058 4427 1183 4517 partes
1210 4411 1296 4488 istas
1320 4412 1360 4488 in
1385 4412 1525 4519 quibus
1544 4410 1616 4489 fuit
1639 4431 1779 4520 captus,
1886 4496 1888 4500 ,

346 4543 442 4619 etin
466 4542 562 4619 dicta
586 4543 808 4649 recepcione
828 4541 983 4635 servavit
1006 4541 1119 4619 illum
1143 4542 1302 4620 modum
1330 4572 1445 4650 quem
1471 4544 1646 4649 deposuit
1666 4544 1780 4624 luisse

346 4690 532 4752 servatum
553 4674 592 4749 in
613 4703 691 4751 sua.
705 4673 921 4782 Requisitus
940 4702 1037 4781 quos
1057 4675 1202 4753 viderat
1221 4675 1338 4788 recipi
1357 4675 1396 4752 in
1416 4675 1562 4766 ordine,
1584 4676 1781 4782 respondit

346 4804 451 4912 quod
474 4803 569 4879 vidit
593 4805 706 4912 recipi
729 4806 769 4882 in
793 4805 934 4914 capella
961 4806 1099 4885 domus
1126 4805 1277 4914 Templi
1311 4807 1358 4884 de
1387 4806 1523 4883 Ylerda
1553 4806 1710 4895 civitate,
1742 4809 1780 4884 in

348 4965 480 5017 eorum
501 4935 678 5044 capitulio
694 4938 861 5046 generali
879 4936 1069 5018 celebrato
1087 4938 1245 5027 ibidem,
1267 4939 1477 5023 iniustanti
1499 4964 1629 5015 mense
1650 4939 1780 5016 Marcii
1864 4961 1867 4967 ·
