4236 5948
344 544 417 619 aoa
732 525 930 617 Procas
956 546 1051 616 nas
1078 544 1375 618 ratramnus,
1676 566 1697 617 ι

342 685 536 762 Trecensis
558 684 732 770 diocesis,
752 713 818 790 per
834 683 983 761 fratrem
1000 686 1198 790 Hugonem
1216 687 1261 761 de
1287 685 1454 762 Paraudo
1467 703 1556 762 tunc
1575 708 1767 795 precepto·

343 844 422 892 rem
444 815 491 892 de
516 813 616 889 Pailli
631 876 639 903 ,
657 813 894 920 presentibus
913 814 1084 919 pluribus
1104 814 1279 891 fratribus
1297 815 1385 891 dicti
1407 815 1548 892 ordinis
1565 816 1612 894 de
1631 819 1767 925 quibus

343 975 417 1024 uon
437 945 568 1024 recolit
585 947 629 1021 ad
647 974 810 1051 presens.
832 945 933 1022 Dixit
947 945 1064 1022 eciam
1079 974 1147 1051 per
1156 947 1412 1053 juramentum
1427 975 1537 1023 suum
1552 948 1668 1055 quod,
1685 967 1768 1056 post

344 1077 480 1155 multas
495 1076 761 1182 promissiones
780 1077 828 1153 de
849 1076 993 1153 statutis
1018 1094 1054 1152 et
1078 1077 1230 1153 secretis
1256 1077 1342 1153 dicti
1367 1076 1509 1153 ordinis
1528 1078 1768 1156 observandis

343 1208 388 1284 ab
417 1236 461 1284 eo
486 1206 614 1296 factas,
638 1224 675 1282 et
695 1206 873 1284 mantello
902 1207 949 1282 ad
976 1206 1117 1284 collum
1143 1236 1253 1283 suum
1273 1207 1411 1313 posito,
1434 1208 1555 1285 dictus
1584 1210 1767 1315 recipiens

342 1338 506 1415 ostendit
528 1337 597 1414 sibi
616 1338 825 1445 ymaginem
846 1338 962 1414 Jhesu
981 1337 1121 1414 Christi
1148 1339 1332 1444 depictam
1357 1339 1395 1414 in
1420 1340 1584 1444 quodam
1611 1341 1765 1424 missali,

344 1487 380 1546 et
399 1470 566 1576 precepit
584 1469 655 1547 sibi
677 1470 780 1575 qnod
801 1470 953 1546 Jhesum
974 1467 1167 1546 Christum
1191 1470 1408 1578 abnegaret,
1435 1489 1473 1547 et
1496 1470 1600 1577 quod
1617 1490 1769 1577 spueret

343 1629 452 1706 supra
480 1629 628 1677 crucem
649 1618 686 1677 et
713 1629 823 1707 supra
844 1600 1072 1707 ymaginem,
1106 1618 1143 1675 et
1167 1601 1238 1676 hoc
1265 1601 1343 1705 ipse
1378 1600 1592 1679 feeit-testis
1617 1602 1768 1708 plorans

342 1730 495 1818 invitus,
529 1747 565 1806 et
589 1729 679 1805 dixit
697 1759 765 1835 per
785 1731 1039 1835 juramentum
1060 1758 1170 1805 suum
1192 1730 1293 1837 quod
1316 1730 1435 1808 dictus
1455 1730 1638 1838 recipiens
1663 1760 1768 1810 osou·

343 1861 439 1937 latus
458 1858 531 1937 fuit
545 1861 667 1965 ipsum
684 1860 722 1934 in
734 1858 857 1934 tribus
877 1859 985 1948 locis,
1004 1858 1177 1934 videlicet
1192 1859 1230 1934 in
1243 1859 1319 1937 fine
1333 1861 1439 1966 spine
1455 1861 1574 1949 dorsi,
1592 1863 1630 1937 in
1646 1861 1769 1943 umbi·

343 1988 415 2066 lico
433 2006 469 2065 et
487 1990 524 2063 in
539 2017 616 2065 ore.
629 1988 866 2064 Dixiaeeiam
879 2017 946 2092 per
956 1988 1214 2093 juramentum
1230 2017 1339 2066 suum
1358 1991 1464 2098 quod
1475 1992 1685 2098 injunctum
1698 1990 1769 2069 tuit

346 2119 417 2196 sibi
431 2147 499 2225 per
514 2120 635 2223 ipsum
652 2119 893 2223 recipientem
906 2117 1010 2221 quod
1020 2119 1050 2194 si
1061 2118 1161 2195 calor
1171 2120 1347 2197 naturalis
1361 2139 1530 2198 moveret
1543 2151 1630 2199 eum
1642 2182 1650 2210 ,
1664 2122 1767 2228 quod

346 2249 603 2326 commisceret
618 2278 656 2325 se
677 2277 763 2324 cnm
782 2246 957 2323 fratribus
978 2247 1065 2323 dicti
1087 2249 1241 2325 ordinis.
1259 2251 1508 2357 interrogatus
1524 2251 1570 2327 de
1589 2255 1709 2358 capite
1721 2255 1767 2331 de

346 2407 422 2484 quo
438 2379 481 2455 ht
495 2408 605 2484 supra
626 2379 790 2465 mencio,
815 2376 906 2452 dixit
920 2404 988 2480 per
995 2377 1377 2482 juramentumsuum
1392 2380 1497 2486 quod
1512 2381 1605 2457 vidit
1618 2381 1714 2460 illud
1730 2384 1768 2458 in

346 2526 488 2613 septem
510 2507 769 2613 capitulisque
785 2506 1041 2583 tenebantura
1057 2505 1169 2584 fratre
1189 2509 1347 2614 Hugone
1368 2509 1416 2586 de
1436 2511 1605 2589 Paraudo
1627 2529 1665 2588 et
1684 2514 1769 2618 qui·

344 2639 504 2717 busdam
521 2639 614 2715 aliis.
643 2640 891 2744 Interrogatus
918 2637 1078 2742 qualiter
1103 2636 1295 2729 adoratur,
1319 2640 1410 2716 dixit
1429 2668 1496 2744 per
1511 2645 1768 2750 juramentum

346 2800 457 2847 suurn
471 2771 575 2877 quod
591 2798 637 2845 eo
649 2787 799 2847 ostenso
813 2785 1197 2873 omnesprostrantse
1213 2769 1261 2845 ad
1271 2787 1425 2860 terram,
1450 2788 1487 2847 et
1502 2773 1636 2860 amotis
1658 2801 1768 2878 capu·

347 2900 577 2977 ciisadorant
591 2901 699 2977 illud.
710 2904 962 3006 Interrogatus
972 2899 1078 3005 cujus
1088 2898 1207 3007 figure
1225 2917 1296 2989 est,
1320 2900 1414 2978 dixit
1430 2928 1498 3008 per
1507 2902 1767 3007 juramentum

346 3058 458 3107 suum
486 3032 591 3135 quod
610 3032 658 3106 ita
681 3048 737 3106 est
755 3028 935 3105 terribilis
954 3028 1075 3134 figure
1098 3046 1135 3104 et
1156 3046 1328 3134 aspectus
1351 3033 1455 3137 quod
1478 3030 1677 3108 videbatur
1697 3033 1774 3109 sibi>

346 3160 450 3264 quod
466 3178 564 3238 esset
577 3158 695 3268 figura
716 3159 909 3266 cujusdam
927 3158 1116 3244 demonis,
1139 3159 1300 3236 dicendo
1321 3159 1453 3265 gallice
1473 3161 1551 3237 d'ua
1571 3165 1702 3266 moufd,
1731 3179 1768 3239 et

345 3290 450 3395 quod
464 3290 809 3395 quocienscumque
827 3288 976 3365 videbat
997 3289 1119 3393 ipsum
1143 3306 1267 3366 tantus
1296 3290 1411 3367 timor
1437 3319 1523 3368 eum
1550 3291 1766 3383 invadebat,

346 3419 449 3524 quod
465 3418 522 3492 vix
542 3436 689 3524 poterat
702 3416 798 3494 illud
816 3418 1000 3523 respicere
1020 3418 1091 3494 nisi
1110 3448 1194 3494 curn
1210 3418 1371 3496 maximo
1385 3420 1522 3498 timore
1539 3438 1575 3498 et
1589 3439 1767 3498 tremore.

305 3561 307 3563 ’
346 3547 561 3652 Requisitus
580 3576 694 3653 quare
715 3548 919 3625 adorabant
939 3547 1052 3636 illud,
1074 3548 1166 3623 dixit
1180 3550 1282 3655 quod
1303 3577 1346 3625 ex
1366 3577 1442 3656 quo
1457 3551 1584 3657 pejora
1605 3550 1770 3628 fecerant

346 3677 565 3783 abnegando
596 3679 752 3755 Jhesum
779 3679 986 3767 Christum,
1019 3679 1123 3784 quod
1153 3678 1251 3755 bene
1277 3696 1448 3784 poterant
1476 3679 1572 3756 illud
1599 3680 1766 3759 adorare.

345 3807 445 3883 Dixit
467 3825 592 3884 tamen
617 3838 687 3915 per
707 3809 966 3914 juramentum
993 3837 1104 3885 suum
1131 3811 1233 3914 quod
1261 3837 1454 3914 nunquam
1480 3809 1648 3886 adoravit
1673 3810 1769 3889 iliud

345 3940 471 4016 corde.
493 3940 707 4046 Requisitus
727 3958 853 4016 utrum
874 3940 1092 4016 recordetur
1113 3940 1160 4016 de
1181 3938 1400 4017 nominibus
1416 3940 1572 4017 illorum
1587 3942 1653 4047 qui
1673 3941 1768 4019 illud

346 4070 565 4158 adorabant,
590 4070 680 4147 dixit
700 4072 805 4176 quod
826 4073 893 4158 sic,
918 4071 965 4146 de
983 4071 1136 4146 romine
1164 4069 1285 4146 fratris
1312 4070 1468 4147 Gerardi
1494 4071 1542 4147 de
1564 4070 1769 4148 Vibaribus

347 4218 383 4276 et
402 4201 597 4307 cujusdam
624 4201 713 4276 socii
734 4200 792 4276 sui
817 4198 940 4276 fratris
960 4201 1163 4277 servientis.

401 4331 616 4436 Requisitus
644 4347 737 4435 quot
768 4330 897 4406 fratres
923 4332 1105 4437 receperit
1115 4310 1136 4420 ,i
1157 4332 1249 4408 dixit
1276 4363 1344 4439 per
1367 4335 1623 4439 juramentum
1658 4361 1767 4409 suum

345 4461 450 4566 quod
470 4461 610 4567 recepit
626 4462 756 4536 decem
772 4462 830 4540 vet
852 4461 1065 4538 duodecim.
1089 4463 1304 4570 Requisitus
1323 4480 1450 4540 utrum
1469 4490 1538 4570 per
1557 4463 1666 4541 illum
1688 4491 1770 4540 mo·

346 4589 439 4668 dum
457 4619 527 4697 per
545 4620 658 4697 quem
681 4591 773 4667 dixit
802 4621 841 4668 se
867 4591 981 4669 fuisse
1001 4609 1193 4699 receptum
1219 4595 1320 4700 ipsos
1344 4595 1561 4699 recepisset,
1585 4593 1679 4671 dixit
1702 4620 1770 4699 per

340 4720 598 4826 juramentum
613 4751 725 4799 suum
741 4725 845 4829 quod
859 4724 926 4811 sic,
944 4723 1105 4828 exceptis
1117 4723 1346 4830 quibusdam
1360 4751 1457 4832 quos
1472 4721 1595 4800 noluit
1609 4722 1768 4801 osculari

346 4850 385 4926 in
403 4848 469 4927 itto
489 4851 551 4925 viti
567 4851 667 4941 loco,
683 4871 838 4959 propter
850 4854 1047 4931 horrorem
1064 4882 1177 4960 quem
1197 4855 1359 4932 babebat
1375 4882 1419 4931 ex
1436 4855 1526 4943 hoc,
1548 4854 1614 4931 sed
1636 4854 1675 4930 in
1692 4881 1769 4930 om-
