4236 5948
345 558 395 632 st
740 537 942 632 rnocss
960 555 1054 628 nss
1079 552 1380 626 suscensens.
1407 632 1416 646 ‚

344 699 473 808 quoad
503 699 621 791 licita,
653 699 720 778 sed
755 700 880 806 primo
915 698 1061 776 dixerat
1095 696 1136 771 in
1170 691 1345 802 generale
1381 689 1534 767 liatrem
1571 689 1781 796 quemdam

345 831 507 910 militem
526 830 790 936 luteringum,
816 831 926 937 cujus
945 857 1086 907 nomen
1112 824 1172 902 vel
1201 850 1414 931 cognomen
1432 821 1597 928 ignorat,
1622 822 1664 898 in
1686 852 1784 929 qus·

345 963 433 1041 dam
463 990 608 1039 camera
633 961 772 1039 domus
794 959 945 1066 Templi
977 961 1025 1037 de
1056 958 1259 1035 Moncourt
1286 952 1570 1035 Cathalanensis
1596 952 1780 1044 diceens,

345 1124 413 1200 per
431 1094 576 1170 dictum
599 1091 756 1172 lratrem
784 1095 936 1171 Petrum
961 1092 1009 1168 de
1036 1090 1233 1176 Torbona,
1255 1105 1346 1165 sunt
1368 1113 1454 1167 xm
1472 1085 1562 1165 anni
1582 1084 1643 1163 vel
1662 1086 1779 1178 ciros,

343 1223 583 1331 presentibus
604 1225 707 1303 dicto
726 1224 840 1302 fratre
863 1223 1067 1330 Pvaynaudo
1092 1239 1132 1299 et
1153 1221 1237 1326 ipso
1256 1238 1365 1298 teste.
1392 1219 1500 1299 Vidit
1517 1219 1639 1295 eciam
1661 1219 1781 1327 recipi

343 1356 496 1434 fratrem
507 1355 706 1432 Terricum
720 1355 757 1432 le
772 1354 872 1432 Petit
885 1352 1149 1432 laudunensis
1161 1352 1339 1440 diocesis,
1353 1368 1393 1427 et
1405 1349 1561 1429 fratrem
1573 1351 1729 1426 Petrum
1741 1349 1780 1427 le

344 1489 498 1595 Bergier
513 1488 561 1564 de
576 1486 821 1567 Viromandis
834 1487 1039 1564 servientes
1052 1484 1270 1591 quondam,
1287 1482 1402 1560 simul
1422 1482 1462 1558 in
1481 1481 1625 1587 apella
1638 1481 1781 1560 domus

344 1617 497 1724 Templi
511 1617 561 1696 de
574 1618 663 1696 Bois
677 1617 876 1695 Remensis
887 1615 1068 1702 diocesis,
1086 1642 1154 1720 per
1167 1613 1324 1691 fratrem
1338 1613 1565 1690 Therricum
1579 1612 1781 1718 quondam

344 1765 606 1855 preceptorem
621 1766 715 1826 tunc
727 1747 893 1826 baillivie
909 1747 957 1824 de
974 1745 1155 1834 Meclans,
1173 1744 1413 1851 presentibus
1431 1742 1611 1822 fratribus
1623 1742 1780 1822 Albrieo

343 1880 568 1988 agricultore
588 1897 628 1959 et
647 1880 815 1986 quodam
835 1879 911 1956 alio
930 1878 1105 1987 bergerio
1126 1877 1227 1955 dicte
1252 1877 1391 1955 domus
1409 1875 1478 1983 qui
1497 1875 1699 1954 vocabatur
1716 1876 1781 1954 Pe

343 2029 441 2104 trus,
466 2031 555 2091 sunt
580 2039 683 2092 ssuu
708 2012 797 2090 anni
817 2010 878 2090 vel
906 2012 1015 2089 circa.
1037 2009 1211 2088 Plurium
1236 2007 1523 2116 recepcionibus
1548 2036 1626 2086 non
1643 2008 1781 2089 recolit

342 2172 382 2220 se
409 2141 648 2234 interfuisse,
677 2161 720 2222 ut
742 2143 846 2221 dixit.
872 2143 1089 2250 Requisitus
1120 2143 1254 2219 iterato
1271 2142 1302 2218 si
1331 2139 1452 2218 credit
1467 2140 1574 2246 quod
1596 2140 1636 2215 in
1654 2169 1781 2246 recep

343 2274 517 2353 cionibus
549 2273 711 2354 aliorum
746 2275 806 2352 vel
836 2276 1097 2381 predictorum
1125 2274 1184 2353 vel
1217 2292 1304 2382 post
1334 2274 1620 2352 intervenerunt
1651 2274 1779 2381 aliqua

344 2404 488 2495 illicita,
516 2407 713 2514 respondit
731 2435 772 2485 se
792 2409 924 2515 pocius
956 2406 1109 2486 credere
1134 2407 1241 2513 quod
1258 2435 1337 2484 non
1356 2407 1643 2484 intervenerrmt
1662 2436 1777 2512 quam

342 2538 585 2617 contrarium.
616 2538 734 2629 Item,
771 2539 865 2616 dixit
891 2539 998 2646 quod
1028 2538 1128 2617 bene
1158 2537 1338 2617 credebat
1366 2538 1626 2617 ecclesiasticis
1655 2568 1777 2616 sacra-

344 2669 502 2757 mentis,
531 2686 572 2747 et
595 2670 715 2747 credit
738 2670 844 2777 quod
858 2670 920 2748 alii
942 2669 1074 2748 fratres
1097 2670 1244 2748 ordinis
1265 2670 1403 2748 eodem
1421 2671 1540 2749 modo
1558 2670 1774 2758 crederent,

343 2815 381 2873 et
394 2800 500 2904 quod
524 2828 658 2879 eorum
683 2801 895 2880 sacerdotes
916 2801 1043 2878 debite
1069 2800 1314 2878 celebrarent.
1343 2802 1478 2879 Statim
1504 2830 1576 2907 pro
1599 2799 1777 2909 professis

340 2927 590 3011 habebantur.
615 2929 797 3010 turabant
826 2932 1000 3010 ordinem
1025 2959 1105 3009 non
1130 2932 1242 3008 exire.
1268 2930 1511 3010 Clandestine
1541 2931 1777 3038 recipieban-

340 3077 414 3150 tur,
440 3063 557 3142 nullis
577 3061 816 3170 presentibus
833 3063 905 3138 nisi
926 3061 1103 3140 fratribus
1133 3062 1290 3141 ordinis.
1317 3062 1496 3142 Cordulis
1526 3063 1777 3172 cingebantur

341 3195 542 3300 assumptis
575 3194 679 3271 unde
708 3190 887 3271 volebant
905 3222 1018 3299 supra
1039 3194 1209 3272 camisias
1234 3224 1322 3271 cum
1347 3196 1488 3301 quibus
1506 3196 1694 3303 jacebant.
1715 3198 1773 3276 In·

336 3321 569 3429 jungebatur
589 3323 644 3400 eis
659 3324 698 3400 in
713 3324 890 3430 gencrale
906 3325 1014 3431 quod
1027 3353 1106 3401 non
1125 3325 1334 3404 revelarent
1348 3344 1491 3405 secreta
1505 3327 1771 3433 capitulorum,

260 3452 267 3462 ’
341 3481 419 3530 non
444 3453 617 3532 faciendo
640 3453 841 3559 specialem
869 3456 1110 3534 mencionem
1133 3456 1182 3533 de
1205 3458 1324 3536 modo
1344 3458 1591 3564 recepcionis,
1616 3474 1655 3537 et
1679 3460 1774 3539 dice·

340 3582 452 3663 batur
470 3584 526 3663 eis
538 3585 641 3691 quod
657 3585 687 3663 si
710 3586 933 3676 revelarent,
955 3588 1161 3694 perderent
1174 3587 1362 3666 habitum.
1379 3589 1636 3670 Eleemosinas
1652 3610 1691 3669 et
1705 3594 1773 3672 ho·

283 3800 290 3813 ,
339 3715 580 3825 spitalitatem
595 3716 688 3794 vidit
706 3718 972 3796 convenienter
991 3719 1074 3798 fieri
1094 3737 1133 3799 et
1150 3722 1285 3798 servari
1306 3722 1344 3797 in
1364 3722 1546 3801 domibus
1565 3724 1710 3803 ordinis
1732 3728 1771 3804 in

93 3892 99 3899 ·
236 3906 297 3971 ᾖ,
336 3845 478 3957 quibus
493 3845 633 3962 exstitit
647 3866 918 3936 commoratus,
937 3867 975 3928 et
989 3851 1228 3930 reservabant
1242 3851 1391 3933 bonum
1410 3856 1540 3933 vinum
1559 3885 1629 3962 pro
1644 3857 1772 3937 loren-

54 3966 60 3975 ’
336 3976 455 4061 sibus.
481 3978 762 4087 Precipiebatur
785 3981 841 4060 eis
861 3980 966 4087 quod
986 3982 1280 4103 debitisimodis,
1304 3987 1373 4064 sed
1393 4016 1472 4066 non
1492 3988 1689 4078 indebitis,
1712 4020 1770 4068 ac-

335 4112 533 4222 quirerent
566 4113 705 4192 ordini.
739 4112 928 4218 Capitulia
951 4112 1153 4221 singuffia
1178 4117 1321 4223 quibus
1345 4117 1516 4197 interluit
1536 4121 1630 4199 vidit
1649 4125 1769 4201 teneri

338 4245 386 4324 de
406 4246 486 4334 die,
503 4245 632 4353 januis
650 4245 804 4336 clausis,
826 4244 943 4323 nullis
957 4247 1195 4353 presentibus
1217 4250 1289 4328 nisi
1313 4251 1492 4331 fratribus
1516 4253 1681 4342 ordinis,
1703 4256 1769 4362 qui
1824 4263 1828 4271 ⁴

337 4393 517 4454 servasset
549 4376 655 4483 quod
689 4404 847 4484 magnus
878 4377 1052 4486 Magister
1091 4408 1180 4458 cum
1216 4399 1402 4461 conventu
1427 4384 1626 4462 statuisset.
1662 4385 1769 4462 Nunc

336 4507 491 4612 grandia
516 4506 706 4595 scandala,
732 4507 893 4613 suspicio
918 4526 958 4588 et
978 4509 1130 4591 infamia
1157 4530 1246 4591 sunt
1267 4529 1393 4593 exorta
1421 4534 1551 4594 contra
1572 4516 1765 4604 ordinem,

336 4637 384 4713 ad
405 4637 511 4744 cujus
531 4636 803 4719 deffensionem
826 4669 865 4718 se
890 4640 1081 4721 obtulerat
1101 4672 1176 4720 una
1196 4674 1283 4724 cum
1300 4645 1399 4735 aliis,
1421 4664 1550 4725 contra
1568 4677 1684 4754 quem
1702 4677 1768 4725 au·

336 4767 429 4845 divit
449 4769 522 4849 dici
543 4798 722 4877 magnum
743 4773 963 4880 Magistrum
981 4793 1020 4853 et
1034 4776 1128 4853 alios
1148 4776 1273 4884 aliqua
1289 4778 1478 4858 confessos
1492 4779 1624 4869 fuissez
1644 4796 1681 4857 et
1695 4778 1768 4858 fuit
1826 4811 1827 4814 ¹

228 5004 233 5014 Ι
336 4898 373 4976 io
408 4899 650 5008 deposicioue
678 4930 750 4984 sua
780 4921 1010 5010 protestatus
1034 4896 1140 5013 quod
1165 4937 1244 4990 non
1281 4909 1503 5022 intendebat
1531 4911 1710 4990 recedere
1747 4937 1768 4987 a
