4236 5948
349 506 419 584 ret
470 533 476 547 ·
736 491 929 583 proces
956 507 1051 581 ors
1076 508 1373 584 rrurnrnus.

344 653 406 738 do,
419 668 670 758 contraquem
683 647 1766 758 nuncgrandiascandala,suspiciostinlami'asuntexorta‚

344 798 383 859 et
392 798 521 860 contre
534 808 649 887 quem
665 777 786 858 dictus
800 778 977 886 Magister
988 795 1026 856 et
1042 777 1105 856 alii
1122 777 1301 859 dicuntur
1316 779 1440 887 aliqua
1457 779 1572 861 fuisse
1588 785 1767 878 confessu

344 915 391 990 ad
411 915 517 1022 cujus
535 911 679 990 ordinis
695 908 966 988 deffensionem
984 938 1024 988 se
1042 937 1119 989 non
1135 905 1334 989 obtulerat.
1716 1020 1722 1031 .

399 1043 615 1149 Requisitus
632 1041 662 1119 si
677 1040 729 1116 sic
741 1040 967 1146 deposuerat
979 1068 1107 1147 prece,
1119 1049 1315 1148 precepto,
1333 1042 1488 1136 timore,
1500 1073 1645 1140 amore,
1662 1047 1766 1139 odio,

346 1173 401 1251 vel
417 1171 615 1279 temporali
626 1170 786 1249 comodo
807 1169 936 1247 habito
953 1170 1012 1249 vel
1027 1170 1223 1260 babendo,
1245 1172 1441 1279 respondit
1460 1176 1566 1280 quod
1585 1203 1683 1269 non,
1699 1166 1773 1256 sed

343 1333 412 1410 pro
430 1305 581 1380 veritate
601 1300 781 1391 dicenda;
803 1300 864 1377 cui
887 1299 957 1377 fuit
986 1300 1199 1408 injunctum
1223 1303 1328 1409 quod
1356 1329 1432 1380 non
1462 1304 1644 1383 revelaret
1672 1307 1770 1387 banc

342 1463 449 1512 suam
470 1431 768 1540 deposicionem,
785 1458 986 1538 quousque
1002 1431 1260 1509 attestaciones
1278 1430 1420 1510 luerint
1439 1433 1641 1539 publicate.

398 1552 487 1642 leta
505 1561 660 1640 brcrunt
673 1561 743 1638 hec
760 1560 870 1638 dictis
884 1561 946 1638 die
967 1578 1006 1639 et
1027 1561 1130 1653 loco,
1153 1561 1392 1667 presentibus·
1404 1564 1580 1671 magistro
1599 1565 1767 1659 Amisio,

343 1722 403 1771 me
420 1693 672 1771 Floriamonte
686 1691 907 1783 Dondedei,
926 1707 964 1770 et
978 1691 1060 1770 aliis
1077 1692 1232 1771 notariis
1246 1719 1358 1798 supra
1372 1692 1508 1773 ultimo
1523 1695 1739 1774 nominatis.

399 1959 488 2036 Post
513 1957 602 2048 hec,
624 1955 685 2033 die
711 1956 886 2034 Mercurii
913 1955 1103 2062 sequenti,
1129 1983 1205 2063 que
1230 1955 1302 2034 luit
1330 1956 1411 2035 dies
1429 1981 1480 2035 vu
1508 1956 1596 2034 dicti
1626 1960 1770 2038 mensis

344 2087 487 2195 aprilis,
517 2085 590 2162 luit
607 2085 794 2164 adductus
817 2087 865 2163 ad
891 2086 1122 2193 presenciam
1147 2086 1372 2164 eorumdem
1397 2086 1639 2165 dominorum
1664 2116 1769 2166 com-

344 2217 617 2306 missariorum,
646 2216 685 2293 in
711 2216 826 2294 domo
855 2215 1020 2322 predicta
1049 2204 1193 2293 domini
1223 2216 1323 2294 Petri
1349 2217 1397 2292 de
1429 2216 1632 2311 Sabaudia,
1654 2215 1770 2295 frater

343 2345 573 2430 Guillelmus
593 2347 640 2423 de
666 2345 826 2454 Plexeyo
850 2346 1031 2438 serviens,
1058 2346 1296 2424 Ebroiccnsis
1317 2345 1496 2436 diocesis,
1522 2347 1628 2425 testis
1656 2376 1768 2455 supra

338 2483 501 2587 juratus,
521 2491 562 2553 ut
577 2474 785 2582 deponeret
799 2475 943 2554 dictum
959 2504 1089 2565 suum,
1104 2475 1448 2584 quinquagenarius
1463 2475 1521 2553 vel
1534 2476 1647 2569 circa,
1663 2506 1770 2556 man-

341 2609 476 2688 tellum
495 2606 640 2684 ordinis
663 2623 702 2683 et
726 2606 882 2685 barbam
903 2605 1108 2695 defferens,
1130 2605 1326 2685 absolutus
1347 2623 1386 2684 et
1412 2606 1674 2685 reconciliatus
1698 2635 1769 2715 per

344 2739 542 2818 dominum
571 2736 893 2843 archiepiscopum
918 2738 1211 2828 Turonensem,
1230 2735 1296 2842 qui
1321 2736 1563 2842 inquisiverat
1584 2765 1671 2814 cum
1702 2765 1769 2816 eo-

343 2871 450 2958 dem;
469 2886 508 2946 et
526 2866 798 2974 protestacione
818 2866 997 2973 premissa
1016 2866 1121 2974 quod
1141 2893 1218 2945 non
1235 2866 1400 2945 intendit
1415 2867 1592 2945 recedere
1612 2894 1634 2943 a
1652 2866 1770 2974 depo-

343 3000 482 3079 sicione
499 3025 568 3104 per
586 3025 675 3075 eum
702 2995 797 3074 lacta
824 3025 947 3075 coram
978 2996 1078 3075 dicto
1098 2994 1256 3074 domino
1279 2995 1577 3104 archiepiscopo,
1598 2996 1705 3075 lectis
1731 3016 1770 3075 et

344 3130 545 3237 diligenter
563 3127 740 3234 expositis
763 3125 834 3202 sibi
855 3125 1033 3204 omnibus
1060 3143 1097 3203 et
1122 3125 1281 3234 singulis
1299 3124 1484 3216 articulis,
1513 3126 1708 3233 respondit
1726 3155 1769 3205 se

345 3258 506 3345 nescire,
528 3284 596 3333 nec
613 3255 784 3347 credere,
805 3283 876 3332 nec
889 3255 1073 3334 audivisse
1092 3255 1165 3333 dici
1180 3253 1228 3332 de
1241 3255 1427 3333 contentis
1441 3249 1550 3333 ineis
1567 3257 1639 3334 nisi
1663 3258 1769 3363 quod

346 3388 515 3495 sequitur
527 3418 536 3464 ε
549 3386 652 3465 Dixit
670 3411 835 3490 namque
851 3385 892 3463 se
910 3382 1024 3462 luisse
1039 3400 1234 3490 receptum
1250 3385 1291 3461 in
1309 3384 1450 3490 capella
1466 3385 1604 3463 domus
1616 3385 1769 3493 Templi

344 3517 391 3595 de
417 3515 555 3594 Arvilla
575 3514 816 3595 Cernotensis
836 3514 1014 3604 diocesis,
1035 3513 1076 3591 in
1096 3515 1262 3621 presenti
1282 3515 1593 3622 Quadragessima
1612 3514 1770 3594 luerunt

344 3645 490 3724 circiter
501 3672 561 3724 ur
581 3644 689 3736 anni,
710 3672 779 3751 per
796 3642 949 3722 srstrem
963 3644 1213 3725 Guillelmum
1234 3646 1357 3726 Gandi
1376 3646 1536 3724 militem
1553 3645 1778 3759 quondam,

344 3793 432 3853 tunc
444 3792 704 3883 preceptorem
717 3774 881 3853 baillivie
894 3775 1151 3866 Carnotcnsis,
1167 3775 1405 3883 presentibus
1415 3774 1591 3853 fratribus
1601 3775 1769 3854 Roberto

344 3904 537 3995 Grunbet,
559 3906 751 4012 Stephano
776 3906 896 3993 Besci,
918 3904 1121 3996 militibus,
1151 3923 1189 3984 et
1212 3906 1403 4013 Stephano
1432 3907 1478 3982 de
1503 3904 1660 4014 Plexeyo
1690 3931 1771 3982 ser·

343 4035 484 4125 viente,
504 4034 726 4127 deffunctis,
746 4035 787 4112 in
805 4036 907 4112 hunc
929 4036 1089 4113 modum
1106 4067 1116 4112 ε
1136 4062 1224 4112 nem
1243 4064 1331 4113 cum
1354 4036 1607 4143 requisivisset
1629 4060 1768 4140 panem

345 4182 383 4242 et
396 4193 530 4273 eqrram
550 4165 713 4256 ordinis,
735 4180 774 4241 et
789 4181 959 4271 receptor
977 4165 1012 4242 ei
1029 4165 1285 4255 concessisset,
1305 4165 1395 4243 lecit
1413 4193 1502 4243 eum
1516 4165 1645 4273 jurare
1663 4147 1768 4271 quod

247 4388 251 4395 .
344 4311 504 4372 servaret
519 4295 642 4373 bonos
661 4322 753 4373 usus
767 4312 804 4371 et
821 4294 941 4372 bonas
955 4294 1271 4387 consuetudines,
1290 4294 1514 4373 elemosinas
1528 4311 1570 4371 et
1584 4292 1685 4370 bona
1707 4320 1771 4370 or·

345 4422 458 4516 dinis,
475 4442 513 4502 et
526 4453 658 4504 vovere
672 4425 895 4519 castitatem,
912 4425 1191 4514 obedienciam,
1208 4442 1247 4502 et
1258 4424 1378 4503 vivere
1394 4425 1475 4502 sine
1489 4422 1656 4531 proprio.
1671 4421 1769 4499 Ante

344 4570 469 4629 tamen
490 4555 632 4633 dictum
646 4555 907 4662 juramentum
934 4572 972 4634 et
996 4575 1141 4645 votum,
1162 4556 1392 4662 imposuerat
1419 4554 1491 4632 sibi
1522 4550 1766 4642 mantellum,

346 4699 384 4758 et
402 4683 540 4762 lecerat
565 4714 653 4765 eum
674 4686 834 4765 osculari
853 4687 1065 4795 ymaginem
1086 4684 1263 4765 Crucilixi
1291 4686 1330 4762 in
1350 4687 1517 4794 quodam
1542 4682 1640 4761 libro
1660 4680 1769 4788 depi-

346 4830 442 4889 ctam
457 4829 497 4890 et
510 4842 660 4894 crucem
674 4815 853 4904 mantelii,
867 4831 906 4894 et
916 4833 1087 4922 receptor
1097 4833 1133 4893 et
1147 4841 1279 4893 omnes
1289 4815 1421 4893 fratres
1434 4830 1595 4892 astantes
1608 4809 1767 4890 osculati
