4236 5948
361 528 410 601 oo
699 530 701 535 ·
748 496 947 595 enonas
972 518 1068 591 nas
1095 515 1395 590 rnnrnrans.

360 667 523 755 ordinis,
546 679 584 741 et
605 690 826 768 responsum
852 663 885 737 ei
913 660 1043 738 fuisset
1060 659 1164 766 quod
1187 657 1287 735 bene
1311 655 1557 743 deliberaret,
1571 661 1657 763 quia
1678 685 1784 762 opor-

253 816 256 822 '
361 815 459 874 teret
483 824 571 873 eum
592 824 612 872 a
632 824 671 872 se
699 794 871 870 abdicare
893 791 1083 898 propriam
1107 790 1339 867 voluntatem
1360 806 1397 865 et
1418 787 1553 896 subjici
1577 787 1720 874 aliene,
1747 805 1784 864 et

362 928 481 1003 multa
502 927 595 1001 dura
619 943 655 1000 et
678 953 806 1029 aspera
831 923 1033 1010 sustinere3
1056 919 1218 996 finaliter
1244 937 1330 996 curn
1359 919 1480 996 dictus
1499 937 1670 1025 receptor
1692 918 1785 995 deli·

350 1057 526 1149 ,berasset
546 1083 633 1130 eum
656 1054 837 1159 recipere,
861 1054 1003 1157 poscito
1024 1051 1070 1126 ab
1091 1080 1136 1126 eo
1155 1051 1234 1126 sine
1250 1051 1467 1158 juramento
1488 1049 1592 1153 quod
1609 1076 1684 1124 non
1708 1067 1786 1125 erat
1831 1048 1833 1052 '

361 1187 503 1264 servilis
529 1184 779 1272 condicionis,
809 1212 878 1259 nec
905 1183 1263 1272 excommunicatus,
1291 1209 1359 1256 nec
1384 1179 1646 1268 matrimonio,
1678 1180 1783 1257 alteri

316 1331 321 1342 '
359 1317 531 1422 religioni
557 1343 625 1390 nec
649 1313 879 1419 debitisque
901 1341 976 1389 non
997 1327 1123 1417 posset
1142 1310 1283 1387 solvere
1304 1310 1507 1415 obligatus,
1533 1339 1602 1387 nec
1624 1311 1786 1388 habebat

361 1445 618 1522 infirmitatem
641 1445 836 1531 latentem,
861 1443 948 1518 lecit
976 1472 1063 1519 eum
1082 1469 1213 1517 vovere
1238 1459 1275 1517 et
1292 1441 1420 1549 jurare
1448 1442 1668 1529 castitatem,
1693 1442 1784 1519 obe·

361 1576 566 1664 dienciam,
588 1576 709 1651 vivere
730 1574 810 1650 sine
832 1574 1001 1680 proprio,
1028 1590 1064 1647 et
1087 1600 1230 1648 servare
1250 1571 1373 1648 bonos
1389 1600 1479 1648 usus
1503 1589 1540 1647 et
1558 1571 1675 1649 bonas
1696 1601 1785 1649 con-

361 1707 580 1782 suetudines
603 1706 668 1810 qui
691 1723 782 1780 ωηο
807 1722 911 1780 erant
938 1704 974 1780 in
1002 1703 1153 1790 ordine,
1184 1722 1221 1778 et
1249 1702 1374 1808 quiin
1404 1720 1597 1806 posterum
1614 1702 1786 1808 impone·

362 1854 493 1912 rentur
512 1864 597 1911 cum
620 1835 777 1911 consilio
799 1833 1005 1940 proborum
1031 1834 1194 1920 ordinis;
1225 1851 1262 1909 et
1286 1833 1463 1938 imposito
1490 1833 1560 1910 sibi
1587 1832 1785 1920 mantello,

362 1983 533 2072 receptor
553 1983 590 2042 et
610 1965 706 2042 alius
725 1964 834 2042 miles
855 1964 1008 2041 luerunt
1029 1993 1115 2040 enm
1141 1962 1295 2041 osculati
1317 1965 1356 2038 in
1378 1991 1461 2052 ore;
1484 1980 1521 2040 et
1541 1991 1585 2039 eo
1605 1964 1786 2041 instructo

362 2113 456 2202 quot
475 2098 588 2174 Pater
604 2112 719 2174 noster
736 2124 804 2201 pro
825 2095 929 2172 horis
951 2095 1029 2171 suis
1052 2096 1194 2173 diceret
1215 2112 1252 2170 et
1271 2094 1432 2200 qualiter
1452 2122 1490 2171 se
1515 2095 1553 2169 in
1578 2093 1710 2170 ordine
1730 2122 1788 2170 re-

362 2244 482 2331 geret,
499 2244 751 2313 recesserunt3
769 2246 806 2302 et
825 2255 892 2331 per
907 2226 1071 2303 eundem
1089 2227 1246 2303 modum
1268 2226 1360 2303 vidit
1383 2226 1497 2332 recipi
1519 2225 1785 2330 infrascriptos,

362 2355 535 2434 videlicet
551 2356 681 2433 fratres
693 2356 955 2435 Guaulredum
967 2356 1135 2435 Goumar
1150 2357 1309 2434 militem
1331 2357 1523 2464 quondam
1540 2357 1788 2434 Xantonensis

362 2486 538 2575 diocesis,
568 2506 605 2563 et
632 2489 842 2564 lohannem
869 2487 915 2564 de
941 2490 1083 2577 lluans,
1109 2505 1243 2566 testem
1270 2517 1381 2595 supra
1403 2488 1572 2597 juratum
1599 2486 1666 2563 sed
1693 2516 1787 2562 non-

364 2617 455 2692 dum
482 2617 749 2708 examinatum,
781 2619 1003 2695 servientem
1027 2618 1211 2710 similiter,
1237 2619 1331 2696 circa
1359 2619 1500 2696 instans
1529 2618 1666 2694 festum
1687 2616 1786 2693 beati

362 2746 530 2823 Barnahe
550 2765 659 2824 erunt
684 2776 731 2825 xn
754 2748 841 2823 anni
858 2749 916 2824 vel
929 2749 1041 2836 circa,
1067 2749 1106 2824 in
1121 2747 1262 2854 capella
1277 2749 1414 2826 domus
1432 2748 1580 2855 Templi
1601 2749 1647 2825 de
1663 2748 1786 2835 Ouso,

363 2905 430 2981 per
454 2876 606 2954 fratrem
632 2878 784 2954 Petrum
806 2881 853 2954 de
874 2877 1077 2956 Villaribus
1097 2880 1308 2985 quondam,
1333 2897 1424 2955 tunc
1452 2896 1712 2985 preceptorem
1730 2880 1790 2955 Pi·

363 3008 498 3097 ctavie,
527 3007 766 3113 presentibus
795 3007 973 3084 fratribus
1002 3007 1209 3086 Guillelmo
1242 3009 1317 3086 deu
1344 3009 1455 3116 Liege
1486 3027 1704 3117 preceptore
1741 3010 1789 3085 de

363 3137 536 3242 Rupella,
561 3155 656 3215 teste
676 3167 788 3243 supra
814 3139 1038 3237 examinato,
1067 3140 1177 3216 Petro
1199 3139 1246 3216 de
1271 3140 1436 3216 Turonis
1456 3158 1493 3216 et
1512 3140 1719 3218 Guillelmo
1741 3140 1788 3215 de

362 3266 486 3357 Blere,
502 3269 567 3374 qui
581 3268 819 3345 detinebatur
835 3268 936 3374 apud
948 3267 1165 3375 Caynonem
1183 3271 1408 3350 Pictavensis
1430 3271 1606 3362 diocesis,
1621 3270 1788 3350 Gerardo

364 3397 411 3472 de
429 3398 664 3506 Anguihaco,
685 3399 774 3475 alias
793 3400 1056 3506 cognominato
1078 3400 1240 3490 Judicis,
1259 3418 1355 3479 teste
1373 3419 1457 3479 ante
1483 3404 1536 3479 eri
1561 3403 1787 3486 examinato,

364 3543 402 3601 et
418 3527 593 3633 pluribus
605 3529 696 3606 aliis.
719 3529 823 3607 Vidit
835 3531 951 3606 eciam
967 3531 1082 3636 recipi
1096 3531 1246 3616 fratrem
1259 3533 1523 3624 Salomonem,
1540 3532 1789 3639 presbiterum

363 3658 413 3734 de
428 3658 629 3748 Xantonia,
653 3660 760 3767 cujus
777 3688 985 3769 cognomen
1002 3663 1162 3770 ignorat,
1186 3691 1299 3768 quern
1320 3664 1440 3740 credit
1455 3663 1575 3741 vivere
1594 3663 1632 3739 in
1650 3662 1791 3770 capella

366 3785 503 3865 domus
522 3789 672 3895 Templi
696 3791 742 3866 de
768 3791 912 3896 Campo
933 3790 1080 3871 Gilonis
1103 3793 1326 3871 Pietavensis
1352 3794 1525 3882 diocesis,
1549 3823 1618 3900 per
1638 3793 1789 3871 fratrem

365 3916 614 3997 Guillelmum
639 3923 687 3999 de
715 3921 824 3999 Blere
850 3942 1110 4029 preceptorem
1137 3926 1236 4002 dicte
1266 3926 1418 4015 domus,
1445 3926 1484 4001 in
1516 3925 1669 4002 instanti
1694 3922 1791 4002 sesto

364 4051 568 4128 Remorum
593 4051 805 4158 palmorum
835 4071 946 4131 erunt
968 4082 990 4132 x
1016 4058 1103 4132 anni
1128 4057 1185 4134 vel
1210 4057 1320 4147 circa,
1337 4057 1591 4163 ,presentibus
1615 4055 1792 4132 fratribus

366 4181 532 4260 Roberto
556 4183 604 4260 de
628 4185 784 4273 Chesat,
813 4203 851 4261 et
867 4184 1096 4291 quibusdam
1122 4187 1204 4265 aliis
1224 4188 1272 4266 de
1292 4217 1456 4294 quorum
1476 4187 1695 4265 nominibus
1714 4215 1791 4265 non

366 4313 709 4392 recordatur.Vidit
728 4315 846 4392 eciam
867 4317 983 4423 recipi
1004 4317 1158 4395 insimul
1173 4318 1304 4396 fratres
1316 4320 1468 4396 Petrum
1485 4319 1533 4402 de
1544 4319 1792 4397 Chastanhata

364 4441 683 4550 Engolismensis,
712 4463 749 4522 et
775 4447 983 4524 Robertum
1009 4448 1046 4524 lo
1067 4449 1289 4527 Chamalent
1312 4449 1610 4537 Aurelianensis,
1640 4467 1683 4527 ut
1711 4478 1791 4527 cre·

366 4571 439 4659 dit,
461 4573 685 4667 diocesium,
707 4578 909 4656 servientes
924 4579 1150 4669 dellunctos,
1168 4581 1206 4656 in
1226 4579 1367 4688 capella
1388 4581 1525 4659 domus
1546 4581 1594 4658 de
1614 4581 1791 4685 Espaucis

365 4700 588 4781 Pictavensis
607 4705 783 4800 diocesis,
805 4739 874 4815 per
896 4709 1046 4787 fratrem
1068 4712 1221 4792 Petrum
1244 4711 1292 4788 de
1314 4711 1462 4790 Modico
1485 4711 1646 4790 militem
1667 4738 1791 4819 quon-

366 4830 470 4922 dam,
501 4849 591 4910 tunc
620 4834 745 4915 locum
773 4856 968 4918 tenentem
995 4840 1207 4931 visitatoris,
1237 4861 1358 4921 erunt·
1372 4869 1431 4921 run
1459 4843 1516 4921 vel
1536 4869 1611 4922 xxn
1637 4841 1725 4920 anni
1750 4842 1788 4919 in
