4236 5948
477 556 550 631 [152
864 541 1059 630 Pnocts
1086 556 1181 628 DES
1207 555 1505 626 TEMPLIERS.

512 697 589 774 dd
604 695 759 773 xl—xlv
779 697 953 773 articulos
975 696 1153 773 inclusive
1171 695 1369 803 diligenter
1390 713 1427 772 et
1441 692 1630 801 sigillatim
1648 692 1900 798 interrogatus

476 858 590 934 snper
609 828 765 934 singulis
781 827 962 915 articulis,
990 825 1134 933 negavit
1159 826 1260 932 ipsos
1284 827 1460 904 articulos
1489 841 1525 901 et
1544 821 1670 900 omnia
1694 837 1733 898 et
1751 822 1900 931 singula

476 977 649 1036 contenta
670 989 708 1033 m
726 987 790 1034 ers.

533 1089 590 1166 Ad
610 1088 780 1167 xlvr-et
792 1088 893 1163 lxxrn
908 1087 1085 1177 articulos
1103 1085 1281 1163 inclusive
1298 1086 1497 1193 diligenter
1509 1086 1757 1191 interrogatus
1773 1086 1899 1192 singu-

477 1218 605 1295 lariter
624 1235 662 1294 et
676 1218 865 1323 sigillatim
881 1245 993 1322 super
1012 1216 1167 1323 singulis
1183 1216 1366 1304 articulis,
1384 1217 1529 1322 negarit
1546 1216 1647 1320 ipsos
1666 1205 1843 1292 articulos
1861 1233 1899 1292 et

477 1349 602 1425 omnia
619 1364 656 1423 et
675 1348 821 1454 singula
842 1365 1017 1425 contenta
1038 1348 1171 1440 ineis,
1189 1347 1288 1423 salvo
1309 1364 1347 1423 et
1367 1364 1520 1452 excepto
1536 1346 1640 1452 quod
1661 1345 1793 1424 fratres
1809 1347 1897 1423 dicti

477 1477 620 1555 ordinis
643 1494 792 1582 portant
820 1478 996 1554 continue
1027 1494 1065 1553 et
1092 1477 1321 1553 incessanter
1350 1474 1524 1552 cordulas
1546 1475 1664 1552 lineas
1689 1475 1746 1553 vel
1773 1475 1900 1555 laneas

477 1636 591 1714 super
616 1608 804 1684 camisiam
825 1608 863 1683 in
892 1609 1040 1714 signum
1065 1609 1240 1684 castitatis
1264 1624 1302 1683 et
1327 1606 1519 1713 religionis
1539 1622 1723 1711 perpetuo
1751 1634 1900 1684 conser-

475 1739 606 1815 vande.
629 1739 729 1816 Dixit
753 1756 879 1815 tamen
900 1738 1004 1845 quod
1025 1768 1111 1815 cum
1132 1738 1241 1815 dictis
1259 1737 1425 1815 cordulis
1447 1736 1557 1844 ydola
1579 1735 1704 1842 aliqua
1720 1763 1798 1812 non
1817 1754 1900 1813 tan-

475 1885 617 1975 guntur
634 1897 703 1945 nec
720 1868 922 1975 cinguntur
941 1867 986 1944 ab
1008 1867 1092 1944 illis.
1108 1871 1201 1945 Item
1222 1866 1412 1944 consessus
1427 1883 1484 1943 est
1500 1866 1605 1973 quod
1621 1865 1661 1942 in
1678 1867 1898 1972 recepcionc
1927 1887 1929 1890 ’

477 1999 678 2106 cujuslibet
706 1998 862 2075 fratrum
890 1998 1100 2105 injungitur
1129 1999 1183 2074 eis
1212 2026 1279 2104 per
1301 2027 1321 2073 a
1343 2026 1382 2074 se
1413 1997 1612 2103 prestitum
1638 1998 1898 2105 juramentum

477 2129 581 2236 quod
600 2158 706 2206 suam
722 2129 979 2235 recepcionem
996 2128 1091 2204 nulli
1105 2128 1269 2205 debeant
1288 2127 1470 2217 revelare,
1488 2157 1557 2204 nec
1577 2128 1694 2204 eciam
1715 2129 1900 2206 auderent

477 2259 580 2366 loqui
610 2289 695 2336 cum
716 2260 798 2337 aliis
819 2259 995 2338 fratribus
1020 2260 1189 2367 ejusdem
1206 2259 1350 2335 ordinis
1372 2261 1529 2366 quinon
1555 2258 1809 2336 interfuerunt
1827 2261 1897 2367 ipsi

477 2389 641 2496 capitulo
661 2391 709 2466 de
729 2389 918 2496 aliquibus
938 2390 1046 2466 dictis
1062 2388 1121 2465 vel
1139 2389 1254 2496 gestis
1278 2389 1317 2464 in
1339 2390 1420 2494 ipso
1440 2389 1625 2494 capitulo,
1648 2405 1686 2464 et
1712 2389 1786 2466 hoc
1808 2390 1900 2468 dixit

478 2547 557 2598 esse
582 2521 769 2625 scriptum
801 2537 839 2597 et
865 2519 1098 2610 ordinatum,
1124 2519 1222 2596 sicut
1242 2518 1379 2610 credit,
1414 2519 1453 2595 in
1479 2518 1577 2596 libro
1608 2534 1833 2599 statutorum
1862 2540 1899 2599 et

477 2649 606 2757 regule
627 2650 770 2728 ordinis
787 2651 1002 2757 supradicti.

499 2845 502 2849 .
533 2781 591 2857 Ad
609 2780 724 2859 lxxrm
745 2782 946 2859 articulum
965 2782 1236 2889 interrogatus,
1259 2783 1352 2860 dixit
1378 2800 1415 2859 et
1438 2781 1635 2889 respondit
1653 2800 1767 2886 prout
1785 2812 1900 2891 super

478 2912 612 2990 eodem
640 2912 796 2990 articulo
823 2913 1000 3020 loquente
1029 2913 1075 2989 de
1105 2911 1338 2991 consessione
1365 2930 1603 3018 peccatorum
1632 2912 1800 2991 facienda
1826 2915 1897 2992 nisi

476 3041 566 3121 solis
585 3043 761 3121 fratribus
779 3043 997 3150 presbiteris
1018 3043 1107 3120 dicti
1128 3044 1284 3120 ordinis.
1307 3044 1393 3136 Que
1409 3042 1566 3150 quidem
1591 3042 1784 3148 responsio
1804 3043 1898 3122 sacta

475 3173 547 3250 fuit
567 3203 639 3250 ase
659 3202 772 3281 super
791 3202 890 3251 xxmr
906 3174 1061 3251 articulo
1082 3203 1203 3281 supra.
1279 3236 1286 3251 .

533 3306 591 3382 Ad
604 3306 698 3395 lxxv,
721 3305 817 3386 lxxvr
838 3324 876 3382 et
892 3306 1004 3384 lxxvn
1027 3306 1205 3382 articulos
1224 3305 1400 3384 inclusive
1429 3305 1627 3412 diligenter
1648 3305 1898 3414 interrogatus

476 3434 715 3543 singulariter
733 3454 770 3513 et
789 3435 990 3542 sigillatim,
1013 3436 1112 3541 ipsos
1129 3435 1305 3512 articulos
1323 3453 1361 3512 et
1380 3435 1506 3511 omnia
1522 3452 1560 3513 ot
1572 3435 1717 3542 singula
1728 3452 1897 3514 contenta

475 3566 620 3671 negavit
635 3566 674 3641 in
695 3566 765 3656 eis;
783 3565 946 3642 adiciens
966 3593 1005 3642 se
1022 3594 1092 3642 nec
1108 3565 1201 3646 scire
1220 3594 1289 3641 nec
1304 3567 1456 3642 credere
1468 3566 1575 3673 quod
1585 3594 1731 3644 errores
1740 3568 1897 3672 predicti

441 3775 443 3780 ,
476 3695 550 3772 sint
576 3695 634 3772 vel
657 3726 823 3804 unquam
845 3696 985 3774 suerint
1012 3695 1053 3771 in
1080 3695 1212 3773 ordine
1233 3697 1467 3802 supradicto,
1488 3713 1526 3774 et
1549 3696 1636 3773 ideo
1663 3697 1898 3774 correccione

475 3855 553 3905 non
563 3845 687 3904 carent
698 3856 768 3904 nec
781 3844 990 3916 caruerunt,
1003 3854 1073 3904 nec
1083 3825 1375 3904 denunciacione
1391 3826 1580 3904 dictorum
1592 3854 1764 3904 errorum
1774 3845 1898 3906 sancte

474 3959 544 4036 Dei
567 3959 730 4037 Ecclesie
752 3959 933 4035 facienda.

530 4089 587 4167 Ad
617 4089 761 4179 lxxvnx,
790 4090 905 4176 lxxxx,
934 4090 1016 4166 lxxx
1045 4107 1083 4165 et
1108 4090 1202 4166 lxxxx
1233 4088 1409 4189 articulos
1435 4087 1612 4166 inclusive
1633 4088 1835 4195 diligenter
1862 4110 1899 4167 ct

474 4218 661 4327 sigillatim
690 4221 959 4326 interrogatus,
983 4220 1130 4326 negavit
1156 4221 1255 4325 ipsos
1282 4219 1458 4296 articulos
1482 4236 1520 4296 et
1544 4220 1670 4296 omnia
1698 4237 1735 4297 et
1754 4220 1899 4327 singula

473 4367 646 4428 contenta
671 4352 710 4425 in
740 4351 811 4440 eis,
845 4378 890 4426 eo
920 4349 1017 4426 salvo
1045 4349 1152 4456 quod
1174 4349 1304 4456 jurant
1328 4379 1406 4427 non
1441 4349 1634 4428 offendere
1664 4379 1898 4459 quemquam

472 4479 728 4559 Christianum
747 4480 883 4586 injuste
899 4508 968 4557 nec
990 4498 1132 4557 temere
1156 4509 1286 4586 rapere
1308 4480 1409 4557 bona
1432 4481 1531 4587 ejus,
1551 4498 1589 4557 et
1610 4481 1682 4558 hec
1703 4482 1797 4560 dixit
1817 4510 1898 4561 esse

473 4610 606 4717 scripta
627 4612 667 4687 in
686 4611 783 4688 libro
799 4628 1026 4688 statutorum
1042 4628 1080 4687 et
1098 4610 1229 4717 regule
1249 4610 1394 4687 ordinis
1414 4611 1630 4716 supradicti.

529 4740 587 4816 Ad
606 4739 714 4818 lxxxu
730 4726 929 4819 articulum
952 4741 1184 4848 respondens
1210 4741 1477 4847 interrogatus,
1508 4740 1601 4818 dixit
1622 4742 1725 4849 quod
1747 4742 1779 4818 si
1808 4743 1897 4820 dicti

473 4868 600 4948 fratres
618 4872 667 4948 de
686 4871 826 4977 quibus
844 4872 885 4948 in
904 4871 1060 4949 articulo
1080 4872 1201 4978 agitur
1220 4871 1386 4978 predicta
1407 4871 1564 4950 confessi
1580 4871 1671 4964 sint,
1689 4870 1782 4949 dixit
1794 4873 1899 4981 ipsos
