4236 5948
346 518 421 593 ros
724 499 922 594 rnocns
955 518 1052 610 nus
1082 516 1392 595 runnu-uns.

344 661 383 736 in
407 657 589 739 umbilico
613 688 724 767 supra
747 677 878 738 vestes.
901 661 1064 766 Postque
1091 658 1213 737 dictus
1236 677 1418 765 receptor,
1440 657 1549 736 allata
1569 658 1690 738 nescit
1707 688 1773 767 per

344 818 459 897 quem
478 791 641 897 quadam
662 820 771 868 cruce
795 788 988 868 metallina
1007 791 1048 866 in
1068 817 1143 897 qua
1168 807 1247 867 erat
1268 817 1403 898 ymago
1428 788 1622 882 Crucifui,
1644 816 1771 897 prece·

343 923 399 1027 pit
418 922 450 998 ei
473 923 579 1030 quod
597 921 800 1030 abnegaret
816 922 942 1000 Deum
962 938 1000 998 et
1020 920 1158 998 dictam
1174 949 1341 1012 crucem3
1363 939 1502 999 etcum
1525 920 1647 998 dictus
1668 923 1773 1001 testis

344 1053 588 1160 responderet
612 1054 717 1160 quod
744 1054 817 1131 hoc
843 1052 951 1130 nullo
976 1052 1093 1130 modo
1118 1051 1268 1141 faceret,
1288 1053 1380 1130 dixit
1401 1054 1434 1130 ei
1457 1053 1581 1130 dictus
1600 1072 1773 1162 receptor

344 1184 462 1289 quod,
480 1213 524 1259 ex
543 1211 622 1290 quo
640 1182 809 1290 alligatus
830 1200 909 1260 erat
928 1183 997 1274 eis,
1020 1183 1217 1289 oportebat
1232 1213 1318 1262 eum
1335 1183 1456 1260 facere
1471 1212 1583 1290 supra
1604 1184 1718 1276 dicu,
1737 1203 1774 1263 et

344 1315 371 1387 si
395 1342 471 1389 non
486 1312 638 1401 faceret,
662 1332 873 1419 poneretur·
887 1314 926 1390 in
945 1312 1010 1390 tali
1030 1313 1113 1391 loco
1130 1314 1167 1391 in
1188 1343 1265 1421 quo
1285 1342 1481 1420 nunquam
1497 1313 1654 1392 forsitan
1672 1314 1771 1392 vide·

344 1461 400 1518 ret
417 1445 532 1549 pedes
547 1472 654 1534 suos,
672 1444 759 1551 quia
776 1445 941 1521 hocerat
955 1444 1003 1520 de
1018 1445 1169 1551 punctis
1183 1442 1397 1552 religionis;
1417 1461 1455 1521 et
1469 1462 1559 1522 tunc
1573 1445 1654 1550 ipse
1667 1447 1773 1524 testis

345 1574 540 1681 abnegavit
558 1575 682 1653 Deum
706 1592 743 1651 et
763 1575 903 1652 dictam
919 1603 1069 1651 crucem
1090 1603 1174 1665 ore,
1197 1603 1275 1652 non
1296 1576 1427 1665 corde,
1450 1593 1493 1652 ut
1517 1575 1621 1652 dixit.
1641 1577 1772 1655 Posteri

345 1706 436 1780 dixit
455 1707 489 1781 ei
512 1706 633 1782 dictus
653 1723 827 1811 receptor.
843 1706 883 1781 in
904 1704 1096 1813 presencia
1119 1705 1281 1783 aliorum
1301 1706 1404 1811 quod
1428 1734 1504 1783 non
1528 1706 1706 1784 crederet
1720 1736 1773 1784 sa·

345 1988 381 2043 et
404 1969 509 2073 quod
534 1969 692 2046 domum
714 1969 753 2044 in
773 1997 846 2075 qua
866 1967 1005 2045 mulier
1020 1969 1163 2077 jaceret
1178 1968 1218 2044 in
1233 1968 1434 2073 puerperio
1452 1995 1529 2044 non
1545 1969 1719 2059 intraret,
1736 1986 1772 2046 et

344 2099 448 2204 quod
469 2127 546 2175 non
562 2098 714 2177 offerret
733 2099 781 2175 ad
802 2101 964 2178 missam.
978 2098 1057 2176 Alia
1085 2097 1216 2177 illicita
1238 2098 1339 2206 quod
1357 2098 1498 2176 recolat
1517 2127 1594 2175 non
1615 2099 1772 2176 interve·

346 2243 485 2306 uerunt
504 2231 543 2305 in
564 2230 660 2306 dicta
680 2260 746 2307 sua
765 2232 985 2338 recepcione
1005 2260 1075 2307 nec
1093 2247 1195 2338 post,
1218 2230 1374 2306 credens
1395 2229 1498 2342 quod
1520 2229 1774 2306 communiter

346 2378 382 2435 et
397 2360 539 2466 ubique
562 2361 817 2465 reciperentur
832 2360 894 2437 alii
916 2361 1047 2438 fratres
1066 2361 1105 2436 in
1126 2359 1260 2438 ordine
1275 2359 1486 2437 secundum
1506 2360 1667 2436 modum
1683 2387 1770 2436 eon·

344 2489 524 2568 fessatum
552 2518 620 2595 per
645 2519 751 2582 eum,
784 2492 874 2599 quia
904 2492 996 2569 vidit
1023 2520 1091 2597 per
1119 2492 1262 2569 dictum
1292 2490 1447 2566 modum
1467 2489 1593 2595 recipi
1620 2489 1772 2567 fratrem

343 2622 556 2698 iohannem
580 2622 886 2729 cognominatum
910 2621 958 2699 de
978 2623 1109 2700 Monte
1129 2621 1335 2710 belletout,
1357 2638 1400 2697 ut
1420 2620 1491 2698 sibi
1512 2619 1671 2712 videtur,
1693 2622 1773 2699 Ma·

342 2752 565 2829 tisconensis
590 2752 747 2829 diocesis
772 2753 1013 2844 servientem,
1037 2751 1288 2841 delfunctum,
1312 2768 1355 2826 ut
1376 2750 1511 2840 credit,
1536 2751 1576 2826 in
1596 2750 1694 2827 dicta
1713 2777 1773 2829 ca·

343 2880 440 2987 pella
464 2882 516 2958 de
543 2881 666 2972 Buris,
690 2908 758 2989 per
781 2882 934 2960 fratrem
959 2884 1113 2961 Petrum
1143 2883 1190 2959 de
1216 2881 1372 2988 Civreyo
1402 2881 1624 2959 servientem
1649 2908 1773 2988 quon·

342 3014 446 3102 dam,
469 3031 558 3091 sunt
579 3015 726 3091 circiter
745 3032 830 3092 octo
852 3014 957 3103 anni,
979 3030 1153 3120 presente
1173 3011 1284 3090 fratre
1304 3013 1530 3089 lanseranda
1549 3011 1771 3118 presbitero,

341 3162 470 3221 curato
497 3143 545 3221 de
572 3145 698 3232 Buris,
725 3162 763 3220 et
787 3144 937 3222 videtur
962 3144 1080 3221 eciam
1105 3143 1175 3221 sibi
1201 3143 1307 3251 quod
1331 3142 1501 3220 interfuit
1527 3143 1640 3219 frater
1663 3145 1772 3252 Hugo

342 3276 390 3350 de
419 3277 515 3382 Frey
538 3277 721 3365 serviens,
751 3304 848 3383 quos
873 3274 1126 3381 presbiterum
1149 3292 1186 3352 et
1212 3276 1413 3381 Hugonem
1442 3275 1561 3351 credit
1586 3276 1707 3352 vivere
1732 3293 1773 3352 'et

341 3432 419 3479 non
446 3404 558 3480 fuisse
581 3424 718 3512 captos.
741 3406 873 3483 Plures
897 3434 975 3482 non
992 3404 1085 3481 vidit
1106 3405 1241 3510 recipi,
1259 3432 1329 3481 nec
1344 3403 1516 3481 interfuit
1535 3404 1773 3513 generalibus

343 3534 514 3639 capitulis
534 3536 770 3612 eorumdem.
795 3537 907 3629 Item,
927 3535 1020 3613 dixit
1036 3537 1141 3644 quod
1156 3535 1226 3613 sibi
1243 3535 1453 3624 videbatur,
1475 3535 1541 3611 sed
1562 3563 1640 3610 uon
1661 3535 1773 3639 plene

342 3667 561 3743 recordatur
580 3668 628 3744 de
649 3669 739 3755 hoc,
757 3668 862 3774 quod
877 3668 999 3746 dictus
1019 3684 1190 3774 receptor
1209 3667 1378 3774 precepit
1399 3665 1523 3741 eidem
1544 3666 1628 3741 testi
1651 3666 1690 3741 in
1713 3693 1772 3742 re-

343 3800 519 3902 cepcione
545 3829 610 3876 sua
632 3799 735 3907 quod
759 3799 996 3877 conculcaret
1019 3800 1157 3876 dictam
1182 3822 1349 3888 crucem,
1372 3798 1439 3874 sed
1460 3798 1539 3902 ipse
1564 3796 1670 3872 testis
1696 3823 1773 3873 non

344 3929 571 4006 conculcavit
586 3959 685 4020 eam;
702 3948 740 4008 et
754 3931 896 4010 audivit
912 3931 985 4008 dici
1006 3960 1026 4007 a
1047 3930 1176 4008 multis
1190 3929 1369 4008 fratribus
1389 3928 1550 4016 ordinis,
1571 3926 1774 4032 dequibus

343 4089 420 4138 non
443 4061 591 4151 recolit,
605 4062 711 4168 quod
739 4063 786 4139 de
808 4079 985 4168 precepto
1003 4060 1257 4139 conculcando
1273 4059 1393 4137 crucis
1413 4060 1499 4136 satis
1515 4057 1673 4134 faciliter
1688 4086 1774 4163 per·

347 4193 578 4270 transiebant
603 4193 755 4300 quando
780 4209 953 4298 receptus
973 4192 1226 4298 respondebat
1251 4192 1354 4296 quod
1380 4188 1533 4267 nolebat
1555 4187 1773 4266 conculcare

347 4351 444 4413 eam,
460 4324 510 4402 ita
525 4324 630 4431 quod
653 4325 700 4400 de
726 4321 790 4401 nrt
817 4352 894 4401 non
919 4324 1163 4402 conculcabat
1186 4351 1296 4401 unus.
1322 4324 1432 4408 Item,
1455 4321 1549 4397 dixit
1573 4317 1678 4426 quod
1695 4319 1773 4425 ipse

348 4454 446 4531 bene
466 4454 642 4532 credebat
667 4454 923 4532 ecclesiasticis
946 4454 1208 4541 sacramentis,
1226 4471 1265 4530 et
1283 4453 1386 4561 quod
1403 4450 1580 4559 jurabant
1599 4449 1773 4526 ordinem

348 4613 424 4662 non
447 4586 558 4662 exire.
580 4586 821 4664 Claudestine
848 4586 1138 4694 recipiebantur,
1164 4584 1280 4662 nullis
1299 4582 1539 4690 presentibus
1559 4581 1631 4657 nisi
1651 4578 1775 4657 fratri-

347 4714 419 4792 bus
437 4714 598 4804 ordinis,
625 4745 669 4793 ex
692 4746 769 4823 quo
790 4716 911 4794 credit
930 4715 1034 4822 quod
1051 4731 1148 4794 esset
1167 4714 1332 4822 suspicio
1352 4731 1479 4790 contra
1501 4741 1578 4788 eos.
1598 4708 1775 4788 Cordulis

352 4847 453 4923 uude
479 4847 655 4925 volebant
684 4848 883 4954 assumptis
915 4846 1163 4954 cingebantur
1188 4873 1302 4951 super
1330 4844 1497 4923 camisias
1513 4871 1606 4919 cum
1635 4841 1775 4947 quibus
