4236 5948
744 527 938 624 nunciis
966 551 1060 622 nes
1087 550 1388 623 renuimus.
1707 554 1774 625 157

355 691 463 769 visset
482 690 699 771 societatem
734 690 879 768 ordinis
900 707 938 768 et
957 688 1119 767 finaliter
1147 686 1185 767 ei
1217 718 1389 768 concessa
1417 689 1564 776 luisset,
1597 678 1777 796 imposuit

354 821 475 900 dictus
495 835 665 926 receptor
681 819 751 896 sibi
767 820 1009 912 mantellum,
1028 821 1193 926 quodam
1213 821 1421 927 presbitero
1441 819 1652 911 assistente,
1671 826 1727 928 cuj
1735 851 1777 898 us

354 979 493 1030 nomen
515 968 553 1029 et
570 978 780 1057 cognomen
802 951 964 1058 ignorat,
987 951 1135 1048 dicente
1160 954 1340 1058 quasdam
1356 951 1564 1040 oraciones,
1587 967 1625 1027 et
1644 979 1776 1028 omnes

354 1099 513 1160 astantes
533 1080 688 1158 fuerunt
706 1110 793 1158 eum
816 1080 972 1159 osculati
1001 1082 1039 1157 iu
1057 1104 1135 1173 ore.
1162 1082 1409 1160 Postmodum
1429 1081 1517 1159 lecit
1535 1110 1622 1157 eum
1645 1110 1774 1159 vovere

354 1227 390 1289 et
401 1213 540 1321 ‘jurare
560 1211 664 1319 quod
685 1228 782 1289 esset
809 1211 993 1290 obediens
1015 1212 1194 1289 omnibus
1214 1212 1472 1317 superioribus
1496 1212 1591 1298 suis,
1614 1227 1652 1295 et
1671 1215 1774 1320 quod

353 1359 513 1419 servaret
542 1341 766 1430 castitatem,
789 1358 827 1419 et
845 1342 984 1419 viveret
1004 1343 1085 1420 sine
1106 1345 1279 1450 proprio,
1307 1362 1344 1421 et
1368 1344 1471 1451 quod
1497 1371 1573 1420 non
1594 1343 1775 1421 revelaret

352 1488 492 1550 secreta
511 1471 773 1578 capitulorum.
792 1472 943 1551 Deinde
963 1473 1129 1579 precepit
1146 1474 1180 1550 ei
1202 1474 1325 1551 dictus
1351 1490 1522 1580 receptor
1540 1474 1645 1579 quod
1665 1502 1773 1580 spue-

352 1619 409 1679 ret
427 1629 541 1709 super
567 1601 770 1708 qnamdam
791 1630 940 1680 crucem
962 1603 1001 1678 in
1026 1620 1125 1681 terra
1146 1604 1322 1709 positam,
1345 1605 1463 1680 nescit
1488 1632 1557 1709 per
1582 1624 1700 1711 quem
1720 1606 1774 1682 al·

353 1731 462 1808 latam
491 1758 561 1809 nec
587 1732 709 1839 qualis
729 1734 994 1840 esset,‚pocius
1021 1751 1148 1809 tamen
1177 1734 1298 1810 credit
1324 1734 1431 1841 quod
1457 1752 1553 1812 esset
1574 1735 1773 1813 metallina

352 1891 463 1970 quam
490 1862 580 1955 alia,
603 1879 640 1940 et
669 1864 748 1969 ipse
775 1864 881 1942 testis
905 1864 1007 1970 spuit
1032 1893 1110 1942 nou
1139 1893 1253 1971 super
1281 1866 1346 1942 sed
1375 1865 1480 1972 juxta
1510 1894 1604 1942 eam.
1625 1866 1773 1944 Deinde

354 1994 519 2101 precepit
534 1994 567 2071 ei
577 1994 712 2072 edictus
730 2011 905 2101 receptor
919 1995 1026 2102 quod
1047 1995 1278 2073 oscularetur
1302 2024 1390 2072 eum
1413 1997 1452 2072 in
1480 2024 1568 2071 anea
1594 1998 1633 2072 in
1663 2025 1772 2073 carne

352 2124 469 2213 nuda,
492 2141 530 2202 et
554 2126 663 2203 certis
684 2124 890 2202 astantibus
912 2125 1122 2203 levantibus
1142 2127 1224 2234 ejus
1239 2144 1375 2215 vestes,
1406 2125 1479 2202 fuit
1497 2127 1536 2201 in
1560 2125 1657 2202 dicta
1683 2155 1772 2205 unca
1892 2130 1895 2137 ’

353 2253 539 2333 osculatus
557 2255 748 2334 eumdem.
768 2258 856 2334 Post
885 2284 960 2364 que
985 2256 1079 2334 dixit
1099 2257 1131 2334 ei
1154 2257 1260 2364 quod
1273 2273 1420 2362 poterat
1437 2283 1523 2333 cum
1549 2255 1630 2334 aliis
1650 2256 1772 2334 iratri-

352 2385 420 2462 bus
441 2385 585 2464 ordinis
613 2386 814 2463 mmaliter·
831 2387 1065 2465 commisceri
1096 2405 1133 2465 et
1155 2389 1227 2494 ipsi
1250 2416 1337 2464 cum
1365 2415 1429 2475 θος
1451 2387 1524 2463 hoc
1542 2404 1669 2464 tamen
1695 2415 1771 2465 uon

352 2516 459 2609 lecit,
489 2545 560 2593 nee
587 2518 657 2593 scit
685 2545 755 2594 nec
774 2518 916 2595 audivit
936 2519 1008 2595 diei
1036 2518 1144 2625 quod
1168 2519 1207 2594 iu
1232 2517 1365 2595 ordine
1394 2518 1517 2605 beret3
1535 2545 1605 2595 nec
1626 2517 1769 2596 dixitaei

352 2646 473 2723 dictus
492 2665 663 2753 receptor
688 2647 746 2725 vel
780 2648 875 2726 alius
903 2650 1006 2756 quod
1034 2650 1202 2755 predicta
1223 2665 1347 2727 esseut
1378 2649 1424 2725 de
1445 2647 1597 2753 punctis
1626 2646 1770 2725 ordinis

352 2775 406 2852 vel
427 2777 466 2853 in
490 2777 624 2854 ordine
649 2777 731 2856 lieri
760 2797 948 2858 consueta.
970 2780 1101 2858 Credit
1124 2798 1251 2856 tamen
1272 2779 1377 2885 quod
1398 2780 1563 2882 predicta
1584 2777 1712 2855 illicita
1734 2798 1770 2855 et

352 2936 426 2985 non
447 2908 518 2986 alia
538 2908 808 2989 intervenirent
819 2912 1075 2988 communiter
1093 2910 1132 2986 in
1148 2907 1433 3015 reeepciouibus
1452 2908 1608 2983 fratrum
1625 2909 1769 2985 ordinis

351 3040 405 3116 vel
433 3057 546 3146 post,
563 3066 633 3147 pm
651 3066 699 3120 eo
726 3042 813 3148 quia
840 3041 911 3120 sibi
936 3040 1080 3119 dictum
1110 3054 1148 3118 et
1166 3057 1384 3146 preceptum
1412 3037 1484 3115 luit
1510 3039 1614 3145 quod
1634 3037 1770 3116 laceret

350 3170 576 3275 supradicta,
599 3187 638 3247 et
665 3170 754 3278 quie
769 3172 875 3248 *vidit
903 3188 941 3249 et
972 3171 1114 3249 audivit
1142 3171 1249 3278 quod
1272 3171 1554 3247 intervenerunt
1580 3167 1619 3244 in
1639 3197 1769 3277 recep·

350 3300 457 3376 cione
479 3297 602 3377 fratris
621 3299 781 3377 Deodati
797 3303 966 3411 Hugonis
985 3302 1240 3379 Ruthenensis
1261 3301 1438 3389 diocesis,
1470 3300 1677 3391 servientis,
1702 3303 1767 3408 qui

348 3430 479 3538 affugit
497 3431 536 3506 in
566 3431 742 3538 capcione
772 3432 951 3525 aliorum,
985 3449 1024 3510 et
1051 3431 1173 3510 luerat
1199 3447 1372 3538 receptus
1399 3431 1437 3506 in
1464 3428 1603 3536 capella
1632 3430 1769 3509 domus

348 3559 498 3667 Templi
520 3561 567 3639 de
587 3560 742 3668 Spelieu
767 3562 866 3639 dicte
892 3562 1069 3651 diocesis,
1097 3579 1185 3639 sunt
1207 3562 1354 3638 circiter
1374 3576 1458 3638 octo
1479 3559 1589 3651 anni,
1611 3589 1678 3666 per
1696 3559 1769 3637 fra-

346 3709 442 3769 trem
466 3692 678 3800 Guigouem
701 3693 877 3770 aldemari
901 3692 1064 3771 militem
1085 3693 1295 3799 quondam,
1322 3691 1549 3769 visitatorem
1575 3708 1666 3767 tunc
1685 3693 1769 3769 Pre-

345 3822 482 3913 vineie,
506 3823 746 3930 presentibus
774 3821 952 3899 iratribus
971 3822 1100 3899 tribus
1113 3821 1173 3900 vel
1192 3837 1273 3898 11110‘
1289 3819 1506 3908 deliuuctis,
1533 3820 1580 3897 de
1604 3850 1766 3926 quorum

344 3953 563 4033 nominibus
583 3976 662 4032 non
681 3953 830 4044 recolit,
852 3953 951 4030 inter
968 3981 1067 4060 quos
1094 3951 1166 4030 luit
1185 3932 1341 4059 quidam
1375 3950 1483 4027 miles
1508 3978 1627 4057 nepos
1646 3950 1768 4027 fratris

346 4081 520 4161 Ademari
541 4083 589 4161 de
617 4083 800 4191 Peyrucza
825 4082 924 4160 dicte
949 4081 1119 4160 diocesis.
1155 4083 1268 4171 Item,
1298 4081 1389 4159 dixit
1420 4108 1459 4157 se
1489 4080 1642 4158 credere
1662 4080 1766 4185 quod

343 4208 475 4291 iratres
512 4213 656 4292 ordinis
683 4213 781 4291 bene
816 4212 1014 4290 crederent
1050 4212 1307 4291 ecclesiasticis
1337 4209 1597 4299 sacramentis,
1628 4209 1767 4315 quibus

343 4341 423 4448 ipse
443 4343 640 4430 credebat,
661 4360 700 4421 et
719 4343 825 4450 quod
849 4371 981 4421 eorum
1003 4344 1214 4420 sacerdotes
1240 4342 1369 4419 debite
1390 4340 1635 4418 celebrarent.
1659 4342 1765 4416 lura-

342 4473 433 4551 bant
467 4474 641 4552 ordinem
672 4501 749 4552 non
780 4475 892 4551 exire.
926 4473 1060 4551 Statim
1091 4501 1165 4580 pro
1198 4471 1375 4580 professis
1401 4470 1649 4561 habebantur,
1681 4499 1765 4576 pro·

341 4621 424 4709 pter
444 4605 549 4712 quod
572 4604 662 4683 feeit
689 4606 786 4683 dicta
815 4604 945 4682 illicita
974 4605 1072 4681 sieut
1100 4603 1211 4693 dixit,
1247 4604 1335 4710 qnia
1368 4601 1476 4679 aliter
1511 4628 1588 4678 uon
1618 4600 1765 4680 iecisset

342 4733 520 4837 predicta.
550 4732 793 4813 Clandestine
822 4733 1111 4840 recipiebantur,
1140 4731 1256 4810 nullis
1284 4731 1524 4838 presentibus
1551 4730 1623 4810 nisi
1644 4760 1763 4810 sacer·

343 4862 497 4940 dotibus
527 4865 688 4955 ordinis,
723 4892 766 4942 ex
798 4892 876 4970 quo
909 4864 1030 4941 credit
1057 4863 1161 4971 quod
1198 4878 1296 4940 esset
1327 4861 1487 4968 suspicio
1522 4880 1649 4940 contra
1687 4890 1760 4939 eos.
