4236 5948
366 557 414 626 26
760 526 956 622 procus
984 547 1080 619 nus
1107 543 1408 617 rnnrtnrrs.

422 696 552 771 Frater
586 689 815 772 Guillehnus
842 689 1011 770 Boncelli
1044 687 1209 766 serviens
1236 686 1475 766 Ebroicensis
1497 685 1674 776 diocesis,
1695 687 1800 765 testis

366 856 479 933 supra
502 825 669 933 juratus,
701 837 853 903 rurx11u⁰r
882 851 1070 901 annorum
1102 820 1160 898 vel
1184 820 1295 908 circa,
1322 819 1428 927 quod
1454 818 1663 898 voluntarie
1695 848 1802 929 man·

365 958 502 1036 tellum
522 955 731 1048 dimiserat,
754 973 793 1033 et
811 954 892 1033 radi
918 953 1057 1034 fecerat
1081 953 1152 1031 sibi
1173 951 1330 1031 barbam
1350 969 1437 1059 post
1460 951 1662 1030 concilium
1681 951 1802 1030 Seno·

366 1119 497 1182 nense,
518 1118 605 1167 cum
625 1116 702 1196 quo
732 1088 954 1195 inquisitum
983 1085 1122 1179 luerat,
1149 1084 1346 1165 absolutus
1376 1102 1415 1162 et
1442 1082 1706 1162 reconciliatus
1733 1112 1802 1191 per

365 1223 565 1300 dominum
586 1221 806 1329 episcopum
824 1220 1090 1308 Parisiensem,
1113 1217 1220 1296 lectis
1240 1235 1278 1296 et
1305 1216 1508 1326 diligenter
1531 1215 1707 1324 expositis
1726 1215 1797 1295 sibi

365 1353 544 1431 omnibus
565 1370 603 1429 et
621 1351 779 1459 singulis
795 1351 982 1440 articulis,
1002 1349 1201 1457 respondit
1215 1378 1254 1428 se
1272 1351 1436 1441 nescire,
1452 1377 1523 1427 nec
1538 1347 1709 1436 credere,
1728 1377 1798 1426 nec

363 1485 549 1564 audivisse
564 1483 638 1561 dici
660 1484 708 1561 de
734 1484 921 1564 contentis
937 1484 977 1559 in
992 1482 1102 1560 dictis
1118 1481 1285 1559 articulis
1299 1482 1370 1559 nisi
1382 1482 1488 1589 quod
1499 1481 1683 1587 sequitur.
1696 1481 1798 1557 Dixit

363 1618 466 1696 enim
477 1645 517 1694 se
528 1616 644 1694 luisse
652 1632 862 1724 receptum,
875 1615 971 1693 circa
984 1616 1126 1692 instans
1136 1612 1276 1692 lestum
1287 1614 1492 1692 Nativitatis
1504 1612 1604 1691 beati
1617 1613 1797 1691 Johannis

363 1749 526 1856 Baptiste
543 1765 656 1826 erunt
669 1775 720 1824 x11
736 1747 824 1824 anni
841 1746 902 1825 vel
919 1746 1033 1834 circa,
1048 1776 1117 1853 per
1133 1745 1287 1823 fratrem
1302 1746 1522 1852 Philippum
1530 1745 1660 1853 Agate,
1675 1772 1798 1852 prece·

364 1897 512 1987 ptorem
520 1879 886 1967 Normanie,testem
896 1907 1008 1983 supra
1018 1877 1340 1967 examinatum,in
1348 1876 1491 1984 capella
1499 1876 1638 1955 domus
1646 1876 1797 1985 Templi

362 2011 479 2088 sancti
490 2009 673 2117 Stephani
685 2009 733 2086 de
741 2008 932 2088 Benavilla
941 2008 1180 2087 Ebroicensis
1190 2008 1361 2099 diocesis,
1370 2007 1609 2114 presentibus
1619 2007 1797 2085 fratribus

363 2140 572 2223 Guillehno
590 2143 807 2250 Durgenses
825 2139 1053 2246 presbitero,
1076 2157 1205 2219 curato
1226 2141 1325 2217 dicte
1346 2141 1485 2218 domus
1502 2139 1709 2246 quondam,
1733 2139 1797 2218 Al-

362 2275 454 2352 bino
478 2290 698 2381 preceptore
722 2274 771 2351 de
795 2274 912 2382 Bangi
933 2273 1146 2381 Bajocensis
1171 2272 1348 2365 diocesis,
1379 2272 1516 2350 Enrico
1541 2271 1686 2380 Anglici
1711 2301 1796 2380 pre-

363 2423 515 2513 ceptore
548 2402 595 2485 de
620 2404 726 2485 Valle
758 2405 805 2483 de
838 2403 1022 2484 Canivilla
1060 2404 1325 2497 servientibus,
1364 2404 1581 2497 deffunctis,
1620 2405 1660 2481 in
1693 2406 1795 2482 hunc

363 2539 524 2616 modum
545 2569 554 2614 :
577 2567 665 2615 narn
684 2567 771 2615 cum
790 2537 953 2615 stetisset
965 2566 1034 2644 per
1050 2537 1254 2616 dimidium
1269 2566 1412 2616 annum
1429 2538 1468 2614 in
1485 2537 1584 2615 dicta
1599 2539 1730 2624 domo,
1753 2555 1795 2616 ut

363 2671 496 2749 fratres
513 2669 719 2779 probarent
739 2699 865 2748 mores
885 2698 975 2748 suos
990 2688 1028 2748 et
1042 2671 1122 2777 ipse
1139 2699 1292 2760 eorum,
1308 2688 1347 2748 et
1362 2669 1654 2750 concordassent
1669 2671 1794 2777 ipsum

361 2801 547 2908 recipere,
569 2801 609 2880 in
638 2801 737 2880 dicta
765 2802 826 2880 die
847 2802 1096 2908 recepcionis‚
1125 2833 1210 2880 curn
1233 2803 1403 2909 petiisset
1417 2832 1456 2880 se
1477 2803 1613 2908 recipi,
1635 2801 1795 2909 predicti

363 2935 495 3012 fratres
527 2933 685 3014 Anricus
718 2953 755 3014 et
784 2934 946 3014 Albinus
979 2964 1024 3015 ex
1052 2954 1157 3043 parte
1189 2938 1395 3043 receptoris
1429 2937 1605 3014 dixerunt
1631 2936 1664 3012 ei
1690 2934 1795 3043 quod

361 3066 461 3145 bene
482 3066 725 3161 deliberaret,
745 3070 835 3174 quia
852 3068 883 3144 si
900 3068 1074 3161 intraret,
1099 3087 1290 3174 oporteret
1311 3099 1401 3147 eum
1417 3068 1590 3146 abdicare
1612 3096 1688 3145 ase
1709 3095 1796 3174 pro·

363 3199 482 3302 priam
495 3198 729 3277 voluntatem
750 3216 789 3276 et
808 3199 945 3307 subjici
961 3201 1102 3291 aliene,
1121 3201 1263 3278 esurire
1278 3201 1431 3307 quando
1447 3200 1561 3279 vellet
1575 3201 1791 3288 comedere,

362 3327 528 3435 vigillare
548 3330 702 3435 quando
716 3328 831 3407 vellet
851 3330 1037 3424 dormire,
1060 3331 1179 3409 multa
1200 3332 1295 3409 dura
1311 3351 1349 3410 et
1366 3362 1494 3440 aspera
1510 3333 1708 3420 sustinere,
1724 3360 1794 3408 nec

363 3457 503 3537 hahere
518 3459 673 3538 forsitan
688 3489 824 3568 equos,
839 3479 960 3541 vestes
973 3482 1012 3540 et
1026 3463 1097 3540 alia
1114 3493 1188 3570 que
1204 3465 1355 3542 videbat
1371 3494 1435 3542 eos
1455 3466 1618 3541 exterius
1634 3464 1791 3552 haber03

362 3607 400 3665 et
414 3619 500 3667 curn
515 3591 772 3698 respondisset
786 3593 892 3699 quod
914 3597 1040 3672 omnia
1055 3597 1279 3689 sustineret,
1298 3597 1475 3674 instruxit
1495 3625 1584 3673 eum
1601 3597 1724 3704 quod,
1743 3597 1794 3672 in-

361 3738 463 3798 trans
479 3722 526 3799 ad
548 3724 692 3802 dictum
711 3743 964 3832 receptorem,
982 3745 1128 3834 peteret
1145 3729 1192 3805 ab
1208 3757 1253 3805 eo
1269 3758 1405 3836 panem
1424 3747 1462 3806 et
1477 3758 1613 3835 aquam
1627 3746 1664 3805 et
1676 3729 1789 3805 socie-

362 3871 478 3931 tatem
497 3854 656 3944 ordinis,
679 3873 717 3933 et
737 3856 892 3935 offerret
911 3887 952 3936 se
969 3859 1065 3936 velle
1086 3860 1169 3936 lieri
1191 3889 1339 3938 servum
1359 3860 1545 3938 esclavum
1566 3861 1733 3951 ordinis;
1756 3878 1792 3937 et

362 4016 448 4063 cum
474 3987 548 4064 hoc
570 3987 736 4082 fecisset,
765 3991 923 4096 prestito
954 3991 999 4068 ab
1028 4019 1073 4070 eo
1096 4021 1165 4098 per
1184 3993 1445 4100 juramentum
1472 3993 1576 4100 quod
1605 4021 1683 4068 non
1714 4010 1792 4069 erat

361 4119 504 4203 servilis
517 4119 770 4212 condicioniS,
788 4150 858 4199 nec
872 4124 1232 4213 excommunicatus,
1248 4154 1318 4202 neo
1334 4125 1592 4213 matrimonio,
1612 4124 1719 4201 alteri
1735 4155 1793 4201 re-

361 4250 491 4357 ligioni
508 4250 565 4328 vel
589 4252 726 4329 debitis
746 4283 821 4360 que
840 4254 984 4331 solvere
1003 4284 1080 4333 non
1095 4274 1223 4363 posset
1243 4257 1446 4365 obligatus,
1469 4286 1539 4335 nec
1560 4257 1716 4334 haberet
1734 4259 1793 4333 in-

361 4381 581 4460 lirmitatem
599 4382 801 4475 latentem,
823 4384 915 4462 lecit
935 4416 1024 4464 eum
1042 4416 1174 4466 vovere
1190 4404 1229 4466 et
1242 4389 1369 4500 jurare
1391 4418 1502 4495 supra
1522 4389 1729 4496 quemdam
1747 4389 1793 4465 li-

360 4509 473 4587 brum
501 4514 725 4603 castitatem,
753 4515 1034 4609 obedienciam,
1057 4520 1177 4596 vivere
1203 4520 1284 4598 sine
1308 4522 1481 4628 propri0‚
1504 4549 1648 4597 servare
1669 4520 1791 4598 bonos

361 4671 451 4719 usus
477 4659 515 4720 et
537 4646 655 4724 bonas
681 4649 1072 4757 consuetudinesque
1097 4670 1188 4729 tunc
1209 4670 1313 4730 erant
1332 4653 1371 4728 in
1397 4653 1532 4730 ordine
1561 4671 1599 4729 et
1624 4653 1729 4759 quod
1751 4654 1789 4729 in

358 4791 553 4878 posterum
579 4778 880 4885 imponerentur,
903 4811 980 4859 non
1000 4784 1165 4861 revelare
1190 4802 1329 4863 secreta
1351 4787 1620 4893 capitulorum,
1643 4814 1712 4863 nee
1732 4786 1790 4862 in-

357 4921 496 4984 teresse
517 4906 601 4985 loco
622 4909 661 4984 in
685 4939 762 5016 quo
782 4911 892 4989 freret
911 4913 1044 4990 salsum
1060 4916 1250 5023 judicium
1273 4935 1314 4994 ut
1335 4917 1471 5025 aliquis
1498 4919 1790 4996 exheredaretur
