4236 5948
730 529 927 623 nnocns
951 549 1048 622 nss
1074 549 1376 622 reveniens.
1690 549 1762 622 ssr

343 709 381 771 et
400 689 570 768 discretis
595 689 681 767 viris
700 688 876 771 fratribus
902 692 1062 796 Hugone
1090 690 1138 768 de
1167 691 1335 780 Noalbis,
1364 685 1571 768 Guillelmo
1596 689 1764 766 Durandi

342 822 484 901 ordinis
498 817 795 911 Predicatorum,
816 821 993 928 magistro
1012 821 1220 929 Reginaldo
1242 822 1289 898 de
1310 819 1526 928 Albigniaco
1551 836 1767 896 succentore
1838 875 1857 922 .·

341 952 579 1044 Bituricensi,
602 967 641 1029 et
660 951 815 1032 domino
833 953 992 1059 Hugone
1013 952 1060 1029 de
1082 950 1185 1029 Cella
1210 950 1348 1040 milite,
1369 950 1529 1028 testibus
1551 951 1597 1027 ad
1618 950 1688 1027 bec
1708 978 1769 1026 vo-

343 1085 433 1163 catis
459 1100 497 1160 et
521 1083 672 1190 rogatis.

399 1347 447 1423 Et
465 1373 535 1452 ego
550 1346 698 1423 Evenus
710 1344 808 1423 Phili
826 1346 874 1423 de
891 1345 1025 1424 Sancto
1045 1345 1187 1424 Nicasio
1208 1345 1365 1422 clericus
1380 1343 1667 1450 Corisopitensis
1688 1343 1771 1422 dio-

345 1477 453 1565 cesis,
475 1474 676 1582 apostolica
695 1475 871 1580 publicus
886 1475 1103 1554 auctoritate
1124 1475 1309 1564 notarius,
1323 1474 1514 1579 premissis
1534 1475 1711 1554 omnibus
1730 1476 1769 1551 in

344 1607 509 1715 presenti
532 1622 571 1685 et
596 1607 812 1713 precedenti
840 1624 937 1685 carta
965 1606 1079 1685 simul
1098 1606 1211 1695 sutis,
1233 1606 1339 1713 signo
1368 1634 1454 1683 meo
1481 1606 1652 1715 signatis,
1682 1634 1771 1684 con·

344 1740 475 1830 tentis,
496 1765 650 1844 presens
669 1736 841 1831 interfui,
864 1757 901 1816 et
921 1767 964 1815 ea
992 1738 1103 1816 scribi
1128 1736 1218 1826 leci,
1242 1767 1302 1813 me
1323 1737 1542 1844 subscripsi,
1566 1754 1602 1814 et
1623 1737 1772 1845 siguum

227 1918 230 1922 ·
346 1868 500 1947 solitum
529 1869 591 1945 hic
616 1869 771 1976 apposui
802 1868 971 1978 rogatus,
1004 1899 1089 1946 cum
1119 1870 1226 1976 signo
1257 1869 1489 1947 notariorum
1518 1868 1773 1980 infrascripto-

346 2028 442 2077 rum.

404 2260 451 2339 Et
471 2288 541 2369 ego
560 2259 774 2339 Gaufredu's
792 2261 984 2369 Enguelor
1005 2261 1127 2339 dictus
1145 2260 1307 2366 Cbalop,
1329 2259 1485 2338 clericus
1499 2260 1674 2339 Doleusis
1694 2262 1777 2339 dio-

350 2392 458 2484 cesis,
474 2389 675 2497 apostolica
696 2391 915 2468 auctoritate
936 2391 1103 2469 notarius
1118 2390 1312 2496 publicus,
1330 2391 1523 2495 premissis
1544 2391 1721 2469 omuibus
1739 2410 1776 2468 et

350 2521 504 2630 singulis
520 2522 619 2599 dicta
635 2521 793 2629 septima
813 2521 875 2599 die
895 2521 1109 2599 novembris
1128 2522 1235 2610 actis,
1258 2521 1296 2596 in
1318 2520 1465 2599 duabus
1484 2522 1776 2627 precedentibus

348 2653 464 2759 peciis
493 2652 604 2731 simul
631 2653 724 2730 sutis
753 2652 858 2758 signo
885 2680 970 2731 meo
996 2652 1149 2761 signatis
1173 2652 1378 2742 contentis,
1408 2681 1563 2759 presens
1588 2681 1663 2730 una
1689 2681 1775 2731 cum

351 2785 460 2863 dictis
479 2784 655 2892 magistro
670 2785 798 2863 Eveno
818 2783 963 2865 notario
983 2782 1136 2891 publico
1158 2800 1196 2859 et
1211 2781 1370 2861 testibus
1389 2785 1648 2890 suprascriptis
1666 2785 1778 2862 inter-

351 2915 423 3006 fui,
440 2944 501 2992 me
522 2915 743 3021 subscripsi,
765 2931 802 2991 et
821 2916 971 3022 signum
992 2942 1121 2992 meum
1142 2913 1297 3020 apposui
1318 2930 1542 2994 consuetum
1569 2932 1719 2993 vocatus
1741 2934 1778 2991 et

352 3064 512 3154 rogatus.

408 3313 451 3386 ln
470 3310 623 3388 nomine
642 3310 797 3388 Domini
823 3337 945 3389 amen.
971 3309 1078 3387 Anno
1100 3310 1273 3418 ejusdem
1293 3311 1446 3387 Domini
1471 3310 1672 3391 millesimo
1693 3329 1775 3391 ccc⁰

352 3438 529 3547 septimo,
544 3439 734 3518 indicione
750 3457 869 3529 serta,
886 3468 1015 3520 mense
1034 3440 1264 3530 novembris,
1277 3439 1448 3547 ejusdem
1462 3440 1601 3518 mensis
1620 3441 1779 3546 septima

353 3570 434 3660 die,
453 3567 696 3675 pontificatus
716 3570 937 3648 sanctissimi
956 3572 1070 3676 patris
1092 3587 1129 3647 et
1153 3571 1297 3648 domini
1324 3570 1467 3649 domini
1492 3570 1697 3650 Clementis
1717 3571 1776 3647 di-

352 3702 436 3778 vina
454 3700 693 3808 providencia
706 3727 826 3806 pappe
843 3700 966 3806 quinti
984 3729 1082 3779 anno
1103 3701 1288 3791 secundo,
1310 3702 1351 3778 in
1373 3700 1539 3808 religiosi
1559 3703 1629 3807 viri
1647 3719 1686 3780 et
1707 3703 1779 3781 ho-

354 3832 450 3911 nesti
469 3830 592 3908 lratris
607 3828 803 3909 Guillelmi
823 3828 872 3908 de
891 3832 1038 3909 Parisiis
1058 3831 1200 3908 ordinis
1221 3830 1522 3922 Predicatorum‚
1544 3834 1778 3940 inquisitoris

354 3963 518 4041 heretice
536 3961 725 4069 pravitatis
744 3962 961 4040 auctoritate
981 3961 1181 4070 apostolica
1208 3963 1248 4039 in
1273 3991 1390 4070 regno
1409 3964 1561 4040 Francis
1587 3965 1775 4069 deputati,

355 4093 395 4169 in
414 4094 530 4171 domo
546 4091 685 4170 milicie
698 4090 848 4200 Templi
867 4093 1100 4183 Parisieusis,
1116 4121 1185 4199 pro
1200 4092 1428 4201 inquirendo
1447 4109 1575 4170 contra
1595 4093 1777 4202 quasdam

355 4249 532 4329 personas
547 4222 638 4302 dicti
657 4222 801 4301 ordinis
819 4222 944 4301 eidem
963 4221 1107 4301 delatas
1125 4251 1238 4330 super
1258 4223 1358 4301 dicto
1385 4222 1542 4300 crimine
1568 4224 1775 4310 existentis,

357 4371 527 4432 nostrum
559 4354 792 4434 notariorum
816 4354 1058 4461 publicorum
1091 4372 1130 4432 et
1158 4353 1477 4462 infrascriptorum
1512 4355 1666 4433 testium
1693 4382 1777 4461 pre·
1897 4339 1899 4343 ⁷

357 4484 481 4561 rencia
506 4483 751 4590 personaliter
771 4485 995 4564 constitutus
1018 4484 1132 4563 frater
1153 4485 1313 4566 Jacobus
1334 4485 1469 4578 Ducis,
1493 4485 1599 4563 etatis
1627 4484 1778 4591 triginta

357 4615 525 4723 quinque
548 4644 754 4707 annorum,
775 4633 819 4694 ut
832 4615 940 4706 dixit,
956 4617 1104 4724 juratus
1126 4614 1174 4693 ad
1193 4633 1319 4695 sancta
1336 4616 1407 4694 Dei
1427 4615 1641 4725 Evangelia,
1664 4615 1711 4694 ab
1733 4645 1778 4693 eo

358 4745 601 4853 corporaliter
617 4764 732 4840 tacta,
753 4747 792 4824 in
817 4774 925 4824 causa
948 4746 1037 4825 fidei
1065 4748 1113 4825 de
1132 4776 1173 4825 se
1194 4765 1232 4825 et
1250 4747 1333 4825 aliis
1357 4747 1481 4825 dicere
1503 4748 1715 4838 veritatem;
1741 4765 1779 4824 et

358 4878 561 4986 requisitus
576 4877 624 4956 de
640 4894 810 4984 tempore
830 4894 869 4955 et
884 4877 1000 4956 modo
1013 4906 1080 4957 sue
1094 4878 1339 4985 recepcionis,
1363 4879 1457 4957 dixit
1469 4907 1536 4986 per
1550 4909 1663 4959 suum
1677 4880 1779 4986 jura-
