4236 5948
733 535 928 628 rnocns
954 556 1049 626 nes
1075 557 1373 629 rsnrmnns.
1430 634 1436 644 ,
1687 562 1762 633 sio

342 723 522 775 annornm
537 695 595 771 vel
613 696 880 804 circa‚juratns
891 697 1026 773 eodem
1036 697 1151 774 modo
1162 715 1199 775 et
1208 699 1412 805 requisitus
1428 699 1528 775 dicto
1545 716 1712 804 tempore
1728 719 1764 776 et

343 828 456 903 modo
468 818 538 904 'sue
554 825 798 932 recepcionis‚
817 828 907 903 dixit
922 857 990 934 per
998 827 1256 935 juramentum
1270 858 1382 906 suum
1393 830 1498 935 quod
1506 828 1578 907 luit
1591 849 1765 937 receptus

306 951 314 960 ’
343 960 380 1034 in
390 959 505 1034 domo
518 959 648 1064 templi
661 958 945 1049 Attrebatensis‚
959 975 1045 1036 octo
1062 961 1147 1035 anni
1162 978 1250 1037 sunt
1265 960 1396 1067 elapsi,
1411 990 1479 1066 per
1493 960 1644 1038 lrstrem
1660 961 1766 1041 Guil-

342 1089 501 1166 lerrnum
520 1092 776 1167 Normannum
804 1107 1061 1198 preceptorem
1089 1089 1253 1180 belline,
1276 1090 1513 1196 presentibus
1530 1091 1641 1169 lratre
1655 1093 1764 1169 Petro

347 1221 538 1309 de'Sacoe,
560 1221 672 1298 fratre
691 1221 854 1327 Symone
873 1221 970 1297 dicte
981 1220 1133 1310 domus,
1149 1238 1187 1297 et
1206 1221 1432 1327 quibusdam
1445 1221 1527 1298 aliis
1542 1222 1589 1298 de
1600 1251 1762 1329 quornm

346 1351 562 1429 nominibus
572 1351 798 1428 nonrecolit.
809 1352 911 1428 Dixit
924 1351 1039 1427 eciam
1049 1351 1376 1458 perjuramentum
1385 1353 1765 1460 suumquodpropter

346 1481 478 1557 multas
489 1482 743 1559 observancias
758 1481 844 1557 dicti
858 1481 1018 1570 ordinis,
1032 1498 1068 1556 et
1082 1482 1204 1588 posito
1215 1481 1286 1559 sibi
1302 1481 1477 1558 mantello
1488 1483 1535 1557 ad
1546 1482 1700 1570 collum,
1715 1486 1765 1560 di-

347 1628 425 1687 ctus
434 1611 863 1717 recipiensostenditsibi
873 1613 1073 1718 quamdam
1084 1639 1235 1689 cmcem
1248 1612 1408 1718 ligneam
1416 1614 1453 1689 in
1461 1641 1534 1717 qua
1542 1631 1621 1691 erat
1630 1642 1764 1720 ymago

344 1741 456 1817 lbesu
473 1742 610 1820 Christi
630 1742 790 1847 depicta,
815 1760 851 1818 et
868 1743 1037 1848 precepit
1049 1743 1121 1819 sibi
1143 1744 1181 1817 in
1201 1742 1336 1819 virtute
1351 1742 1571 1821 obediencie
1588 1745 1691 1848 quod
1708 1761 1765 1821 ter

344 1890 492 1978 spueret
502 1902 773 1978 supercrucem
788 1873 825 1948 in
841 1872 1021 1979 despectu
1035 1873 1195 1979 ejusqui
1211 1902 1340 1978 passus
1351 1872 1474 1949 luerat
1484 1874 1521 1949 in
1535 1902 1592 1964 ea,
1611 1891 1648 1950 et
1662 1877 1764 1980 quod

345 2022 493 2110 negaret
513 2030 617 2093 cum,
641 2004 745 2111 quod
765 2003 887 2080 facere
909 2004 1091 2081 recusavit
1114 2022 1295 2110 qnantum
1318 2004 1460 2109 potuit,
1491 2021 1672 2081 ettamen
1694 2007 1765 2082 boc

307 2171 310 2176 ·
345 2134 428 2212 lecit
445 2135 618 2223 finaliter,
641 2136 776 2213 ductus
790 2138 927 2213 timore
944 2164 992 2213 ne
1009 2137 1312 2213 incarceraretur.
1332 2136 1435 2213 Dixit
1450 2138 1566 2214 eciam
1580 2164 1648 2241 per
1662 2138 1766 2242 jnra-

344 2282 509 2343 mentum
523 2295 633 2344 suum
655 2268 759 2373 quod
779 2267 967 2345 osculatus
985 2267 1056 2345 luit
1071 2267 1213 2344 dictum
1234 2285 1468 2373 receptorem
1483 2269 1523 2342 in
1536 2266 1717 2343 umbilico
1729 2284 1765 2343 et

343 2396 380 2472 in
396 2423 460 2473 ore
475 2396 609 2473 solum.
623 2397 725 2473 Dixit
740 2398 855 2473 eciam
872 2425 940 2503 per
949 2398 1206 2506 juramentum
1217 2426 1329 2473 snum
1344 2398 1449 2503 quod
1462 2397 1583 2476 dictus
1593 2417 1766 2502 receptor

343 2526 500 2633 injunxit
518 2529 588 2605 sibi
606 2528 711 2632 quod
725 2527 753 2604 si
770 2528 905 2634 aliquis
919 2527 1021 2607 calor
1035 2528 1211 2605 naturalis
1231 2545 1399 2607 moveret
1418 2554 1523 2615 eum,
1542 2529 1647 2633 quod
1665 2558 1765 2606 com-

342 2657 514 2732 misceret
533 2686 573 2733 se
593 2687 679 2735 cnm
692 2657 868 2734 fratribus
879 2658 971 2747 suis,
984 2675 1022 2734 et
1031 2659 1135 2765 quod
1151 2659 1224 2735 hoc
1235 2673 1427 2763 pateretur
1439 2656 1486 2733 de
1498 2656 1578 2735 aliis
1591 2657 1765 2735 fratribus

344 2787 429 2863 suis.
444 2788 545 2863 Dixit
561 2805 686 2864 tamen
701 2789 806 2895 quod
818 2817 1011 2895 nunqnam
1023 2788 1129 2877 fecit,
1150 2779 1218 2867 nec
1240 2787 1310 2864 luit
1327 2787 1542 2891 requisitus.
1557 2789 1613 2864 De
1628 2789 1762 2893 eapite,

344 2917 434 2994 dixit
452 2918 554 3023 quod
574 2917 691 2995 nichil
708 2919 790 2995 scit.
810 2918 1025 3024 Requisitus
1045 2935 1172 2996 utrum
1184 2919 1231 3006 vi,
1248 2917 1307 2996 vel
1324 2933 1426 2993 metu
1444 2917 1599 2995 carceris
1616 2917 1673 2998 vel
1693 2936 1765 2994 tor·

344 3067 572 3138 mentorum,
595 3049 759 3156 aliquam
779 3048 914 3126 dixerit
927 3048 1125 3127 salsitatem
1141 3048 1213 3125 veli
1226 3048 1458 3127 mmiseuerit
1472 3049 1512 3124 in
1523 3048 1763 3153 deposicione

345 3206 424 3265 snm
448 3180 540 3255 dixit
554 3207 622 3286 per
637 3181 892 3285 juramentum
907 3209 1020 3257 suum
1033 3180 1136 3285 quod
1157 3208 1249 3265 non:
1274 3180 1391 3260 immo
1413 3179 1503 3255 dixit
1523 3179 1727 3255 veritatem.

397 3444 492 3517 Item
511 3440 624 3516 srater
643 3439 771 3517 Gnido
793 3441 839 3516 de
861 3441 1049 3528 Oratorio,
1068 3440 1181 3518 lreter
1204 3440 1293 3517 dicti
1315 3441 1459 3521 ordinis
1477 3441 1656 3527 serv-iens,
1683 3470 1767 3544 pre-

345 3589 470 3678 ceptor
491 3571 627 3647 domns
647 3571 694 3646 de
715 3570 998 3659 Sablonnieres,
1018 3572 1125 3649 etatis
1146 3571 1334 3676 sexaginta
1352 3571 1485 3649 decem
1506 3598 1688 3648 annorum
1709 3573 1765 3649 vel

347 3703 455 3789 circa,
473 3702 620 3806 juratus
635 3700 769 3777 eodem
790 3700 961 3777 modoet
976 3701 1177 3806 requisitus
1195 3700 1242 3775 de
1260 3717 1430 3804 tempore
1444 3718 1482 3777 et
1496 3702 1611 3778 modo
1627 3730 1694 3779 sue
1710 3732 1769 3778 re-

346 3832 550 3938 cepcionis‚
570 3832 662 3907 dixit
675 3858 742 3935 per
752 3832 1006 3938 juramentum
1028 3859 1138 3907 suum
1157 3829 1261 3935 quod
1276 3828 1349 3906 fnit
1369 3847 1540 3936 receptus
1557 3832 1656 3935 apud
1673 3834 1769 3907 Moi-

347 3961 484 4038 sin‘cum
513 3960 718 4039 Meldensis
743 3961 917 4047 diocesis,
947 3960 1013 4039 illo
1039 3988 1137 4041 anno
1164 3988 1241 4065 quo
1271 3958 1342 4037 luit
1371 3960 1546 4036 ultimum
1568 3961 1766 4038 concilium

346 4092 536 4198 Lugduni,
553 4120 622 4197 per
635 4090 788 4171 fratrem
801 4093 952 4169 Petrum
966 4092 1198 4169 Normenum
1219 4089 1394 4178 militem,
1412 4082 1630 4196 magistrum
1647 4090 1693 4165 de
1708 4090 1770 4165 ΑΙ-

346 4222 446 4309 neio‚
468 4221 705 4327 presentibus
721 4222 832 4299 lratre
852 4220 1007 4300 Alberto
1026 4221 1199 4326 Grognny
1218 4219 1353 4309 milite,
1380 4237 1417 4296 et
1438 4219 1665 4326 quibusdam
1687 4220 1768 4296 aliis

345 4352 396 4428 de.
411 4381 574 4458 quornm
591 4353 809 4433 nominibus
821 4381 900 4432 non
914 4351 1057 4433 recolit.
1072 4350 1174 4430 Dixit
1186 4351 1304 4429 eciam
1317 4378 1385 4456 per
1392 4353 1648 4459 juramentum
1659 4372 1765 4427 suum

344 4484 463 4586 (prod,
480 4502 566 4589 post
578 4484 846 4589 promissiones
861 4483 908 4561 dc
921 4481 1152 4561 observando
1169 4497 1305 4560 statuta
1317 4481 1476 4569 ordinis.
1494 4479 1566 4566 suit
1578 4496 1765 4584 receptus,

346 4615 626 4716 etposteaidem
641 4632 811 4720 receptor
824 4613 1021 4720 asportarit
1032 4613 1104 4694 sibi
1121 4642 1237 4693 uuam
1253 4640 1402 4691 crucem
1413 4614 1452 4688 in
1463 4640 1536 4716 qua
1549 4630 1626 4689 eret
1634 4640 1768 4718 ymago

345 4742 458 4822 ihesu
467 4745 624 4832 Christi,
643 4763 680 4822 et
691 4744 776 4823 lecit
790 4773 882 4822 eum
890 4771 1024 4850 spuere
1036 4762 1096 4821 ter
1107 4772 1221 4851 snper
1229 4771 1377 4826 erucem
1393 4743 1434 4819 in
1445 4743 1623 4846 despectu
1634 4743 1765 4819 erucis.

347 4875 559 4980 Reqnisitns
575 4876 621 4951 de
636 4874 783 4965 osculo,
799 4875 892 4953 dixit
901 4903 969 4980 per
974 4876 1231 4981 juramentum
1247 4902 1357 4952 snum
1373 4875 1478 4980 quod
1494 4873 1681 4959 osculatus
1696 4873 1767 4955 fuit
