4236 5948
734 528 925 620 raucus
953 546 1046 620 nas
1073 549 1373 622 'rennuens
1695 551 1761 623 un

344 720 426 765 cum
449 689 527 795 ipse
547 706 734 765 recusaret
749 691 822 766 hoc
840 688 977 776 lacere,
1002 690 1124 767 dictus
1144 710 1315 798 receptor
1336 694 1429 768 dixit
1450 693 1483 768 ei
1505 695 1607 798 quod
1630 694 1680 769 ita
1702 693 1766 768 de·

342 819 453 896 bebat
473 818 612 906 lacere,
636 819 705 895 alia
726 848 834 896 causa
863 847 940 896 non
961 848 1147 926 expressa,
1172 840 1209 898 ct
1228 839 1319 898 tunc
1340 822 1417 928 ipse
1446 823 1552 899 testis
1572 822 1762 929 abnegavit

342 951 498 1026 ihesum
512 978 577 1027 ore
591 976 667 1026 non
683 951 796 1027 corde
813 969 849 1026 ct
860 951 1022 1027 multum
1037 950 1179 1028 dolens.
1199 954 1329 1029 Postea
1343 953 1436 1029 dixit
1452 953 1485 1028 ei
1501 955 1604 1059 quod
1620 970 1765 1058 poterat

343 1079 538 1156 carnaliter
565 1081 799 1157 commisceri
825 1079 1002 1157 fratribus
1025 1081 1167 1158 ordinis
1189 1100 1226 1159 ct
1246 1082 1314 1189 ipsi
1336 1112 1422 1159 cum
1444 1111 1508 1166 eo:
1546 1084 1616 1158 hoc
1640 1101 1763 1158 tamen

343 1239 417 1286 non
439 1209 527 1285 lecit
544 1239 612 1285 nec
632 1209 703 1285 luit
722 1210 946 1316 requisitus,
971 1239 1038 1286 nec
1052 1212 1172 1287 credit
1187 1213 1291 1318 quod
1308 1213 1453 1290 dictum
1471 1231 1665 1319 peccatum
1679 1241 1764 1318 per—

342 1358 550 1448 petraretur
571 1341 609 1416 in
638 1341 783 1418 ordine.
804 1344 892 1418 Post
913 1343 983 1418 hec
1008 1342 1129 1419 dictus
1150 1362 1321 1450 receptor
1338 1345 1528 1422 osculatus
1552 1344 1622 1422 luit
1641 1347 1762 1450 ipsum

343 1490 476 1548 testem
502 1472 596 1547 circa
617 1471 840 1548 umbilicum
866 1501 977 1577 supra
998 1489 1131 1560 vestes,
1160 1474 1288 1550 dicens
1308 1474 1409 1550 idem
1435 1475 1541 1552 testis
1561 1476 1663 1581 quod
1683 1504 1766 1580 pre-

345 1601 438 1678 dicta
457 1619 535 1677 acta
556 1601 709 1679 luerunt
727 1620 765 1679 et
788 1602 885 1679 dicta
907 1603 945 1677 in
968 1603 1158 1708 presencia
1180 1605 1384 1681 astancium
1406 1604 1676 1710 predictorum.
1700 1608 1767 1681 ue-

344 1734 504 1840 quisitus
524 1734 552 1810 si
575 1734 644 1809 alia
665 1734 862 1810 inhonesta
883 1734 1165 1810 intervenerunt
1195 1736 1232 1810 in
1254 1735 1351 1810 dicta
1371 1765 1438 1812 sua
1465 1736 1684 1840 reccpcionc
1712 1737 1765 1811 vel

344 1882 445 1968 post,
473 1864 667 1970 respondit
686 1863 788 1970 quod
806 1892 894 1940 non.
912 1864 1128 1971 Requisitus
1148 1866 1178 1942 si
1194 1868 1277 1954 scit,
1305 1867 1441 1954 credit,
1460 1866 1515 1943 vel
1535 1867 1678 1943 audivit
1695 1867 1764 1941 dici

344 1996 445 2102 quod
464 1996 630 2102 predicta
648 1995 775 2071 illicita
793 1995 996 2073 confessata
1017 2026 1084 2102 per
1103 2025 1191 2073 eum
1213 2016 1277 2074 aut
1296 1999 1367 2074 alia
1390 1998 1586 2075 inhonesta
1606 1998 1767 2072 interve—

344 2127 468 2203 nirent
498 2127 751 2204 communiter
778 2127 816 2201 in
842 2128 1126 2232 recepcionibus
1150 2128 1310 2207 aliorum
1337 2129 1393 2206 vel
1420 2129 1551 2205 saltem
1578 2147 1676 2235 post,
1709 2157 1763 2204 re-

345 2257 495 2363 spondit
512 2257 599 2362 quia
618 2257 712 2333 vidit
731 2256 844 2362 recipi
861 2257 899 2332 in
921 2257 1053 2334 ordine
1070 2256 1221 2335 lratrem
1240 2259 1447 2336 Robertum
1463 2259 1511 2335 de
1526 2259 1664 2367 Bluoys
1686 2259 1769 2335 (lta-

345 2388 592 2465 ramontcnsis
610 2387 785 2475 diocesis,
808 2388 1049 2475 servientem,
1069 2389 1116 2467 de
1130 2391 1238 2497 cujus
1258 2392 1328 2466 vita
1350 2390 1405 2466 vel
1424 2407 1544 2465 morte
1564 2388 1768 2467 nonhabet

345 2520 626 2605 certitudinem,
665 2548 779 2624 quem
812 2520 953 2625 recepit
983 2518 1097 2596 lratcr
1126 2520 1334 2597 Ademarus
1369 2520 1415 2595 de
1446 2521 1630 2625 Peyrucza
1659 2521 1769 2596 miles

345 2650 552 2758 quondam,
575 2650 673 2732 ultra
693 2678 811 2740 mare,
834 2649 1045 2756 in·capella
1073 2650 1209 2728 domus
1240 2651 1389 2756 Templi
1417 2651 1463 2726 de
1491 2649 1661 2756 Sydone‚
1684 2680 1766 2756 pre-

345 2781 513 2858 sentibus
534 2780 702 2857 Johanne
729 2779 911 2867 Senandi,
933 2797 1028 2856 teste
1050 2781 1102 2855 eri
1125 2781 1355 2870 examinate,
1378 2798 1416 2856 et
1435 2779 1662 2886 quibusdam
1689 2782 1769 2856 aliis

346 2913 390 2989 de
406 2913 547 3018 quihus
563 2939 639 2989 non
660 2911 808 3000 recolit,
831 2926 919 2986 sunt
936 2909 1035 2987 bene
1048 2907 1112 2987 xxfi
1128 2911 1214 2986 anni
1224 2911 1280 2986 vel
1292 2911 1398 2986 circa.
1416 2910 1527 2998 Item,
1550 2909 1641 2985 vidit
1653 2912 1766 3016 recipi

344 3042 496 3120 fratrem
511 3045 662 3118 Petrum
681 3042 728 3117 de
743 3041 859 3119 Viena
878 3041 916 3116 in
942 3040 1081 3146 capella
1101 3041 1238 3118 domus
1257 3041 1406 3145 Templi
1423 3038 1663 3144 Tripolitani,
1681 3057 1768 3116 sunt

344 3171 440 3248 bene
459 3199 547 3248 ιιιιι
567 3172 654 3247 anni
674 3171 731 3248 vel
749 3171 860 3261 circa,
877 3199 945 3277 per
963 3170 1115 3247 fratrem
1133 3170 1344 3250 Gerardum
1360 3170 1573 3247 Fabrisacot
1589 3170 1765 3252 militem,

343 3303 534 3410 quondam
549 3318 807 3408 preceptorem
822 3301 918 3377 dicte
933 3301 1089 3390 domus,
1107 3301 1344 3407 presentibus
1364 3299 1541 3377 fratribus
1552 3301 1765 3406 Radulplao,

345 3436 499 3510 nacione
517 3433 691 3522 Picardo,
712 3433 913 3522 serviente,
934 3450 971 3508 et
994 3433 1167 3539 pluribus
1187 3433 1269 3509 aliis
1285 3437 1332 3508 de
1358 3433 1499 3538 quibus
1518 3458 1595 3509 non
1617 3434 1766 3520 recolit,

344 3567 448 3643 etde
478 3594 641 3670 quorum
666 3565 739 3640 vita
761 3565 818 3640 vel
846 3582 967 3641 morte
997 3563 1210 3641 nonhabet
1237 3564 1515 3641 certitudinem.
1543 3566 1654 3656 ltern,
1677 3565 1769 3639 vidit

343 3696 457 3800 recipi
473 3696 512 3770 in
534 3695 672 3800 capella
691 3696 829 3770 domus
847 3693 994 3799 Templi
1013 3694 1059 3770 de
1080 3693 1245 3770 Folhosa
1257 3693 1571 3771 Claramontensis
1593 3692 1765 3784 diocesis,

343 3843 430 3903 sunt
449 3843 534 3903 octo
550 3826 635 3900 anui
657 3825 713 3900 vel
731 3824 840 3913 circa,
863 3822 1015 3899 fratrem
1033 3825 1244 3901 Jobanncm
1258 3822 1397 3928 Atgcrii
1417 3825 1651 3912 servientem,
1671 3827 1767 3902 dicte

343 3956 658 4034 Claramontensis
674 3954 849 4040 diocesis,
866 3952 932 4059 qui
947 3951 1093 4060 aufugit
1105 3953 1258 4059 quando
1274 3953 1335 4028 alii
1356 3954 1453 4058 capti
1469 3952 1637 4039 luerunt,
1652 3983 1766 4058 quern

343 4087 483 4192 recepit
502 4085 616 4161 lratcr
635 4083 868 4161 Humbcrtus
888 4083 1027 4160 Blancri
1040 4083 1165 4171 miles,
1183 4084 1248 4189 qui
1267 4084 1458 4161 detinetur
1469 4082 1508 4155 in
1519 4081 1663 4187 Anglia,
1683 4110 1765 4186 prc-

343 4234 447 4294 sente
469 4216 570 4292 dicto
584 4216 753 4293 Iohanne
771 4213 934 4292 Senandi
957 4228 995 4289 et
1010 4213 1201 4318 Stephano
1220 4214 1269 4290 de
1289 4213 1469 4299 Cellario,
1491 4211 1555 4317 qui
1578 4211 1769 4289 detinetur

343 4347 482 4438 Riomi,
501 4347 537 4421 in
558 4374 720 4452 quorum
740 4343 1024 4450 reccpcionibus
1044 4343 1137 4421 vidit
1156 4342 1261 4450 quod
1279 4341 1443 4449 predicta
1461 4342 1562 4418 licita
1586 4360 1623 4418 et
1641 4343 1769 4419 illicita

344 4477 545 4554 conlassata
565 4505 634 4582 per
650 4504 738 4553 eum
752 4476 1035 4552 intervenerunt
1055 4492 1091 4550 et
1107 4490 1248 4550 servata
1263 4472 1435 4561 luerunt;
1458 4471 1626 4577 plurium
1641 4499 1768 4577 recep-

298 4589 302 4598 ·
344 4607 518 4685 cionibus
537 4635 611 4682 non
633 4606 766 4684 recolit
785 4634 824 4683 se
841 4605 1015 4681 adfuisse.
1038 4605 1150 4695 ltem‚
1175 4603 1269 4680 dixit
1290 4602 1492 4679 secredere
1514 4601 1620 4708 quod
1639 4601 1769 4678 fratres

345 4737 489 4813 ordinis
509 4738 706 4814 crederent
732 4736 970 4812 sacramentis
996 4733 1267 4821 ecclesiasticis,
1289 4732 1429 4838 quibus
1461 4733 1537 4838 ipse
1568 4732 1665 4808 benc
1691 4763 1769 4807 cre-

346 4866 478 4955 debat,
503 4883 539 4941 et
553 4866 655 4971 quod
669 4894 801 4942 eorum
818 4863 1027 4941 sacerdotes
1041 4863 1169 4941 debite
1184 4862 1430 4939 celebrarent.
1449 4863 1489 4937 ln
1500 4864 1768 4938 terminacinnc

1575 5018 1619 5079 19.
