4236 5948
248 417 322 488 tao
635 394 832 486 rnocns
857 409 953 482 ons
979 406 1278 479 rennuens,

246 572 334 631 enm
354 554 394 630 in
413 552 490 628 line
505 554 609 656 spine
631 551 730 628 dorsi
747 569 785 628 et
802 551 841 626 in
863 547 1044 626 umbilico
1066 563 1104 623 et
1119 547 1157 622 in
1172 574 1249 623 ore.
1271 545 1372 623 Dixit
1391 546 1510 625 eciem
1527 576 1602 656 per-
1610 552 1669 660 jn·

245 701 453 762 ramentum
468 712 579 759 suum
597 682 699 788 quod
713 683 924 789 injunctum
941 678 1013 756 luit
1025 677 1097 754 sibi
1112 679 1218 783 quod
1233 679 1263 755 si
1279 678 1572 761 calor-naturalis
1584 706 1668 763 mo·

243 833 345 892 voret
362 842 467 903 eum,
482 814 592 918 quod,
603 813 862 889 commisceret
880 839 919 888 se
940 838 1025 886 cum
1046 808 1222 886 fratribus
1234 810 1325 898 suis,
1344 827 1381 886 et
1394 810 1466 887 boc
1477 827 1669 915 pateretur

244 945 291 1023 de
309 944 486 1022 fratribus
506 945 592 1019 suis.
615 944 830 1049 Requisitus
849 959 976 1018 utrum
996 941 1042 1028 vi,
1062 940 1119 1015 vel
1137 957 1240 1015 metu
1256 939 1412 1017 carceris
1427 939 1667 1020 vel-tormen·

243 1093 384 1164 torum,
400 1075 563 1180 aliquam
579 1073 712 1150 dixerit
726 1072 923 1149 salsitatem
938 1071 994 1147 vel
1010 1071 1254 1148 immiscuerit
1268 1071 1306 1146 in
1321 1070 1562 1177 deposicione
1578 1102 1662 1161 suu,

243 1205 333 1282 dixit
346 1235 413 1311 per
424 1206 679 1310 juramentum
698 1231 807 1280 suum
819 1201 923 1309 quod
938 1229 1034 1289 non;
1051 1202 1167 1277 immo
1184 1200 1276 1278 dixit
1290 1200 1494 1277 veritatem.

296 1469 388 1543 Item
424 1467 537 1544 frater
573 1467 793 1572 Radulpbus
821 1467 965 1559 Quarre
993 1465 1137 1540 ordinis
1164 1464 1338 1569 predicti,
1371 1464 1478 1541 etatis
1511 1465 1660 1571 triginta

239 1598 406 1705 quinque
433 1627 616 1675 annorum
637 1598 693 1675 vel
717 1599 828 1687 circa,
846 1597 992 1703 juratus
1014 1596 1149 1672 eodem
1169 1595 1300 1686 modo,
1328 1612 1365 1672 et
1386 1596 1588 1701 requisitus
1616 1598 1661 1672 de

237 1746 405 1835 tempore
418 1747 454 1807 et
470 1729 582 1807 modo
597 1728 917 1834 recepcionissue,
931 1721 1022 1803 dixit
1031 1726 1358 1833 perjuramentum
1369 1753 1480 1802 suum
1487 1728 1593 1832 quod
1603 1756 1662 1803 re-

238 1876 365 1964 ceptus
373 1859 446 1937 fuit
459 1860 633 1947 Parisius,
650 1889 718 1965 per
733 1861 882 1937 fratrem
897 1859 1105 1936 Johannem
1121 1857 1394 1934 thesaurarium
1414 1858 1657 1935 Parisiensem

236 1990 301 2094 qui
314 2007 654 2096 nuncest‚quatuor
662 1992 749 2067 anni
758 2009 844 2067 sunt
853 1988 1164 2096 elapsiDixitper
1171 1990 1427 2094 juramentum
1438 1991 1658 2096 suumquod

236 2114 437 2222 recipiens,
458 2138 542 2226 post
560 2122 697 2198 multas
716 2121 982 2226 promissiones
1004 2117 1052 2194 de
1073 2118 1311 2196 observandis
1332 2120 1477 2195 statutis
1500 2119 1656 2207 ordinis,

236 2251 360 2353 posuit
381 2250 451 2326 sibi
477 2250 696 2326 mantellum
718 2251 766 2325 nd
790 2249 950 2338 collum,
975 2265 1012 2324 et
1034 2266 1165 2354 postea
1183 2249 1349 2326 ostendit
1368 2248 1438 2326 sibi
1459 2250 1656 2356 quamdam

235 2406 385 2455 crucem
396 2381 433 2454 in
448 2408 522 2485 qna
537 2397 616 2456 erat
624 2408 755 2487 ymago
765 2382 784 2455 l
789 2381 882 2457 besu
892 2378 1046 2467 Christi,
1061 2394 1101 2455 et
1115 2380 1281 2484 precepit
1295 2380 1328 2455 ei
1343 2381 1445 2485 quod
1458 2381 1658 2487 abnegaret

234 2507 340 2584 illum
358 2510 463 2617 cujus
483 2537 615 2617 ymago
629 2529 706 2586 erat
723 2510 796 2597 ibi,
820 2528 855 2585 et
875 2509 978 2615 quod
996 2525 1149 2614 spueret
1165 2527 1223 2586 ter
1240 2538 1351 2613 supra
1367 2538 1533 2598 crucem,
1553 2511 1657 2616 quod

233 2647 333 2727 fecit.
347 2649 613 2756 Requisitusde
623 2650 770 2739 osculo,
791 2648 957 2754 dixitper
967 2647 1225 2755 juramentum
1236 2677 1346 2726 suum
1357 2649 1461 2754 quod
1473 2650 1657 2727 osculatus

232 2777 303 2854 fuit
321 2780 563 2885 recipientem
584 2796 650 2867 ter,
671 2779 794 2884 primo
810 2779 850 2854 in
868 2778 942 2854 fine
958 2779 1062 2883 spine
1083 2777 1202 2868 dorsi,
1220 2779 1386 2856 secundo
1403 2780 1443 2854 in
1457 2780 1653 2870 umbilico,

233 2926 271 2985 et
287 2911 404 2986 tercio
426 2911 557 2985 inore.
579 2910 679 2986 Dixit
706 2910 823 2986 eciam
843 2937 911 3014 per
921 2908 1178 3015 juramentum
1196 2937 1307 2985 suum
1322 2909 1427 3015 quod
1447 2908 1655 3014 injunctum

231 3039 304 3114 suit
327 3038 397 3115 sibi
418 3039 521 3144 quod
543 3039 573 3113 si
591 3036 691 3114 calor
709 3035 885 3114 naturalis
910 3054 1076 3117 moveret
1093 3064 1197 3127 eum,
1220 3038 1324 3144 quod
1345 3039 1603 3116 commisceret
1616 3069 1655 3117 se

232 3197 316 3243 curn
332 3167 507 3244 fratribus
517 3168 610 3254 suis,
623 3184 660 3243 et
670 3168 742 3244 hoc
755 3183 946 3272 pateretur
960 3167 1008 3242 de
1020 3165 1196 3244 fratribus
1206 3168 1293 3245 suis.
1304 3168 1518 3273 Requisitus
1528 3186 1653 3246 utrum

231 3299 281 3385 vi,
303 3295 360 3372 vel
381 3314 484 3373 metu
503 3297 659 3373 carceris
674 3296 732 3373 vel
747 3313 1036 3383 tormentorum,
1056 3297 1219 3402 aliquam
1235 3297 1370 3374 dixerit
1384 3295 1582 3377 falsitatem
1599 3301 1653 3377 vel

232 3428 473 3505 immiscuerit
492 3428 531 3502 in
552 3428 790 3532 deposicione
815 3456 896 3515 sua,
920 3427 1011 3504 dixit
1032 3454 1100 3533 per
1120 3428 1379 3534 juramentum
1408 3457 1519 3505 suum
1550 3432 1652 3535 quod

231 3584 326 3643 non;
342 3558 457 3633 immo
475 3558 564 3633 dixit
582 3559 785 3636 veritatem.

286 3824 377 3897 {tem
395 3822 492 3898 dicta
513 3823 591 3912 die,
619 3823 759 3900 scilicet
773 3824 928 3903 Veneris
943 3841 1028 3901 ante
1043 3822 1180 3901 festum
1201 3824 1377 3930 Symonia
1397 3841 1435 3900 et
1452 3824 1564 3912 lude,
1582 3822 1653 3901 lra-

228 3966 285 4025 ter
309 3953 496 4029 Parisetus
525 3952 572 4029 de
596 3955 713 4032 Buces
739 3952 985 4062 Lingonensis
1004 3953 1177 4044 diocesis,
1202 3953 1314 4029 frater
1337 3953 1532 4062 bergerius
1552 3953 1651 4060 apud

229 4082 481 4186 Latigniacum
499 4082 663 4171 siccum,
685 4085 791 4161 etatis
812 4084 1052 4192 quadraginta
1073 4085 1242 4189 quinque
1262 4108 1446 4160 annorum
1460 4084 1518 4160 vel
1536 4086 1648 4172 circa,

221 4213 367 4317 juratus
375 4214 509 4289 eodem
519 4214 647 4301 modo,
658 4232 695 4299 et
704 4214 959 4320 requisitusde
967 4230 1138 4320 tempore
1148 4230 1185 4289 et
1196 4213 1311 4293 modo
1320 4242 1397 4290 suae
1407 4215 1648 4321 recepcionis‚

227 4341 318 4417 dixit
336 4372 406 4448 per
415 4344 668 4449 juramentum
689 4372 798 4421 suum
822 4344 925 4452 quod
951 4344 1023 4421 fuit
1042 4362 1214 4450 receptus
1235 4345 1272 4420 in
1299 4345 1413 4421 domo
1436 4345 1530 4422 Boni
1560 4343 1659 4421 loci

226 4472 420 4549 Trecensis
439 4473 612 4562 diocesis,
632 4501 700 4579 per
710 4474 861 4551 fratrem
872 4474 1092 4551 Ymbertum
1110 4474 1268 4550 militem
1285 4474 1372 4550 dicti
1389 4473 1549 4564 ordinis,
1561 4491 1651 4551 tres

228 4600 348 4675 decim
363 4603 450 4677 anni
466 4618 555 4678 sunt
567 4604 693 4709 elapsi.
708 4605 810 4683 Dixit
824 4604 940 4681 eciam
954 4634 1022 4710 per
1030 4606 1288 4712 juramentum
1304 4633 1415 4681 suum
1427 4604 1549 4709 quod,
1567 4621 1650 4711 post

227 4729 359 4805 multas
383 4733 650 4836 promissiones
675 4732 722 4811 de
747 4735 894 4812 statutis
908 4753 951 4812 et
973 4735 1220 4813 observanciis
1247 4735 1334 4811 dicti
1356 4735 1498 4812 ordinis
1517 4733 1646 4823 famu,
