4236 5948
352 555 400 626 aa
747 531 942 627 procus
968 552 1063 622 nus
1090 549 1389 622 ruurmuas.

352 721 505 772 cosnec
528 691 853 771 denunciaverunt
864 693 1042 771 Ecclesie.
1064 692 1300 770 Elemosinas
1321 710 1358 768 et
1379 688 1673 796 hospitalitatem
1692 688 1786 766 vidit

350 825 620 905 convenienter
640 822 721 900 [ieri
753 843 790 903 ct
809 826 945 903 servari
970 825 1009 901 in
1035 824 1214 901 domibus
1240 822 1385 902 ordinis
1414 820 1454 896 iu
1481 820 1621 927 quibus
1647 819 1787 898 exstitit

348 974 615 1036 commoratus.
638 957 939 1037 Dellendebatur
955 958 1008 1034 eis
1028 958 1134 1063 quod
1147 955 1276 1034 illicite
1297 983 1375 1033 non
1391 953 1630 1061 acquirerent
1646 952 1784 1031 ordini.

349 1079 537 1199 Capitulia
558 1090 759 1199 singularia
782 1088 1119 1198 quibus-interluit
1137 1090 1364 1168 tenebantur
1385 1087 1498 1175 clam,
1522 1104 1559 1164 et
1581 1085 1786 1194 aliquando

349 1223 583 1330 tempestive.
614 1224 696 1299 Non
718 1222 838 1299 credit
858 1221 963 1328 quod
981 1249 1127 1297 errores
1144 1250 1212 1327 per
1233 1249 1321 1297 eum
1343 1218 1539 1297 coufessati
1559 1218 1674 1327 longo
1689 1236 1788 1295 tem-

350 1383 442 1462 pore
470 1355 684 1431 duraverint
712 1355 750 1430 in
771 1353 905 1431 ordine
927 1370 1012 1430 ante
1034 1353 1294 1459 recepcionem
1315 1380 1441 1440 suam,
1454 1337 1534 1427 'sed
1554 1349 1788 1428 credulitatis

350 1514 500 1563 causam
517 1485 672 1562 nescivit
689 1486 886 1593 assignare.
905 1483 1022 1577 Quod
1036 1513 1196 1591 maguus
1214 1483 1390 1590 Magister
1406 1511 1493 1558 cum
1513 1497 1700 1559 conventu
1715 1498 1789 1558 sta-

350 1618 484 1694 tuisset
494 1634 674 1694 servasset
684 1632 788 1693 totus
806 1616 919 1703 ord0‚
938 1633 1065 1692 contra
1082 1644 1197 1720 quem
1213 1643 1315 1691 nunc
1331 1613 1488 1720 grandia
1502 1612 1692 1701 scandala,
1710 1642 1789 1689 sus-

351 1748 450 1857 picio
472 1765 510 1823 et
530 1745 683 1823 infamia
704 1764 794 1824 sunt
815 1764 958 1835 exorta,
982 1763 1020 1823 et
1045 1764 1173 1825 contra
1197 1775 1312 1853 quem
1339 1744 1482 1822 audivit
1511 1744 1583 1821 dici
1608 1773 1787 1853 magnum
1825 1781 1829 1789 r

352 1879 573 1988 Magistrum
594 1894 631 1954 et
647 1876 740 1954 alios
760 1876 908 1983 aliquos
929 1905 1075 1953 errores
1095 1875 1211 1955 luisse
1233 1874 1434 1953 confessos.
1456 1874 1657 1954 Obtulerat
1677 1905 1715 1953 se
1741 1879 1789 1952 ad

353 2010 627 2087 deffensionem
644 2009 789 2086 ordinis
800 2036 877 2084 uua
894 2037 979 2084 cum
1002 2008 1095 2085 aliis.
1124 2054 1128 2060 ,

409 2142 625 2249 Requisitus
643 2141 672 2217 si
688 2141 740 2217 sic
757 2140 985 2246 deposuerat
999 2169 1122 2246 prece,
1140 2159 1329 2248 precept0,
1347 2143 1498 2234 timore,
1515 2170 1656 2232 amore,
1680 2142 1785 2232 odic,

353 2273 410 2352 vel
430 2272 629 2380 temporali
652 2272 814 2349 comodo
835 2272 966 2349 habito
981 2272 1040 2348 vel
1062 2272 1252 2362 babendo,
1274 2274 1472 2381 respondit
1487 2273 1593 2381 quod
1610 2303 1700 2365 non,
1720 2272 1788 2351 sed

354 2434 422 2513 pro
441 2405 595 2482 veritate
624 2402 802 2492 dicenda3
832 2403 892 2479 cui
917 2401 990 2480 luit
1013 2404 1231 2512 injunctum
1254 2403 1359 2511 quod
1385 2433 1462 2481 uon
1487 2403 1670 2482 revelaret
1692 2406 1789 2481 hanc

353 2565 460 2615 suam
482 2535 766 2642 deposicionem
788 2563 990 2641 quousque
1011 2535 1274 2613 attestacioues
1293 2533 1436 2612 luerint
1454 2535 1656 2642 publicate.

411 2669 501 2746 Acta
518 2666 675 2745 fuerunt
696 2668 767 2743 hec
787 2667 897 2744 dictis
919 2667 980 2743 die
1003 2685 1040 2745 et
1061 2667 1157 2760 loc0,
1178 2666 1418 2774 presentibus
1438 2669 1616 2776 magistro
1631 2668 1786 2758 Amisio,

354 2829 415 2876 me
448 2799 706 2878 Floriamonte
730 2797 952 2888 Dondedei,
987 2816 1025 2875 ot
1055 2799 1137 2878 aliis
1163 2799 1321 2878 notariis
1350 2827 1463 2905 supra
1492 2800 1630 2878 ultimo
1666 2800 1789 2876 nomi-

356 2949 463 3009 natis.

411 3198 500 3274 Post
518 3197 599 3286 bec,
624 3196 685 3272 die
705 3197 805 3274 Jovis
824 3200 1010 3303 sequenti,
1034 3227 1108 3306 que
1128 3200 1202 3278 luit
1221 3228 1258 3278 xi
1277 3200 1358 3277 dies
1378 3199 1468 3277 dicti
1491 3201 1630 3276 mensis
1646 3201 1787 3292 Marcii,

354 3325 426 3401 luit
453 3325 638 3403 adductus
661 3328 709 3403 ad
733 3330 965 3432 presenciam
993 3331 1218 3407 eorumdem
1245 3332 1489 3408 dominorum
1516 3331 1790 3410 commissario-

355 3486 441 3534 rum
464 3475 502 3534 et
527 3457 671 3534 domini
693 3461 853 3548 Matbei,
873 3462 913 3537 in
935 3462 1051 3540 domo
1071 3464 1240 3570 predicta
1265 3464 1422 3541 fratrum
1443 3465 1653 3552 Minorum‚
1676 3465 1790 3541 frater

354 3588 583 3697 Baudoynus
611 3591 658 3665 de
684 3589 773 3668 Gisa
798 3593 962 3669 serviens
988 3594 1252 3671 Laudunensis
1272 3595 1449 3683 diocesis,
1476 3596 1582 3672 testis
1603 3624 1713 3703 supra
1725 3598 1789 3704 ju·

355 3737 473 3810 ratus,
490 3738 534 3797 ut
553 3720 763 3826 deponeret
778 3723 922 3800 dictum
942 3753 1072 3817 suum,
1090 3725 1314 3803 mantellum
1331 3726 1476 3803 ordinis
1497 3727 1703 3815 defferens,
1723 3729 1788 3834 qui

354 3867 510 3956 propter
529 3850 807 3942 infirmitatem,
830 3872 874 3930 ut
895 3856 1005 3947 dixit,
1025 3858 1106 3933 radi
1127 3856 1267 3934 lecerat
1281 3856 1352 3935 sibi
1373 3856 1550 3950 barbam,
1573 3885 1701 3935 xxxuu
1722 3888 1789 3934 an-

354 4010 493 4059 norum
511 3982 570 4059 vel
587 3985 701 4073 circa,
728 4015 815 4062 cum
841 4016 917 4093 quo
939 3989 1163 4094 inquisitum
1183 3988 1325 4082 luerat,
1348 3988 1544 4068 absolutus
1563 4006 1601 4066 et
1620 3991 1789 4068 reconci-

353 4115 466 4192 liatus
499 4144 567 4221 per
588 4115 787 4233 dominum
809 4119 1029 4226 episcopum
1050 4122 1323 4211 Parisiensem3
1346 4139 1384 4198 et
1405 4121 1679 4227 protestaeioue
1704 4151 1789 4229 pre·

354 4249 465 4324 missa
493 4247 598 4353 quod
631 4278 706 4325 non
742 4250 907 4327 intendit
931 4255 1108 4330 recedere
1138 4284 1158 4331 a
1189 4254 1447 4359 deposicione,
1480 4282 1549 4359 per
1579 4281 1667 4330 eum
1694 4251 1788 4331 lacta

353 4407 477 4456 coram
499 4379 600 4457 dicto
622 4380 778 4458 domino
797 4384 972 4491 episcopo
993 4385 1209 4478 Parisiensi,
1232 4385 1339 4464 lectis
1365 4403 1403 4463 et
1421 4385 1623 4492 diligenter
1644 4388 1789 4492 exposi-

354 4511 401 4587 tis
420 4510 491 4587 sibi
513 4511 691 4591 omnibus
712 4532 749 4590 et
769 4515 928 4623 singulis
948 4518 1132 4610 articulis,
1155 4519 1353 4624 respondit
1377 4547 1416 4597 se
1437 4518 1600 4606 nescire,
1618 4545 1688 4594 nec
1709 4547 1788 4594 cre·

355 4641 457 4728 dere,
474 4670 545 4718 nec
560 4645 745 4723 audivisse
765 4648 839 4724 dici
856 4649 903 4725 de
919 4651 1107 4728 contentis
1123 4652 1160 4727 in
1176 4652 1265 4758 ipsis
1280 4651 1353 4728 nisi
1369 4650 1475 4758 quod
1489 4651 1672 4759 sequitur.
1689 4651 1787 4745 Quia

354 4800 431 4847 uon
444 4772 586 4852 viderat
606 4776 771 4883 aliquem
794 4779 912 4857 aliurn
928 4782 1041 4888 recipi
1063 4783 1101 4859 in
1124 4784 1271 4871 ordine,
1289 4812 1359 4861 nec
1379 4783 1602 4861 interfuerat
1615 4782 1786 4891 capitulis

309 4944 321 4966 ·
353 4931 498 4994 eorum,
522 4935 590 4983 nec
611 4923 765 4987 steterat
776 4911 816 4987 in
837 4913 983 5004 ordine,
1007 4914 1077 4992 nisi
1099 4917 1205 5022 quasi
1223 4944 1292 5023 per
1311 4914 1515 4993 dimidium
1537 4944 1678 4993 annum
1700 4933 1786 4993 ante
