4236 5948
354 561 401 635 sa
742 535 939 634 esoces
966 559 1061 632 nas
1087 560 1392 634 ratramnus.

351 704 466 811 recipi
490 704 530 780 in
555 703 706 792 ordine,
734 730 804 780 nec
829 701 1051 781 interfuerat
1074 702 1246 810 capitulis
1271 731 1421 793 eorum,
1447 703 1536 810 quia
1559 703 1784 783 intendebat

352 837 400 913 ad
421 835 704 944 agriculturam,
725 835 827 912 unde
845 835 1037 913 nesciebat
1054 836 1101 913 de
1117 833 1304 912 contentis
1323 834 1491 911 indictis
1510 834 1692 925 articulis,
1714 863 1785 914 nec

352 967 530 1047 credebat
549 997 620 1046 neo
639 967 832 1046 audiverat
847 968 920 1046 dici
938 968 1007 1044 nisi
1022 970 1127 1076 quod
1147 967 1331 1075 sequitur,
1349 966 1452 1044 Dixit
1466 966 1570 1045 enim
1584 968 1691 1074 quod
1703 969 1784 1075 ipse

352 1118 526 1209 receptus
554 1099 676 1178 suerat
701 1098 741 1176 in
769 1099 910 1206 capella
936 1100 1075 1178 domus
1094 1098 1246 1206 Templi
1272 1098 1320 1176 de
1346 1097 1453 1176 Bello
1483 1098 1594 1178 Vissu
1625 1097 1786 1179 diocesis

353 1234 598 1322 Senonensis,
615 1232 803 1310 dominica
815 1249 902 1338 post
916 1232 1059 1310 instans
1073 1232 1214 1310 festum
1227 1233 1468 1309 Pentecostes
1481 1248 1595 1308 erunt
1604 1257 1682 1310 xurr
1695 1235 1784 1310 anni

352 1365 409 1442 vel
430 1366 540 1457 circa,
561 1393 631 1472 per
649 1364 805 1441 fratrem
827 1365 1039 1442 iohannem
1065 1366 1113 1442 de
1134 1367 1266 1442 Turno
1288 1363 1499 1470 quondam,
1520 1380 1612 1441 tunc
1630 1365 1785 1443 thesau-

352 1496 492 1575 rarium
528 1496 793 1585 Parisiensem,
827 1495 1070 1603 presentibus
1103 1494 1283 1573 fratribus
1316 1494 1482 1573 Roberto
1516 1495 1662 1572 Picardi
1693 1514 1785 1575 tunc

351 1645 572 1737 preceptore
593 1627 641 1703 de
661 1625 808 1718 Furcis,
837 1643 875 1704 et
897 1627 1070 1705 Johanne
1090 1627 1189 1734 Lupi
1212 1627 1404 1706 vineatore
1429 1627 1530 1705 dicte
1552 1627 1690 1705 domus
1713 1656 1786 1706 ser

350 1760 556 1848 viantibus,
579 1758 798 1851 deffunctis3
820 1788 840 1836 a
859 1787 937 1865 quo
960 1759 1062 1836 dicto
1081 1775 1275 1865 receptore
1300 1746 1388 1837 cum
1408 1760 1592 1836 instanter
1611 1758 1785 1865 peciisset

350 1918 487 1998 panem
514 1909 553 1969 ct
579 1918 731 1997 aquam,
754 1890 973 1967 societatem
995 1907 1033 1969 et
1056 1918 1263 1998 pauperem
1288 1892 1465 1970 vestitum
1490 1890 1652 1979 ordinis,
1685 1907 1723 1969 et
1749 1893 1783 1970 ei

349 2023 608 2130 respondisset
631 2023 737 2129 quod
762 2020 861 2100 bene
887 2022 1133 2112 deliberaret,
1162 2024 1251 2129 quia
1276 2040 1471 2130 oporteret
1490 2051 1579 2101 eum
1599 2023 1782 2102 voluntati

350 2155 485 2262 subjici
505 2155 643 2244 aliene,
667 2171 705 2231 et
724 2153 846 2230 multa
864 2156 958 2231 dura
978 2172 1016 2231 et
1028 2183 1158 2261 aspera
1177 2156 1379 2243 sustinere,
1402 2154 1567 2233 finaliter
1585 2153 1674 2239 tecit
1694 2185 1783 2241 eum

351 2316 483 2366 vovere
503 2305 541 2365 et
552 2290 679 2396 jurare
702 2288 928 2376 castitatem,
950 2287 1231 2376 obedienciam,
1254 2304 1293 2364 et
1309 2286 1432 2367 vivere
1452 2289 1533 2365 sine
1553 2289 1724 2395 proprio,
1746 2306 1784 2366 et

351 2447 495 2498 servare
516 2418 617 2497 bona
643 2419 804 2512 ordinis;
824 2435 1006 2526 postque
1030 2419 1214 2526 imposuit
1232 2418 1304 2498 sibi
1324 2418 1566 2509 mantellum,
1589 2419 1726 2526 etipse
1746 2438 1785 2498 et

350 2551 481 2630 fratres
496 2569 658 2630 astantes
676 2551 832 2629 fuerunt
846 2580 936 2629 eum
956 2551 1113 2629 osculati
1133 2551 1174 2626 in
1194 2579 1271 2629 ore.
1294 2553 1382 2646 Quo
1397 2551 1512 2640 lacto,
1535 2551 1618 2630 aliis
1633 2550 1783 2630 duobus

351 2684 399 2762 de
422 2684 564 2792 capella
582 2684 822 2776 exeuntibus,
846 2683 969 2761 dictus
983 2700 1155 2790 receptor
1168 2685 1337 2790 precepit
1353 2685 1425 2791 ipsi
1442 2686 1528 2761 testi
1547 2684 1653 2793 quod
1667 2683 1784 2763 abne·

349 2832 454 2923 garet
472 2817 598 2893 Deum
623 2842 688 2894 ore
710 2842 787 2891 non
810 2815 940 2905 corde,
965 2825 1004 2891 et
1029 2816 1217 2922 cumipse
1241 2816 1348 2893 testis
1367 2817 1541 2923 periisset
1565 2844 1682 2924 quare
1710 2817 1783 2894 hoc

348 2945 502 3036 faceret,
521 2947 615 3024 dixit
629 2946 753 3024 dictus
768 2964 944 3052 receptor
955 2947 1062 3052 quod
1079 2975 1149 3054 pro
1167 2948 1333 3054 eoquod
1348 2948 1437 3055 quia
1456 2948 1581 3025 eidem
1596 2947 1782 3055 receptori

348 3077 534 3184 placebat,
558 3096 595 3155 et
610 3092 702 3155 tunc
720 3077 801 3183 ipse
814 3077 922 3153 testis
938 3076 1135 3184 abnegavit
1148 3079 1273 3156 Deum
1287 3107 1353 3156 ore
1369 3106 1447 3157 non
1467 3079 1597 3171 corde,
1614 3097 1658 3156 ut
1676 3079 1779 3158 dixit.

349 3207 497 3286 Deinde
509 3209 680 3315 precepit
695 3209 729 3285 ei
746 3209 849 3314 quod
868 3224 1021 3314 spueret
1033 3235 1146 3315 super
1157 3208 1363 3315 quamdam
1374 3237 1526 3316 crucem
1541 3210 1721 3317 ligneam,
1742 3212 1781 3289 in

351 3368 425 3447 qua
434 3340 539 3417 nulla
550 3340 750 3446 apparebat
760 3366 895 3447 ymago
906 3339 1096 3428 Crucifixi,
1111 3341 1351 3447 appodiatum
1358 3342 1463 3448 juxta
1475 3340 1660 3421 cancellos
1671 3343 1783 3421 eccle·

351 3472 422 3564 sie,
440 3488 478 3548 et
492 3473 572 3577 ipse
586 3472 707 3561 testis,
731 3472 820 3579 quia
833 3472 1056 3578 promiserat
1068 3472 1347 3560 obedienciam,
1368 3474 1471 3580 spuit
1490 3500 1566 3551 non
1583 3501 1696 3581 super
1715 3475 1779 3552 sed

344 3604 601 3710 juxta'dictam
612 3632 773 3682 crucem.
787 3605 1035 3682 Postmodum
1046 3606 1216 3713 precepit
1232 3606 1264 3683 ei
1275 3607 1381 3713 quod
1397 3606 1631 3685 oscularetur
1643 3634 1732 3683 eum
1741 3607 1781 3683 in

350 3762 438 3823 ano,
461 3737 528 3812 sed
548 3764 625 3812 non
646 3735 719 3812 fuit
739 3764 828 3813 eum
848 3735 901 3812 ibi
915 3736 1120 3828 osculatus,
1143 3737 1211 3813 sed
1227 3738 1533 3844 superbraccale.
1555 3738 1638 3814 Alia
1653 3737 1782 3816 illicita

350 3894 428 3944 non
453 3866 736 3943 intervenerunt
758 3868 798 3943 in
823 3867 1043 3975 receptione
1064 3896 1131 3945 sua
1151 3868 1364 3975 supradicta
1383 3899 1453 3948 nec
1467 3889 1569 3980 post,
1591 3899 1664 3948 neo
1678 3871 1783 3949 scivit

351 4026 420 4075 nec
433 3998 575 4090 audivit
587 3998 661 4074 dici
675 3998 779 4104 quod
792 3999 1063 4077 intervenirent
1076 4000 1116 4075 in
1131 4002 1418 4107 recepcionibus
1435 4003 1599 4081 aliorum
1611 4002 1670 4079 vel
1682 4021 1779 4109 post,

350 4157 419 4207 nec
446 4131 515 4208 scit
538 4158 608 4208 nec
632 4130 752 4209 credit
776 4159 890 4237 super
911 4133 984 4209 hoc
1009 4148 1053 4208 ut
1077 4133 1273 4238 respondit
1298 4136 1515 4243 requisitus.
1540 4135 1653 4226 Item,
1688 4134 1781 4212 dixit

349 4263 455 4370 quod
465 4264 505 4338 in
521 4262 582 4339 die
601 4263 760 4341 Veneris
774 4279 899 4339 sancta
918 4263 1153 4340 adhorabant
1172 4264 1306 4342 devote
1327 4284 1366 4343 et
1383 4283 1599 4345 reverenter
1611 4293 1778 4358 crucem,

350 4410 387 4469 et
421 4392 526 4498 quod
558 4393 637 4500 ipse
667 4394 766 4471 bene
797 4395 977 4472 credebat
1010 4394 1266 4474 ecclesiasticis
1298 4398 1555 4487 sacramentis,
1594 4413 1631 4474 et
1660 4398 1781 4475 credit

348 4521 454 4628 quod
484 4522 546 4598 alii
574 4499 705 4602 iratres
733 4525 878 4602 ordinis
907 4526 1045 4604 eodem
1065 4527 1181 4604 modo
1204 4530 1417 4621 crederent,
1450 4548 1488 4608 et
1511 4532 1617 4638 quod
1646 4558 1779 4608 eorum

348 4652 561 4730 sacerdotes
576 4655 701 4733 debite
720 4657 965 4736 celebrarent.
988 4661 1030 4737 ln
1048 4661 1269 4769 recepcionc
1290 4689 1356 4739 sua
1373 4662 1496 4740 fuitei
1514 4662 1659 4740 dictum
1674 4662 1780 4769 quod

348 4783 473 4860 statim
501 4812 571 4891 pro
593 4787 772 4893 professo·
787 4787 1009 4867 habebatur.
1044 4788 1289 4870 Clandestine
1313 4794 1605 4902 recipiebantur,
1633 4822 1677 4871 ex
1702 4822 1779 4902 quo

351 4914 470 4992 credit
487 4918 595 5023 quod
624 4935 730 5041 esset.
744 4922 906 5039 suspicio
929 4939 1057 5000 contra
1082 4951 1155 5002 eos.
1186 4923 1363 5003 Cordulis
1388 4926 1492 5003 unde
1517 4912 1697 5003 volebant
1722 4954 1780 5004 as-
