4236 5948
728 538 1377 632 ruocasnusrrnrmuns.
1493 614 1512 659 ,
1692 561 1765 637 rso

340 730 443 793 eum,
467 716 615 806 poterat
640 727 678 775 se
705 699 899 776 carnaliter
919 699 1161 777 commiscere
1183 730 1266 778 cum
1292 701 1380 778 viris
1398 697 1574 777 fratribus
1594 699 1683 777 dicti
1706 731 1768 780 or-

341 833 449 911 dinis.

394 965 643 1072 Interrogatus
659 991 727 1068 per
745 964 1003 1070 juramentum
1026 957 1135 1040 suum
1160 982 1287 1042 utrum
1311 993 1442 1043 omnes
1461 962 1522 1040 alii
1546 964 1770 1071 recipiantur

341 1124 406 1201 per
424 1094 536 1171 istum
557 1094 731 1182 modum,
753 1094 846 1171 dixit
867 1094 972 1200 quod
991 1094 1109 1172 nescit
1128 1114 1330 1202 procerte,
1356 1095 1442 1202 quia
1467 1123 1658 1202 nunquam
1679 1095 1770 1171 vidit

341 1223 506 1330 aliquem
521 1224 655 1329 recipi;
671 1224 738 1302 sed
755 1225 876 1302 credit
888 1225 992 1332 quod
1012 1255 1088 1303 non
1104 1225 1175 1302 suit
1188 1225 1295 1302 aliter
1307 1225 1377 1302 sibi
1395 1223 1532 1302 lactum
1547 1254 1659 1332 quam
1676 1227 1767 1303 aliis.

322 1385 326 1393 ·
396 1357 645 1461 Interrogatus
661 1354 707 1430 de
730 1356 847 1461 capite
870 1356 916 1432 de
942 1384 1018 1463 quo
1038 1355 1081 1431 stt
1100 1385 1209 1462 supra
1231 1357 1396 1445 mencio,
1412 1357 1606 1462 respoudit
1626 1386 1694 1462 per
1707 1359 1771 1463 ju·

341 1503 549 1563 ramentum
569 1513 678 1562 suum
700 1515 738 1561 se
760 1485 877 1563 nichil
900 1488 1005 1565 scire.
1031 1489 1278 1594 Interrogatus
1300 1516 1368 1594 per
1381 1484 1636 1594 juramentum
1658 1517 1768 1564 suum

342 1635 466 1695 utrum
477 1618 510 1693 vi
525 1633 816 1710 tormentorum,
830 1617 889 1695 vel
902 1635 1022 1706 metu,
1040 1619 1153 1695 minis
1168 1637 1230 1695 aut
1246 1619 1369 1725 aliqua
1383 1618 1451 1694 alia
1464 1617 1511 1695 de
1525 1648 1648 1708 causa,
1663 1619 1770 1694 dixis·

342 1765 396 1825 set
415 1764 481 1825 aut
500 1748 762 1827 immiscuisset
785 1749 823 1825 in
853 1749 1090 1854 deposicione
1116 1779 1181 1826 sua
1207 1750 1369 1857 aliquam
1389 1749 1603 1838 salsitatem,
1630 1768 1694 1827 aut
1718 1768 1771 1826 ta·

342 1879 476 1957 cuisset
500 1878 661 1986 aliquam
687 1881 899 1968 veritatem,
923 1879 1015 1956 dixit
1044 1908 1111 1986 per
1133 1882 1389 1988 juramentum
1418 1909 1526 1956 suum
1547 1882 1650 1988 quod
1674 1909 1767 1967 non,

342 2011 457 2088 immo
474 2011 614 2087 dixerat
628 2038 761 2116 puram
778 2027 815 2086 ct
833 2040 976 2087 meram
989 2012 1197 2100 veritatem,
1209 2029 1363 2118 propter
1380 2012 1537 2087 salutem
1554 2012 1675 2088 anime
1689 2041 1768 2088 sue.

398 2144 487 2219 Acta
506 2160 592 2218 sunt
616 2142 686 2219 hec
706 2168 821 2230 anno,
851 2142 1059 2230 indicione,
1077 2172 1222 2230 mense,
1241 2143 1318 2232 dic,
1349 2142 1584 2248 pontificatu,
1611 2170 1708 2219 anno
1735 2162 1772 2221 et

341 2275 424 2352 loco
441 2273 634 2378 predictis,
652 2272 887 2378 presentibus
911 2272 1094 2380 religiosis
1116 2273 1202 2349 viris
1223 2291 1259 2351 et
1281 2273 1449 2350 discretis
1471 2272 1646 2350 iratribus
1665 2275 1773 2381 Regi·

343 2405 452 2483 naldo
491 2406 538 2483 dc
575 2404 791 2511 Albigniaco
826 2405 949 2510 priore
978 2405 1024 2482 de
1054 2406 1232 2492 Pisciaco,
1275 2404 1479 2511 Reginaldo
1516 2404 1562 2482 de
1592 2405 1772 2483 Credolio

344 2536 486 2616 ordinis
499 2535 798 2623 Predicatorum3
820 2535 1006 2641 magistris
1026 2536 1234 2642 Reginaldo
1256 2537 1303 2612 de
1324 2536 1353 2610 F
1355 2553 1475 2612 oresta
1491 2535 1771 2621 Laudunensis,

343 2666 547 2773 Reginaldo
566 2667 613 2743 de
634 2666 850 2773 Albigniaco
869 2666 1125 2754 Bituricensis,
1149 2683 1186 2741 et
1207 2665 1416 2743 Guillermo
1436 2665 1482 2741 de
1505 2665 1611 2744 Dolis
1633 2666 1775 2742 Dolen-

344 2799 392 2877 sis
414 2798 655 2875 ecclesiarum
676 2797 881 2883 canonicis,
900 2813 937 2874 et
955 2797 1132 2903 pluribus
1155 2796 1236 2873 aliis
1257 2795 1399 2873 clericis
1418 2813 1456 2871 et
1477 2795 1595 2882 laicis,
1614 2796 1774 2873 testibus

345 2929 390 3006 ad
408 2929 480 3006 hoc
500 2929 637 3009 vocatis
654 2945 691 3005 et
706 2924 868 3033 rogatis?

399 3195 442 3271 In
463 3194 602 3272 Christi
622 3196 775 3275 nomine
797 3221 918 3273 amen.
944 3198 1071 3273 Pateat
1090 3196 1273 3273 universis
1293 3223 1361 3301 per
1381 3195 1453 3271 hoc
1474 3221 1627 3300 presens
1648 3193 1775 3298 publi·

277 3334 280 3338 “
345 3354 430 3403 curu
446 3327 740 3403 instrumentum
760 3325 866 3433 quod
885 3355 984 3404 anno
1000 3328 1152 3406 Domini
1169 3326 1372 3404 millesimo
1387 3341 1468 3404 ccc⁰
1488 3339 1563 3414 vn0,
1586 3324 1774 3402 indicione

345 3475 459 3545 sexta,
478 3485 606 3534 mense
627 3457 806 3547 octobris,
827 3457 999 3536 vicesima
1017 3457 1138 3564 prima
1161 3458 1221 3535 die
1248 3458 1418 3566 ejusdem
1443 3456 1599 3545 mensis,
1624 3456 1777 3562 pontifi-

331 3605 446 3671 ,catus
468 3588 690 3665 sanctissimi
715 3589 831 3694 patris
862 3590 1008 3666 domini
1029 3590 1236 3667 Clementis
1265 3590 1389 3667 diviua
1415 3588 1655 3694 providencia
1682 3615 1775 3693 pape

345 3718 465 3825 quinti
486 3747 585 3796 anno
601 3720 785 3810 secundo,
802 3719 841 3795 in
861 3719 1027 3828 religiosi
1046 3721 1114 3797 viri
1138 3738 1175 3797 et
1196 3721 1345 3797 honesti
1364 3719 1486 3796 fratris
1506 3718 1706 3796 Guillermi
1729 3717 1776 3795 de

344 3849 504 3927 Parisios
542 3849 685 3928 ordinis
712 3849 1010 3940 Predicatorum,
1045 3851 1280 3959 inquisitoris
1316 3851 1480 3929 heretice
1514 3848 1702 3955 pravitatis
1737 3849 1776 3923 in

344 4009 460 4088 regno
475 3981 645 4070 Fraucie,
664 3983 881 4061 auctoritate
901 3982 1102 4088 apostolica
1117 3983 1287 4088 deputati
1307 3983 1346 4059 in
1366 3983 1482 4059 domo
1502 3979 1640 4055 milicie
1663 3981 1777 4054 Tem-

344 4112 396 4217 pli
427 4112 644 4190 Parisiensis
673 4141 741 4219 pro
776 4114 1005 4220 inquirendo
1041 4132 1170 4191 contra
1208 4112 1391 4221 quasdam
1425 4139 1601 4218 personas
1633 4108 1774 4185 ibidem

346 4243 557 4332 existentes,
589 4244 714 4322 eidem
744 4244 883 4322 delatas
913 4275 1027 4351 super
1054 4246 1156 4323 dicto
1183 4246 1338 4349 crimine
1371 4242 1577 4334 existentis,
1606 4257 1776 4319 nostrum

346 4375 586 4480 publicorum
604 4377 838 4457 notariorum
859 4394 897 4453 et
916 4378 1237 4485 infrascriptorum
1257 4377 1412 4454 testium
1432 4375 1623 4483 presencia
1647 4400 1776 4478 perso·

346 4505 479 4583 naliter
494 4506 717 4585 constitutus
731 4508 846 4585 lrater
859 4507 1090 4587 Guillelmus
1108 4508 1156 4586 de
1173 4508 1287 4587 Giaco
1306 4507 1577 4587 Bisuntinensis
1596 4504 1773 4592 diocesis,

346 4636 459 4715 lrater
474 4639 638 4715 serviens
658 4638 705 4715 de
721 4640 837 4717 domo
859 4658 897 4716 et
914 4638 1055 4717 familia
1069 4640 1222 4746 majoris
1237 4640 1403 4746 Magistri
1420 4636 1589 4744 Templi,
1605 4637 1778 4744 preposi-

347 4783 406 4845 tus
430 4769 612 4847 harnesiis
636 4786 673 4846 et
697 4770 920 4848 animalibus
943 4771 1036 4861 suis,
1066 4773 1171 4849 etatis
1198 4798 1269 4849 xxx
1294 4796 1477 4846 annorum
1506 4768 1565 4845 vel
1592 4769 1702 4858 circa,
1734 4783 1777 4845 ut

348 4899 509 4987 dicebat,
527 4900 674 5006 juratus
696 4901 744 4977 ad
763 4918 886 4980 sancta
905 4903 976 4982 Dei
997 4902 1193 5009 Evangelia
1213 4903 1338 4981 eidem
1357 4901 1545 5011 preposita
1567 4915 1604 4978 et
1625 4898 1672 4977 ab
1694 4898 1776 5004 ipso

433 5058 539 5117 rnoo'rs
555 5075 607 5116 ors
623 5074 892 5117 reuertens-11.
1567 5056 1606 5137 37
