4236 5948
491 537 563 606 278
881 511 1075 604 paones
1103 530 1198 600 uns
1224 528 1528 600 rattruruus.

491 677 632 752 colunt.
654 675 700 749 Et
722 691 811 750 ωηο
827 673 928 747 idem
944 671 1056 746 frater
1071 670 1228 776 arripuit
1243 698 1329 745 eum
1345 669 1392 745 ad
1405 686 1536 774 pectus
1551 697 1618 775 per
1630 686 1764 759 vestes,
1785 670 1913 748 dicens

492 807 525 883 ei
545 804 649 912 quod
669 805 747 906 ipse
770 819 847 878 erat
867 819 968 878 totns
986 807 1135 888 eorum,
1155 830 1241 877 cum
1256 800 1420 907 jurasset
1435 828 1474 875 se
1496 799 1542 875 de
1565 800 1663 877 dicto
1683 800 1817 878 ordine
1838 832 1914 880 non

493 937 608 1022 exire,
631 953 668 1011 et
687 933 790 1040 qnod
811 933 881 1008 nisi
903 932 975 1008 hoc
995 930 1147 1022 faceret,
1167 932 1246 1035 ipse
1261 947 1421 1035 poneret
1437 959 1525 1007 eum
1544 930 1583 1006 in
1602 930 1666 1007 tali
1684 932 1850 1038 prisione
1867 934 1913 1010 de

492 1096 565 1172 qna
581 1065 718 1141 amodo
735 1094 811 1141 non
832 1063 958 1139 exiret.
981 1065 1028 1137 Et
1048 1079 1137 1138 tnnc
1158 1061 1259 1138 idem
1280 1060 1392 1139 frater
1413 1062 1601 1139 lohannes
1621 1061 1785 1170 dirigens
1805 1064 1914 1141 verba

492 1216 557 1272 'sna
575 1196 625 1271 'a'd
647 1194 788 1271 dictum
804 1193 973 1283 fratrem,
998 1192 1089 1268 dixit
1105 1223 1113 1266 :
1129 1230 1141 1258 a
1156 1191 1259 1300 Nego
1279 1208 1333 1281 te;
1352 1192 1593 1300 »intelligens
1610 1192 1656 1270 de
1673 1193 1773 1271 dicto
1787 1193 1912 1272 fratre.

491 1327 566 1403 Sed
587 1327 666 1431 ipse
687 1336 816 1430 postet
830 1339 1017 1401 revertens
1038 1323 1085 1398 ad
1104 1332 1168 1400 'cor
1189 1322 1321 1399 habult
1340 1322 1651 1401 deliberationem
1665 1338 1702 1401 et
1716 1325 1914 1402 ‘consilinm

491 1484 578 1533 cum
595 1455 774 1533 defuncto
794 1455 971 1562 'magistro
986 1453 1177 1531 Bonisacio
1193 1454 1425 1540 Lombard'o,
1446 1453 1639 1561 quondam
1654 1455 1831 1534 advocato
1849 1458 1915 1533 Pa·

490 1587 600 1664 risius
623 1586 858 1693 jurisperito,
881 1613 996 1691 super
1014 1585 1104 1674 h'oc,
1133 1594 1170 1662 et
1199 1602 1326 1661 utrum
1354 1596 1481 1691 'posset
1512 1584 1560 1662 de
1588 1580 1719 1662 ordine
1744 1588 1915 1692 predicto

493 1720 608 1804 exire3
632 1731 669 1794 et
684 1717 771 1793 licet
789 1715 912 1792 eidem
933 1716 980 1791 ad
999 1715 1157 1820 plen'n'lrt
1178 1717 1339 1793 nesciret
1358 1716 1570 1805 consulere,
1588 1730 1713 1793 tamen
1726 1718 1777 1793 ‘de
1797 1718 1916 1822 ipsius

491 1849 646 1925 consilio
662 1849 765 1924 idem
779 1846 1088 1924 fraterJohannes
1106 1845 1196 1923 fecit
1211 1870 1325 1922 unam
1346 1847 1657 1955 protestacion’em
1673 1848 1712 1923 in
1728 1848 1917 1926 cnriaoffi·

447 2081 449 2084 ⁴
491 1978 780 2066 cialisParisius,
794 1977 882 2053 sede
898 1984 988 2053 tnnc
1001 1984 1167 2066 vacante,
1185 1977 1290 2082 qnod
1306 1976 1427 2055 dictus
1441 1977 1535 2056 ordo
1550 1975 1619 2054 sibi
1635 1991 1714 2054 'non
1724 1976 1913 2084 placebat,

493 2128 531 2186 et
544 2109 647 2215 quod
667 2109 827 2185 libenter
848 2108 963 2183 exiret
978 2108 1025 2184 de
1037 2098 1100 2196 eo,
1115 2111 1145 2184 si
1159 2108 1316 2185 auderet
1329 2107 1387 2185 vel
1403 2121 1552 2212 posset:
1568 2136 1684 2213 super
1694 2136 1775 2214 qno
1790 2122 1915 2186 extant

493 2241 622 2316 lictere
633 2238 756 2346 sigillo
767 2236 1104 2344 predictiofficialis
1121 2237 1293 2344 sigillato,
1310 2255 1355 2314 nt
1370 2237 1476 2326 dixit,
1490 2254 1532 2314 ‘et
1545 2239 1618 2316 hoo
1629 2235 1916 2317 aliasconlessus

354 2458 360 2467 .
493 2371 564 2447 suit
588 2367 790 2446 reverendo
811 2369 905 2475 patri
933 2369 1089 2446 domino
1111 2369 1285 2475 episcopo
1306 2369 1521 2453 Parisiensi‚
1544 2368 1610 2475 qui
1636 2397 1736 2446 nnnc
1756 2382 1827 2458 est,
1851 2371 1915 2477 qni

494 2501 691 2606 episcopus
720 2500 862 2588 eidem,
894 2500 1072 2606 quatinus
1098 2507 1244 2604 poterat
1263 2517 1302 2577 et
1322 2500 1369 2576 ad
1390 2512 1477 2577 e'nrn
1496 2499 1722 2606 pertinebat,
1750 2501 1917 2609 injuncta

494 2631 565 2707 sibi
586 2632 796 2740 penitencia
815 2630 984 2720 salutari,
1005 2629 1236 2708 beneficium
1254 2629 1504 2708 absolutionis
1525 2630 1728 2737 impendit,
1749 2647 1793 2707 ut
1811 2631 1915 2708 dixit.

550 2762 637 2838 Aeta
656 2780 742 2839 sunt
759 2762 832 2839 hec
845 2758 1022 2850 Parisios,
1045 2762 1085 2837 in
1099 2761 1208 2839 dictis
1228 2760 1406 2840 domibus
1421 2761 1588 2867 Templi,
1611 2761 1650 2837 in
1670 2778 1814 2839 camera
1830 2761 1916 2838 dicti

490 2891 615 2969 'fratris
634 2890 831 2980 lobannis,
853 2892 1091 2997 presentibus
1116 2892 1284 2969 discretis
1304 2892 1390 2969 viris
1408 2904 1444 2968 et
1461 2891 1662 2998 religiosis,
1682 2891 1794 2969 fratre
1812 2893 1918 2998 Regi·

494 3023 608 3101 naldo
627 3025 752 3130 priore
770 3025 816 3099 de
837 3024 1014 3113 Pissiaco,
1033 3023 1220 3132 magistris
1238 3023 1445 3128 Reginaldo
1467 3023 1514 3099 de
1530 3022 1749 3132 Albigniaco
1768 3022 1918 3129 Majoris

495 3171 533 3230 et
550 3157 658 3231 Petro
683 3157 826 3240 Bnrrer,
853 3153 977 3230 Sancti
995 3153 1121 3229 Ursini
1146 3152 1434 3232 Ritttn'eensinm
1454 3151 1692 3230 ecclesiarum
1713 3153 1915 3239 canonicis,

497 3302 534 3359 et
551 3283 724 3390 pluribus
737 3284 818 3360 aliis
837 3282 998 3360 testibus
1014 3283 1061 3362 ad
1082 3284 1151 3359 hec
1172 3283 1309 3358 vocatis
1329 3301 1365 3358 et
1385 3282 1532 3387 rogatis.

551 3543 700 3622 Deinde
731 3572 846 3631 anno,
876 3544 1084 3632 indicione,
1109 3541 1344 3650 pontificatu,
1378 3569 1474 3619 anno
1505 3560 1543 3619 et
1572 3543 1634 3619 die
1659 3542 1852 3649 predictis,
1879 3545 1916 3619 in

497 3674 660 3781 quodam
682 3675 755 3751 alio
776 3675 858 3751 loco
880 3674 1064 3752 dictamm
1083 3675 1302 3763 domorum,
1326 3676 1365 3751 in
1385 3674 1483 3775 dicta
1505 3673 1649 3750 domini
1668 3672 1915 3779 inquisitoris,

497 3823 710 3883 nostrorum
734 3806 968 3883 notariorum
993 3823 1029 3882 et
1053 3805 1206 3883 testium
1227 3805 1545 3910 infrascriptorum
1573 3804 1762 3911 presencia
1790 3831 1918 3910 perso-

491 3936 628 4012 naliter
644 3938 864 4013 constitutns
879 3934 993 4012 frater
1005 3939 1194 4042 Raynerns
1210 3936 1257 4012 de
1271 3937 1473 4023 Larcbent,
1492 3934 1627 4012 eodem
1643 3933 1760 4012 modo
1770 3934 1917 4040 juratus

497 4067 598 4143 dese
620 4085 657 4142 et
672 4067 769 4156 aliis,
786 4068 826 4142 in
847 4067 944 4143 dicta
961 4096 1067 4144 cansa
1086 4067 1193 4158 fidei,
1208 4067 1373 4172 plenam,
1395 4088 1528 4174 puram
1544 4079 1582 4142 et
1592 4065 1774 4172 integram
1794 4054 1917 4142 dice‘re

490 4200 706 4286 veritatem,
724 4215 761 4274 et
780 4197 1029 4303 interrogatus
1045 4198 1091 4274 de
1104 4215 1276 4303 tempore
1293 4216 1331 4275 et
1344 4198 1459 4276 modo
1474 4195 1705 4303 receptionis
1719 4223 1802 4283 sue,
1826 4193 1917 4270 dixit

495 4357 563 4433 per
579 4330 831 4437 juramentum
855 4356 966 4404 sunm
996 4329 1100 4434 quod
1129 4346 1301 4434 receptus
1333 4329 1405 4406 tuit
1429 4326 1530 4434 apud
1556 4325 1703 4403 bellum
1719 4325 1850 4402 Visum
1878 4325 1916 4399 in

496 4457 703 4536 Gastinesio
729 4460 955 4536 Senonensis
984 4460 1160 4547 diocesis,
1193 4487 1262 4565 per
1295 4460 1444 4536 fratrem
1478 4458 1689 4534 iohannem
1715 4454 1761 4530 de
1789 4457 1917 4531 Tnmo

496 4589 769 4666 thesaurarium
785 4607 877 4666 ωηο
891 4592 1072 4695 temporis
1090 4590 1238 4698 Templi
1259 4591 1488 4681 Parisiensis,
1510 4589 1638 4696 viginti
1657 4615 1720 4665 sex
1738 4585 1846 4662 annis
1862 4584 1919 4660 vel

497 4719 592 4795 circa
613 4721 757 4825 elapsis.
779 4722 827 4796 Et
847 4719 1037 4798 confessus
1053 4720 1124 4797 suit
1144 4738 1180 4796 et
1196 4720 1287 4796 dixit
1301 4749 1369 4825 per
1382 4721 1641 4826 juramentum
1661 4742 1774 4794 suum
1795 4716 1914 4820 quod,

497 4867 582 4955 post
604 4851 738 4927 multas
764 4850 1031 4956 promissiones
1048 4849 1160 4928 factas
1188 4852 1234 4927 de
1260 4850 1404 4962 statutis
1429 4865 1466 4925 et
1486 4848 1636 4926 secretis
1659 4846 1750 4924 dicti
1770 4844 1913 4923 ordinis
