4236 5948
368 528 420 603 ao
764 508 960 597 procus
988 526 1081 596 ors
1108 525 1407 597 ratramnus.

367 672 633 781 inquisitores,
662 668 729 744 sed
758 667 932 744 nondum
957 683 1036 742 erat
1061 665 1257 742 absolutus
1279 695 1348 744 nec
1373 668 1648 744 reconciliatus.
1676 671 1798 746 Lectis

366 824 493 881 autern
515 819 552 880 et
572 799 773 908 diligenter
791 797 967 904 expositis
988 797 1058 874 sibi
1078 797 1255 874 omnibus
1277 814 1314 873 et
1341 797 1497 905 singulis
1522 799 1704 889 articulis,
1738 828 1797 876 re-

263 948 266 953 ’
367 936 520 1041 spondit
534 962 572 1011 se
590 931 754 1016 nescire,
775 957 843 1004 nec
862 928 1031 1018 credere,
1050 956 1119 1003 nec
1136 928 1317 1005 audivisse
1334 928 1408 1006 dici
1423 930 1471 1005 de
1487 931 1673 1007 contentis
1689 931 1727 1006 in
1744 933 1796 1008 eis

366 1069 436 1144 nisi
453 1066 558 1173 quod
569 1062 752 1169 sequitur.
765 1059 867 1136 Dixit
881 1086 1043 1165 namque
1058 1088 1095 1135 se
1105 1057 1217 1135 luisse
1232 1077 1441 1165 receptum,
1453 1061 1491 1136 in
1505 1060 1599 1138 festo
1609 1061 1793 1139 Omnium

365 1201 589 1276 Sanctorum
615 1192 785 1298 proximo
810 1190 990 1296 preterito
1014 1188 1169 1266 luerunt
1194 1216 1256 1265 sex
1281 1191 1389 1277 anni,
1418 1191 1457 1266 in
1483 1191 1624 1298 capella
1655 1193 1794 1271 domus

363 1328 511 1434 Templi
534 1327 580 1403 de
606 1321 806 1401 Blandesio
830 1320 1105 1397 Lemovieensis
1131 1320 1311 1412 diocesis,
1339 1351 1406 1428 per
1426 1321 1578 1400 lratrem
1605 1325 1794 1432 Humber-

360 1479 441 1536 tum
457 1461 504 1534 de
518 1454 752 1535 Comborino
767 1451 928 1528 militem
939 1452 1150 1557 quondam,
1165 1469 1425 1558 preceptorem
1439 1470 1531 1529 ωηο
1546 1453 1592 1530 de
1607 1453 1790 1545 Pulbaco,

361 1590 599 1697 presentibus
613 1584 789 1664 fratribus
799 1585 910 1660 Petro
923 1584 970 1658 de
980 1584 1139 1691 Remeys
1149 1583 1370 1688 presbitero,
1384 1583 1590 1663 Guillelmo
1603 1587 1650 1662 de
1661 1587 1793 1665 Cham-

360 1721 520 1813 bonent,
539 1719 715 1798 Gnidone
735 1716 781 1792 de
799 1715 834 1791 la
847 1714 1075 1793 Chastareda
1095 1730 1132 1789 et
1146 1714 1343 1822 Aymerico
1362 1716 1409 1792 de
1427 1716 1565 1823 Copiae
1587 1717 1787 1810 militibus,

359 1850 569 1929 Guillelmo
582 1849 746 1928 Calabru
761 1864 980 1953 preceptore
998 1845 1045 1921 de
1066 1845 1238 1933 Viveriis,
1256 1845 1464 1924 Guillelmo
1479 1849 1617 1924 Brivatz
1634 1867 1671 1924 et
1683 1848 1792 1927 Guil-

359 1983 473 2059 lelmo
483 1980 783 2060 dePodioVinali
795 1978 1055 2066 servientibus,
1069 1979 1343 2056 Lemovicensis
1354 1979 1630 2070 diocesis,vivis,
1640 1980 1678 2055 in
1689 1982 1790 2059 bunc

359 2115 517 2190 modum
535 2147 542 2188 :
559 2142 645 2188 nam
665 2112 783 2218 petito
800 2139 868 2217 per
887 2126 1120 2216 receptorem
1142 2137 1162 2184 a
1181 2108 1358 2186 fratribus
1373 2110 1549 2217 predictis
1570 2110 1607 2185 in
1625 2112 1788 2217 capitulo

358 2244 589 2350 congregatis
611 2243 640 2318 si
667 2241 833 2318 sciebant
854 2242 892 2315 in
915 2268 960 2317 eo
981 2239 1125 2347 aliquid
1147 2240 1482 2346 impedimentum,
1504 2260 1541 2317 et
1562 2243 1795 2345 concordata

358 2376 462 2480 quod
483 2402 571 2450 eum
593 2374 817 2478 reciperent,
832 2372 921 2447 dicti
942 2367 1073 2448 fratres
1088 2368 1319 2447 Guillelmus
1336 2369 1383 2445 de
1398 2367 1558 2446 Calabru
1575 2387 1610 2445 et
1632 2370 1789 2449 Guillel-

357 2534 441 2581 mus
453 2506 500 2580 de
511 2501 774 2591 PodioVinali,
793 2502 896 2578 missi
910 2502 1059 2577 adeum
1077 2501 1115 2576 in
1128 2501 1291 2606 quadam
1306 2527 1467 2586 camera,
1485 2500 1729 2605 predixerunt
1751 2506 1783 2580 ei

355 2633 898 2742 quodbenedeliberaretante
908 2632 1427 2740 ingressum,quiaoporteret
1438 2659 1603 2708 eumase
1613 2633 1785 2712 abdicare

354 2767 544 2872 propriam
557 2765 786 2841 voluntatem
804 2780 840 2839 et
859 2762 990 2869 subjici
1006 2761 1144 2852 aliene,
1168 2779 1206 2838 et
1225 2760 1345 2838 multa
1366 2761 1459 2837 dura
1476 2779 1513 2838 et
1530 2791 1658 2868 aspera
1675 2767 1787 2843 susti-

285 2904 287 2909 ’
354 2916 603 2980 nerezetcum
614 2894 979 3002 respondissetquod
990 2893 1117 2972 omnia
1128 2895 1341 2984 sustineret,
1354 2893 1786 3003 etinstructusabeispe-

354 3031 476 3106 eiisset
488 3059 507 3103 a
518 3045 711 3132 receptore
725 3043 863 3134 panem
877 3043 913 3101 et
924 3054 1061 3131 aquam
1075 3041 1113 3100 et
1127 3025 1347 3102 societatem
1359 3024 1504 3100 ordinis
1523 3024 1594 3101 sibi
1612 3029 1782 3114 concedi,

352 3179 389 3234 et
410 3159 610 3236 obtulisset
624 3185 663 3234 se
681 3155 778 3232 velle
795 3155 876 3230 fieri
891 3183 1040 3231 servum
1059 3152 1244 3230 esclavum
1264 3154 1425 3245 ordinis,
1446 3153 1534 3230 lecit
1548 3184 1636 3232 eum
1651 3185 1784 3234 vovere

352 3307 388 3364 et
403 3291 530 3395 jurare
551 3316 664 3393 super
677 3286 882 3393 quemdam
903 3285 1064 3375 librum,
1087 3301 1276 3403 apertum,
1300 3285 1338 3360 in
1352 3313 1427 3392 quo
1446 3304 1524 3363 erat
1544 3317 1677 3396 ymago
1693 3290 1784 3368 Cru—

351 3421 465 3506 cifixi,
489 3419 593 3525 quod
612 3445 689 3493 non
706 3414 889 3492 revelaret
903 3432 1044 3493 secreta
1060 3414 1327 3521 capitulorum,
1346 3435 1383 3493 et
1399 3418 1503 3523 quod
1518 3438 1680 3498 servaret
1694 3451 1783 3499 usus

351 3570 387 3627 et
407 3548 703 3628 eonsuetudines
728 3549 793 3654 qui
814 3565 904 3625 tunc
931 3565 1037 3625 erant
1057 3548 1096 3623 in
1118 3546 1252 3623 ordine
1279 3549 1402 3654 etqui
1424 3549 1462 3623 in
1492 3567 1686 3655 posterum
1711 3553 1782 3628 im-

348 3699 580 3788 ponerentur
600 3708 668 3787 per
695 3680 931 3789 Magistrum,
955 3697 992 3756 et
1012 3680 1120 3785 quod
1147 3679 1357 3786 acquireret
1392 3679 1515 3756 ordini
1542 3681 1783 3786 quibuscum·

348 3842 421 3919 que
451 3812 592 3901 modis,
625 3839 703 3888 non
732 3810 977 3916 exprimendo
1004 3809 1116 3886 licitis
1143 3809 1201 3885 vel
1235 3808 1392 3900 illicitis,
1425 3826 1461 3885 et
1490 3813 1595 3915 quod
1621 3831 1781 3889 servaret

348 3946 572 4034 castitatem,
595 3942 873 4029 obedienciam,
897 3959 935 4016 et
954 3941 1092 4017 viveret
1115 3940 1195 4016 sine
1215 3940 1380 4045 proprio.
1401 3940 1486 4032 Quo
1512 3939 1624 4028 facto,
1648 3940 1780 4020 ⁴dictus

346 4092 518 4182 receptor
535 4075 573 4149 in
594 4074 784 4179 presencia
805 4074 976 4148 omnium
998 4070 1256 4176 predictorum
1271 4071 1438 4176 precepit
1453 4071 1486 4147 ei
1504 4075 1609 4178 quod
1624 4094 1778 4178 spueret

344 4224 401 4283 ter
416 4236 527 4313 supra
544 4207 680 4283 dictam
695 4205 925 4313 ymaginem3
942 4220 1083 4280 etcum
1103 4203 1183 4309 ipse
1199 4202 1305 4279 testis
1318 4204 1564 4307 responderet
1583 4205 1689 4310 quod
1707 4206 1778 4282 boe

346 4338 452 4414 nullo
469 4337 586 4414 modo
601 4336 752 4424 laceret,
774 4336 867 4412 dixit
882 4334 915 4411 ei
932 4334 1038 4440 quod
1055 4334 1128 4411 boc
1150 4333 1349 4440 oportebat
1364 4360 1452 4410 eum
1469 4333 1606 4425 lacere,
1624 4336 1713 4442 quia
1729 4337 1777 4414 ita

344 4466 527 4543 faciebant
547 4467 608 4543 alii
626 4484 662 4543 et
676 4466 747 4543 boe
764 4482 843 4542 erat
864 4467 912 4542 de
927 4465 1077 4571 punctis
1095 4464 1257 4550 ordinis,
1281 4480 1320 4540 et
1338 4464 1443 4569 quod
1462 4463 1599 4541 laceret
1610 4465 1775 4572 predicta

345 4615 382 4672 et
407 4625 482 4672 ηοη
507 4615 668 4687 curaret,
695 4599 783 4705 quia
809 4625 885 4673 non
913 4613 1066 4702 propter
1093 4594 1164 4671 boc
1191 4595 1317 4671 minus
1341 4593 1496 4683 valeret3
1524 4614 1561 4671 et
1585 4614 1676 4673 tunc
1696 4597 1775 4702 ipse

343 4729 448 4804 testis
471 4730 570 4834 spuit
595 4748 652 4805 ter
673 4758 783 4834 supra
811 4729 948 4806 dictam
975 4726 1200 4835 ymaginem.
1233 4727 1319 4819 Quo
1350 4725 1464 4815 lacto,
1497 4728 1676 4835 imposuit
1703 4728 1773 4805 sibi

343 4859 580 4946 mantellum,
600 4860 700 4936 dicto
722 4861 930 4965 presbitero
950 4859 1097 4935 dicente
1112 4858 1292 4962 quasdam
1311 4859 1520 4945 oraciones,
1545 4877 1583 4936 et
1599 4875 1773 4964 receptor
