4236 5948
613 588 811 679 rnocns
837 605 934 678 ons
960 606 1264 703 rumpemus.
1609 611 1655 681 rs
1761 560 1764 564 ’

225 751 311 829 odio
340 749 400 826 vel
431 748 631 855 temporali
657 750 819 827 comodo
845 748 974 825 habito
1006 749 1064 826 vel
1094 750 1294 841 habendo,
1325 751 1521 857 respondit
1549 753 1658 859 quod

224 910 319 974 non,
350 880 418 960 sed
442 910 512 988 pro
538 882 694 960 veritate
721 881 903 971 dicenda3
930 881 992 957 cui
1016 880 1089 959 luit
1118 882 1330 991 injunctum
1357 884 1464 989 quod
1491 910 1568 960 non
1594 912 1657 962 ro·-

223 1013 363 1090 velaret
376 1014 473 1091 hanc
492 1042 598 1092 suam
621 1014 902 1120 deposicionem
924 1040 1123 1120 quousque
1146 1016 1407 1093 attestaciones
1426 1014 1569 1092 fuerint
1585 1046 1656 1122 pu-

219 1145 369 1224 blicate.

278 1414 412 1490 Frater
426 1412 659 1492 Guillelmus
679 1412 829 1489 d'Erree
855 1413 1020 1489 serviens
1035 1413 1336 1493 Cenomanensis
1352 1413 1527 1506 diocesis,
1549 1414 1655 1494 testis

227 1573 333 1652 supra
352 1547 513 1653 juratus,
534 1545 796 1655 sexagenarius
820 1562 858 1621 et
878 1543 994 1633 ultra,
1018 1546 1245 1622 mantellum
1268 1546 1414 1623 ordinis
1438 1564 1476 1623 et
1495 1546 1651 1626 barbam

227 1675 422 1766 defferens,
440 1705 526 1753 cum
548 1706 626 1782 quo
643 1676 870 1784 inquisitum
891 1673 1025 1766 luerat,
1048 1674 1248 1754 absolutus
1261 1695 1300 1754 et
1315 1677 1657 1785 reconciliatusper

227 1808 425 1885 dominum
447 1809 667 1914 episcopum
682 1811 978 1897 Xantonensem,
997 1807 1105 1884 lectis
1122 1825 1158 1885 et
1175 1808 1378 1916 diligenter
1392 1811 1569 1916 expositis
1585 1811 1657 1890 sibi

227 1939 404 2018 omnihus
429 1957 467 2017 et
486 1939 646 2048 singuiis
670 1941 851 2030 aniculis,
878 1940 1076 2046 respondit
1102 1969 1141 2018 se
1166 1942 1312 2020 nescire
1336 1970 1407 2019 nec
1432 1944 1585 2021 credere
1607 1944 1655 2020 de

227 2073 411 2149 contentis
430 2072 470 2148 in
491 2072 556 2164 eis,
578 2101 649 2149 nec
670 2071 857 2150 audivisse
887 2071 973 2161 dici,
999 2071 1072 2149 nisi
1092 2073 1198 2179 quod
1222 2073 1404 2180 sequitur.
1430 2074 1533 2151 Dixit
1552 2074 1656 2150 enim

226 2232 263 2280 se
288 2203 405 2282 luisse
425 2221 632 2311 receptum,
656 2203 695 2280 in
715 2204 872 2282 instanti
896 2203 993 2282 lesto
1018 2204 1120 2283 beati
1139 2204 1311 2283 Barnabe
1336 2223 1450 2283 erunt
1468 2181 1656 2313 quinqua*-

226 2337 325 2444 ginta
348 2335 424 2414 duo
444 2335 532 2412 anni
553 2337 610 2415 vel
629 2337 737 2428 circa,
764 2337 805 2413 in
826 2336 967 2445 capella
989 2337 1127 2416 domus
1147 2336 1297 2443 Templi
1323 2337 1371 2414 de
1390 2336 1513 2445 Aynes
1532 2338 1657 2416 Ceno-

227 2470 414 2547 manensis
433 2458 610 2561 diocesis,
634 2498 703 2576 per
716 2469 868 2548 fratrem
893 2470 1047 2549 Petrum
1069 2471 1270 2549 Armenart
1289 2471 1512 2548 servientem
1534 2500 1659 2578 quon-

227 2602 324 2695 dam,
351 2620 615 2710 preceptorem
641 2619 734 2681 tunc
757 2602 856 2680 dicte
885 2602 1040 2693 domus,
1069 2604 1116 2681 de
1143 2604 1323 2681 mandato
1344 2603 1467 2681 fratris
1486 2605 1657 2712 Hugonis

226 2734 371 2813 Gisardi
392 2752 484 2812 tunc
503 2735 670 2844 magistri
691 2734 910 2841 Aquitanie,
935 2736 983 2812 dc
1004 2737 1112 2845 cujus
1131 2735 1323 2843 parentela
1342 2722 1653 2843 eratipse'testis,

225 2866 463 2974 presentibus
497 2867 674 2944 fratribus
703 2866 875 2943 lohanne
904 2865 1103 2943 Armenart
1138 2868 1251 2944 fratre
1285 2868 1375 2943 dicti
1406 2871 1653 2973 preceptoris,

227 3000 395 3076 lohanne
408 2999 565 3078 Musseti
580 2994 846 3087 servientibus,
862 2995 1062 3074 deffunctis
1072 3056 1081 3083 ,
1093 2996 1132 3072 in
1144 2997 1248 3073 hunc
1263 2994 1446 3073 modum:
1464 3023 1552 3073 nam
1566 3028 1654 3076 cum

227 3133 396 3238 periisset
418 3159 556 3238 panem
583 3147 620 3207 et
640 3159 789 3237 aquam,
809 3146 924 3235 prout
943 3129 1151 3207 instructus
1173 3128 1306 3218 luerat,
1325 3144 1365 3206 et
1392 3127 1593 3209 obtulisset
1614 3160 1655 3210 se

228 3264 319 3343 velle
335 3263 417 3340 fieri
432 3291 582 3340 servum
596 3261 784 3339 esclavum
800 3261 956 3351 ordinis,
975 3279 1013 3338 et
1023 3262 1229 3368 requisitus
1241 3291 1309 3368 per
1324 3289 1388 3340 eos
1400 3261 1657 3371 respondisset

228 3396 330 3504 quod
351 3424 427 3471 non
449 3412 528 3472 erat
548 3393 654 3470 alteri
674 3393 848 3504 religioni
869 3421 939 3471 nec
951 3393 1195 3470 matrimonio
1216 3391 1398 3501 alligatus,
1420 3424 1490 3471 nec
1508 3423 1658 3475 excom-

229 3527 457 3618 municatus,
483 3525 572 3603 fecit
597 3542 797 3634 preceptor
822 3553 910 3602 eum
934 3552 1067 3603 vovere
1097 3541 1135 3602 et
1156 3524 1284 3632 jurare
1313 3522 1427 3632 super
1450 3529 1657 3634 quemdam

229 3657 367 3736 librum
381 3675 552 3764 apertum
568 3656 787 3744 castitatem,
807 3655 1081 3746 obedienciam,
1094 3655 1216 3732 vivere
1230 3654 1312 3733 sine
1327 3656 1497 3764 proprio,
1512 3687 1657 3736 servare

229 3790 348 3868 bonos
366 3818 457 3868 usus
479 3805 517 3866 et
535 3788 656 3866 bonas
677 3788 982 3867 consuetudines
992 3787 1150 3876 ordinis,
1175 3804 1212 3864 et
1236 3812 1314 3864 non
1333 3788 1498 3866 revelare
1517 3807 1658 3868 secreta

230 3921 490 4030 capitulorum.
524 3921 656 3998 Postea
686 3920 871 4025 imposuit
901 3919 973 3997 sihi
1003 3918 1246 4009 mantellum,
1279 3936 1317 3997 et
1347 3918 1429 4026 ipse
1461 3938 1498 3998 et
1526 3921 1658 4000 fratres

231 4071 387 4132 astantes
407 4032 566 4131 osculati
580 4050 738 4129 luerunt
752 4079 842 4130 eum
859 4051 899 4128 in
920 4081 998 4144 ore,
1012 4069 1051 4130 et
1064 4051 1239 4129 lecerunt
1254 4079 1343 4128 eum
1363 4050 1523 4128 induere
1540 4070 1658 4131 vestes

230 4186 430 4294 religionis,
456 4203 494 4264 et
510 4186 769 4265 instruxerunt
794 4214 883 4263 eum
911 4202 1007 4293 quot
1027 4183 1140 4265 Pater
1156 4201 1271 4264 noster
1292 4183 1435 4262 diceret
1462 4212 1532 4291 pro
1555 4185 1659 4263 horis

231 4320 316 4407 suis,
340 4320 446 4426 quod
466 4319 609 4428 jaceret
638 4348 725 4396 cum
750 4317 884 4426 pannis
903 4317 1026 4407 lineis,
1054 4318 1199 4396 cinctus
1219 4347 1294 4397 una
1319 4317 1491 4408 cordula3
1515 4319 1582 4394 sed
1611 4317 1659 4393 de

231 4450 492 4558 abnegacione,
510 4450 704 4556 vituperiis
717 4452 849 4544 crucis,
863 4451 1002 4529 osculis
1018 4449 1240 4540 inhonestis,
1258 4434 1414 4527 crimine
1433 4446 1659 4527 sodomitico

231 4582 285 4659 rel
303 4581 433 4691 aliquo
451 4582 525 4661 alio
552 4568 686 4662 illicito
714 4612 793 4663 non
819 4582 892 4660 luit
919 4583 954 4660 ei
982 4582 1155 4661 locutum
1168 4582 1208 4661 in
1229 4582 1328 4660 dicta
1349 4581 1570 4690 recepcione
1593 4610 1663 4659 nec

110 4800 141 4823 ἱ
231 4732 323 4820 post,
341 4714 431 4793 licet
449 4715 553 4817 aliud
574 4700 673 4794 dica't
696 4745 736 4793 se
751 4717 1011 4824 recognovisse
1036 4744 1162 4794 coram
1185 4714 1286 4793 dicto
1306 4713 1463 4793 domino
1485 4715 1660 4823 episcopo

230 4846 477 4938 Xantonensi,
493 4865 601 4927 metu
609 4865 902 4942 tormentorum,
918 4846 1046 4957 quoad
1063 4845 1298 4954 spuicionem
1315 4847 1435 4925 crucis
1450 4863 1488 4924 et
1502 4846 1663 4955 abnega·

231 4978 379 5060 cionem
397 4979 488 5072 Dei3
509 4981 576 5061 sed
593 4982 729 5089 primo,
746 4998 950 5089 antequam
964 4997 1064 5076 esset
1080 4981 1130 5058 ad
1146 5006 1284 5087 panem
1299 4995 1340 5058 et
1353 5006 1489 5086 aquam
1500 4979 1658 5083 positus,
