4236 5948
388 491 393 498 ·
497 548 569 621 50t
881 533 1073 620 PROCES
1101 547 1195 619 Dus
1222 547 1523 622 TEMPLIERS.

550 690 606 768 Ad
628 688 864 768 xxxnn-—xlv
880 689 1052 767 articulos
1072 687 1265 777 inclusive,
1284 687 1481 794 diligenter
1502 704 1540 798 et
1559 685 1748 794 sigillatim
1764 689 1917 767 interro-

493 839 613 926 gatus,
637 820 864 926 respondens
875 821 1025 925 negavit·
1033 821 1132 926 ipsos
1145 818 1322 897 articulos
1338 837 1375 895 et
1387 819 1512 897 omnia
1529 835 1566 904 et
1586 818 1726 924 singula
1745 837 1915 898 contenta

494 951 530 1025 in
555 953 623 1039 eis,
654 968 805 1054 excepto
827 951 932 1056 quod
953 950 1143 1026 confessus
1169 950 1347 1054 estquod
1373 949 1452 1054 ipse
1470 965 1518 1060 et
1538 948 1652 1023 ceteri
1671 946 1803 1026 fratres
1827 950 1915 1028 dicti

493 1083 648 1171 ordinis
676 1099 790 1187 prout
819 1081 952 1168 credit,
985 1081 1227 1185 promittunt,
1250 1109 1316 1156 sue
1341 1079 1578 1185 recepcionis
1597 1072 1917 1187 tempore‚'quod

492 1214 612 1317 ipsum
630 1213 802 1288 ordinem
821 1239 897 1286 non
910 1211 1123 1317 relinquant
1132 1240 1200 1316 pro
1217 1211 1352 1288 minori
1369 1209 1425 1286 vel
1442 1210 1572 1316 majori
1589 1208 1660 1286 alio
1677 1210 1828 1300 ordine,
1843 1214 1913 1289 nisi

491 1344 642 1419 obtenta
656 1343 845 1418 licenciaa
865 1371 933 1418 suo
954 1343 1147 1447 superiore
1168 1343 1232 1447 qui
1249 1371 1330 1417 earn
1353 1341 1440 1417 dare
1463 1340 1589 1445 possit.
1612 1341 1706 1416 Item
1724 1342 1915 1420 confessus

491 1490 546 1548 est
565 1474 669 1579 quod
688 1474 756 1579 ipsi
773 1472 902 1549 fratres
922 1474 961 1547 in
983 1472 1083 1549 dicto
1105 1473 1237 1548 ordine
1264 1472 1450 1549 habentur
1467 1470 1552 1547 ilico
1573 1500 1641 1576 pro
1663 1471 1856 1578 professis,
1879 1493 1915 1550 et

490 1604 593 1708 quod
608 1605 686 1709 ipsa
698 1605 867 1709 recepcio
883 1606 1050 1710 ipsorum
1066 1604 1220 1679 fratrum
1234 1603 1333 1679 sitin
1354 1603 1468 1679 domo
1483 1602 1601 1679 Mansi
1619 1603 1706 1691 Dei;
1722 1604 1810 1710 quia
1825 1605 1913 1680 alibi

490 1733 571 1810 fieri
587 1735 659 1812 hoc
674 1764 750 1813 non
764 1736 856 1811 vidit
871 1736 941 1811 nisi
961 1737 1000 1809 in
1016 1734 1154 1841 capella
1172 1735 1267 1810 dicte
1285 1735 1434 1822 domus,
1458 1735 1516 1840 cuj
1523 1763 1565 1810 us
1580 1735 1672 1810 ostia
1687 1734 1914 1815 clauduntur

489 1864 577 1940 solis
597 1864 770 1941 fratribus
786 1866 883 1941 dicte
905 1859 1039 1958 doinus
1059 1865 1358 1952 remanentibus
1377 1863 1457 1940 aliis
1476 1880 1602 1939 tamen
1623 1863 1790 1973 exclusis-2
1808 1865 1913 1943 Dicta

370 2004 375 2009 “
488 2011 613 2072 autem
635 1995 803 2073 clausura
825 1997 923 2072 dicte
939 1996 1079 2100 capelle
1095 1996 1182 2074 ideo
1198 1994 1256 2084 lit,
1279 2013 1391 2101 prout
1410 1993 1517 2082 dixit,
1540 1994 1626 2099 quia
1646 1984 1797 2100 tempus
1814 1997 1911 2074 dicte

488 2126 717 2230 recepcionis
740 2125 895 2202 fratrum
916 2124 1030 2201 habet
1050 2127 1130 2201 fieri
1154 2125 1355 2232 capitulum
1373 2125 1420 2203 de
1442 2152 1547 2203 more
1564 2125 1731 2229 predicti
1752 2127 1910 2221 ordinis,

487 2255 623 2361 inquo
646 2255 762 2332 multa
782 2254 880 2331 fiunt
904 2274 941 2331 et
960 2256 1136 2333 dicuntur
1155 2285 1229 2361 que
1250 2253 1598 2333 nolunt-notalieri
1622 2253 1720 2345 aliis,
1742 2255 1831 2334 licet
1855 2287 1912 2334 se·

487 2386 653 2461 cundum
669 2388 792 2465 Deum
814 2385 874 2461 illa
895 2384 987 2461 fiant
1006 2404 1044 2461 et
1057 2387 1267 2462 secundum
1286 2403 1420 2463 statuta
1437 2386 1579 2462 ordinis
1593 2386 1805 2490 supradicti.

542 2516 600 2591 Ad
620 2516 809 2594 xlvr--lxx
827 2515 1002 2593 articulos
1023 2516 1218 2606 inclusive„
1236 2518 1433 2622 diligenter
1450 2534 1486 2592 et
1506 2515 1693 2622 sigillatim
1707 2519 1912 2623 interroga-

484 2664 560 2734 tus,
584 2647 814 2752 respondens
834 2647 978 2752 negavit
992 2648 1098 2752 ‘ipsos
1121 2647 1296 2724 articulos
1316 2665 1353 2723 et
1374 2647 1502 2725 omnia
1518 2664 1555 2722 et
1575 2646 1718 2753 singula
1737 2666 1910 2724 contenta

484 2777 522 2850 in
544 2777 609 2852 eis.
636 2776 836 2854 Confessus
857 2794 1057 2854 esttamen
1080 2778 1186 2884 quod
1203 2778 1281 2882 ipse
1303 2796 1340 2855 et
1364 2778 1477 2854 ceteri
1500 2779 1629 2855 fratres
1651 2777 1740 2854 dicti
1765 2778 1910 2856 ordim's

484 2906 683 3011 cinguntur
702 2908 865 2985 cordulis
885 2909 932 2983 de
954 2908 1032 2985 lino
1052 2906 1110 2984 vel
1131 2908 1177 2984 de
1201 2936 1337 3013 canape
1359 2937 1424 2984 seu
1445 2908 1492 2983 de
1518 2907 1616 2994 lana,
1641 2924 1706 2983 aut
1728 2906 1774 2983 de
1790 2907 1908 3012 junco

483 3038 672 3114 interdum
695 3040 844 3145 quando
866 3039 919 3114 eis
935 3038 1122 3143 rumpitur
1140 3054 1311 3143 ternpore
1330 3067 1405 3144 quo
1423 3055 1524 3114 arant
1544 3066 1630 3115 cum
1645 3037 1779 3114 bobus.
1797 3038 1898 3131 Quas

482 3169 638 3274 quidem
656 3169 826 3247 cordulas
837 3169 975 3246 debent
989 3186 1137 3273 portare
1146 3168 1427 3273 omnitempore
1438 3197 1551 3274 supra
1561 3169 1740 3255 camisias,
1750 3168 1797 3244 ad
1811 3169 1908 3249 desi·

481 3299 668 3403 gnandam
685 3301 887 3377 castitatem
900 3329 1012 3406 quam
1028 3328 1067 3376 se
1084 3316 1291 3376 servaturos
1303 3301 1342 3374 in
1356 3300 1523 3404 ingressu
1540 3299 1597 3392 sui
1612 3297 1754 3376 ordinis
1770 3303 1906 3404 promi·

482 3447 620 3504 serunt.
638 3432 788 3538 Negavit
805 3446 933 3506 tamen
950 3446 987 3505 et
1006 3429 1097 3504 dixit
1116 3429 1162 3505 de
1182 3456 1221 3505 se
1242 3429 1353 3517 scire,
1379 3448 1416 3505 et
1434 3430 1481 3505 de
1505 3429 1587 3505 aliis
1608 3427 1783 3513 fratribus
1805 3428 1905 3506 idem

482 3557 615 3646 credit,
637 3559 842 3666 quodcum
864 3559 971 3634 dictis
989 3558 1154 3636 cordulis
1172 3558 1275 3636 nulla
1289 3559 1617 3666 ydola‘tanguntur
1627 3586 1696 3634 nec
1706 3559 1905 3663 cinguntur

482 3686 640 3765 eisdem.
653 3690 808 3768 Addidit
822 3689 939 3767 eciam
959 3690 1062 3796 quod
1084 3689 1198 3767 dictas
1219 3690 1389 3768 cordulas
1407 3706 1558 3796 portant
1575 3689 1622 3765 ad
1636 3688 1739 3771 illam
1754 3717 1905 3767 mensu·

480 3846 559 3893 ram
583 3848 656 3925 que
680 3821 734 3897 eis
762 3821 899 3926 placet,
931 3821 1017 3926 quia
1043 3849 1232 3927 nunquam
1259 3822 1312 3897 eis
1337 3821 1541 3926 precipitur
1564 3819 1668 3925 quod
1691 3818 1738 3895 ad
1765 3837 1902 3897 certam

479 3945 755 4054 longitudinem
777 3951 873 4056 ipsas
893 3969 1052 4056 portent.
1671 4031 1677 4039 .

536 4077 594 4154 Ad
612 4080 850 4157 lxxr-burxu
871 4080 1045 4159 articulos
1058 4081 1250 4170 inclusive,
1274 4081 1471 4191 diligenter
1491 4100 1528 4158 et
1543 4081 1731 4188 sigillatim
1744 4083 1903 4159 interro-

479 4224 584 4311 gatus
591 4270 603 4297 ,Α
620 4210 852 4316 respondens
866 4212 1012 4319 negavit
1025 4212 1124 4316 ipsos
1140 4212 1316 4290 articulos
1332 4230 1369 4290 et
1383 4213 1508 4288 omnia
1526 4230 1563 4289 et
1574 4212 1718 4320 singula
1731 4229 1902 4291 contenta

479 4338 517 4413 in
538 4336 610 4428 cis,
636 4360 788 4447 excepto
814 4344 917 4448 quod
939 4343 1129 4419 confessus
1155 4361 1211 4420 est
1230 4343 1334 4449 quod
1349 4344 1508 4421 modum
1527 4343 1757 4449 recepcionis
1777 4371 1844 4420 sue
1862 4343 1901 4418 in

477 4466 627 4545 fratrem
645 4470 734 4548 dicti
750 4472 892 4549 ordinis
905 4500 981 4548 non
994 4473 1134 4549 debent
1145 4471 1253 4549 alicui
1268 4472 1448 4560 revelare,
1461 4501 1529 4547 nec
1545 4472 1651 4549 deca
1666 4473 1772 4579 loqui
1783 4472 1899 4549 eciam

478 4628 563 4674 curn
575 4600 656 4676 aliis
666 4600 841 4681 fratribus
854 4604 919 4709 qui
937 4632 1012 4681 non
1021 4604 1273 4681 interfuerunt
1280 4604 1350 4710 ipsi
1363 4604 1586 4710 recepcioni,
1601 4633 1670 4681 nec
1684 4605 1731 4680 de
1743 4603 1899 4709 hiisque
1951 4619 1955 4626 '

477 4747 634 4835 aguntur
650 4733 690 4808 in
707 4762 837 4812 eorum
849 4734 1036 4840 capitulis.
1056 4737 1104 4812 Et
1122 4736 1188 4842 qui
1203 4736 1431 4812 contrarium
1451 4733 1604 4822 faceret,
1623 4733 1784 4812 debebat
1799 4731 1900 4810 ordi·

477 4890 562 4938 nem
578 4865 751 4969 perdere,
772 4866 857 4944 licet
870 4867 995 4943 omnia
1011 4883 1049 4943 et
1063 4868 1206 4974 singula
1221 4895 1295 4973 que
1316 4864 1509 4943 retrofacta
1526 4865 1677 4942 fuerunt
1697 4882 1735 4944 et
1749 4864 1847 4941 dicta
1860 4862 1899 4938 in
