4236 5948
354 552 399 638 rs
740 532 1057 629 procusum
1083 545 1392 621 ruurmrus..

348 692 455 801 quod
464 691 624 776 faciebat
636 695 690 774 eis
703 695 810 776 illam
823 692 1103 803 indulgenciam
1118 719 1232 796 quam
1246 703 1403 795 poterat.
1421 685 1637 792 Requisitus
1649 688 1680 765 si
1693 706 1781 801 post

350 823 494 913 dictum
509 825 715 932 capitulum
730 829 916 936 potuisset
929 825 1065 933 aliquis
1080 819 1243 900 accusari
1259 817 1308 898 de
1323 816 1571 926 aliqua'culpa
1580 820 1781 899 commissa

350 985 420 1063 peu
431 984 523 1035 eum
539 958 785 1038 antedictum
803 959 1023 1067 capitulum,
1041 953 1237 1061 respondit
1249 951 1353 1060 quod
1363 951 1427 1029 sic.
1441 950 1551 1044 Item,
1567 950 1782 1059 dixitquod

350 1088 717 1196 iurecepeionesua
732 1092 922 1199 juraverat
946 1089 1121 1168 ordinem
1143 1113 1222 1162 non
1242 1083 1361 1172 exire,
1384 1099 1423 1159 et
1441 1081 1545 1163 idem
1557 1083 1783 1191 juraverant

350 1218 422 1299 illi.
436 1248 533 1328 quos
566 1221 662 1301 vidit
686 1223 822 1329 recipi,
853 1222 995 1329 absque
1020 1217 1176 1311 licencia
1201 1215 1442 1323 superiorum
1471 1242 1641 1293 suorum.
1668 1214 1783 1295 Clan-

350 1351 497 1438 destiue
517 1353 882 1460 recipiebantuner.
896 1381 973 1461 quo
992 1351 1114 1429 credit
1131 1348 1237 1456 quod
1257 1364 1356 1426 esset
1374 1347 1537 1453 suspicio
1555 1364 1686 1426 contra
1701 1377 1779 1428 eos.

348 1481 479 1567 Credit
498 1484 611 1590 quod.
629 1486 774 1592 ubique
787 1486 1063 1593 ‚reciperentur
1088 1483 1131 1559 ini
1148 1480 1284 1560 ordine
1305 1478 1781 1559 uniformitersecundum

351 1614 511 1697 modurn
528 1614 784 1696 confessetum
793 1614 1277 1724 peneumslujuugebatur.
1290 1611 1345 1689 eis
1358 1611 1556 1717 quoduon
1566 1611 1782 1692 revelarent

351 1746 794 1853 secreta:capitrrlorum‚.
810 1749 932 1826 ecimt
953 1746 1031 1825 illis
1049 1745 1228 1824 fratribus
1250 1743 1316 1851 qui
1341 1742 1662 1838 nouadfuersnt,
1685 1765 1724 1824 et
1749 1749 1781 1826 si

350 1874 589 1968 revelassent,
603 1879 864 1983 perdidissent
872 1879 1047 1970 domum,
1063 1877 1151 1985 quia
1164 1878 1234 1955 iste
1250 1877 1504 1972 erat-unusde
1521 1877 1629 1957 dictis
1639 1906 1781 1959 noveru

351 2006 902 2104 casibus-Quamdinuahere
923 2027 1114 2117 «poterent.
1130 2006 1388 2087 sacerdotibus
1420 2007 1505 2116 [sio]
1532 2009 1677 2089 ordinis
1703 2039 1780 2089 non

351 2138 544 2223 dehabens
556 2139 846 2234 aliiscorrbteri,
858 2141 929 2219 ssd
944 2143 976 2220 si
996 2170 1061 2219 eos
1076 2139 1216 2218 hebere
1230 2168 1310 2219 uon
1328 2156 1517 2247 poterant,
1531 2158 1707 2247 poterant
1723 2171 1782 2221 sa-

351 2269 575 2354 cerdotibus
584 2271 893 2353 secularibus-vel
907 2273 1088 2351 fratribus
1101 2272 1320 2353 Minoribus
1339 2272 1523 2351 confiteri.
1543 2274 1587 2350 In
1609 2274 1782 2381 capitulis

350 2402 592 2509 generalibus
602 2382 881 2513 precipiebatur
889 2404 1068 2482 fratribus
1080 2406 1187 2513 quod
1195 2404 1295 2482 bene
1309 2403 1575 2512 recolligerent
1584 2405 1782 2513 religiosos

351 2549 389 2609 et
407 2533 734 2642 honespersouas,
753 2542 792 2614 et
806 2536 912 2644 quod
926 2563 1062 2615 eorum
1077 2535 1238 2642 capellas
1252 2552 1430 2624 tenerent
1446 2534 1546 2614 bene
1563 2555 1730 2630 oruatas3
1744 2556 1782 2616 et

352 2663 609 2746 eleemosinas:
626 2666 1098 2775 ct2hospitalitatem1ridit
1119 2667 1389 2745 convenienter
1416 2667 1457 2744 in
1478 2668 1620 2759 ordine
1635 2669 1717 2747 fiori
1743 2684 1782 2748 et

350 2795 1111 2906 servariePrecipiebatureisquod-debito
1124 2801 1242 2878 modo
1257 2801 1497 2906 acquirerent
1508 2800 1646 2879 ordini.
1660 2802 1778 2893 Clam,

351 2925 467 3007 nullis
485 2930 734 3035 presentibus
753 2932 832 3010 nisi·
854 2930 1033 3008 frutribus
1056 2930 1219 3020 ordinis,
1245 2959 1378 3009 eorum
1402 2931 1782 3039 capiwliarteneban·

349 3074 422 3137 tur.
450 3059 577 3154 Quod*
595 3090 754 3170 magnus
783 3062 960 3169 Magister
987 3091 1075 3138 cum
1100 3080 1288 3141 conventu
1315 3063 1505 3141 statuebat
1530 3064 1699 3143 servabat
1721 3084 1783 3144 to-

316 3277 318 3281 ·
350 3207 420 3266 tus
428 3190 545 3281 ordo,
571 3210 700 3270 contra
722 3222 967 3299 quemrnunc
988 3194 1144 3300 grandia
1164 3195 1353 3287 scandala,
1378 3197 1605 3302 suspiciost
1627 3197 1780 3277 infamia

350 3338 440 3400 sunt
451 3340 596 3400 exorta
607 3325 699 3402 Mon
719 3323 1035 3402 obtuleratserad
1057 3324 1512 3407 ‘deffensionemordinis
1531 3327 1684 3408 Audiuit
1706 3331 1783 3408 diei

351 3479 533 3559 maguum
550 3455 773 3561 Magistrum
788 3473 828 3533 et
847 3455 1417 3563 aliosaliquoserrores.nescit
1432 3488 1540 3566 quos,
1557 3459 1672 3538 fuisse
1690 3490 1782 3541 con-

350 3582 468 3663 fessos
477 3587 814 3665 coutraordinem.
940 3659 943 3663 .
1745 3681 1747 3684 Α

406 3717 733 3823 Requisitussitsic
746 3719 975 3824 deposuerat
989 3748 1118 3826 prece,
1133 3741 1330 3828 precepto,
1348 3725 1503 3814 timore,
1521 3752 1668 3816 amore,
1687 3727 1780 3805 odio

350 3845 632 3955 subtemporali
651 3849 964 3929 comodorhuhito
980 3852 1038 3929 vel
1054 3853 1249 3943 habendo,
1266 3856 1464 3962 respondit
1478 3856 1584 3963 quod
1593 3886 1693 3948 non,
1713 3859 1783 3936 sed

350 4005 420 4083 pro
439 3978 808 4074 veritate1dicende3
831 3982 891 4058 cui
905 3981 989 4059 tuit
1011 3983 1224 4092 injunctum
1237 3987 1352 4093 quod
1379 4015 1458 4065 uon
1485 3987 1668 4067 revelaret
1686 3989 1783 4067 hanc

350 4138 459 4189 susm
477 4112 765 4219 deposicionem
778 4141 978 4221 quousque
994 4117 1260 4197 attestaciones
1280 4117 1421 4196 fuerint
1438 4120 1645 4227 publicete.

408 4375 543 4453 Frater.
552 4376 684 4454 Petrus
693 4375 906 4454 Tbeobaldi
916 4379 1311 4487 servieus;.preceptor
1330 4382 1468 4460 domus
1483 4382 1634 4491 Templi
1655 4383 1702 4462 de
1721 4387 1785 4465 Ca·

351 4520 429 4583 stro
448 4505 629 4585 Bernardi
649 4507 902 4588 Xsntoneusis
921 4508 1224 4596 diocesis‚2testis
1244 4542 1356 4620 supra
1367 4494 1532 4621 juratus,
1556 4516 1781 4596 mantellum

353 4633 497 4747 ordinis
511 4654 549 4714 et
562 4638 939 4731 barbemdeffsrenm
958 4642 1205 4751 quadraginta
1217 4673 1406 4723 annorum
1419 4646 1483 4723 vel
1495 4647 1612 4737 circs,
1630 4647 1783 4727 absolu-

352 4781 461 4847 tuset
479 4769 742 4849 reconciliatus
755 4771 1035 4878 pardominum
1050 4775 1272 4883 episcopum
1283 4778 1564 4863 Xautonenscm
1578 4779 1644 4886 qui
1655 4779 1783 4889 inqui·

352 4896 596 5009 sirerqtaum.
613 4927 676 4988 eo,
689 4919 744 4979 ut
753 4903 861 4993 dixit,
874 4904 991 4982 lectis
1001 4923 1040 4983 et
1050 4905 1446 5016 diligentarexpositis
1456 4909 1529 4989 sibi
1546 4911 1727 4991 omnibus
1744 4929 1782 4989 et
