4236 5948
343 515 419 592 aas
726 493 924 587 raocts
954 512 1046 586 uss
1077 512 1386 588 Taurinos.

400 655 617 764 llequisitus
646 655 675 731 si
701 655 754 732 sic
784 656 1009 761 deposuerat
1040 683 1172 760 prece,
1203 673 1400 762 precepto,
1430 655 1585 744 timore,
1617 685 1765 753 amore,

343 790 449 877 odio,
471 787 530 864 vel
551 784 749 892 temporali
776 784 937 861 comodo
968 784 1097 861 habito
1126 784 1184 862 vel
1214 786 1409 877 babendo,
1440 788 1635 892 respondit
1661 790 1767 897 quod

343 948 438 1009 non,
460 919 528 996 sed
548 946 615 1024 pro
640 917 791 993 veritate
822 914 997 1004 dicenda3
1022 914 1083 990 cui
1107 913 1180 991 fuit
1200 916 1413 1024 injunctum
1443 917 1548 1023 quod
1574 946 1652 996 non
1668 948 1766 998 reve

343 1050 437 1127 laret
460 1050 556 1126 hanc
580 1075 686 1126 suam
707 1045 1004 1152 deposicionem,
1027 1073 1224 1153 quousque
1253 1047 1512 1125 attestaciones
1532 1047 1766 1156 fuerintpu·

343 1180 491 1260 blicate.
1111 1186 1115 1192 ’

397 1440 528 1519 Frater
544 1444 677 1518 Petrus
705 1442 753 1518 de
771 1441 877 1519 Bono
896 1442 1018 1518 Fonte
1034 1441 1212 1532 serviens,
1239 1441 1559 1520 Claromoutensis
1584 1444 1763 1534 diocesis,

343 1573 449 1650 testis
470 1601 583 1679 supra
603 1573 767 1678 juratus,
790 1572 1109 1680 quadragenarius
1130 1572 1187 1648 vel
1208 1573 1319 1663 circa,
1340 1573 1407 1679 qui
1426 1572 1635 1651 voluntarie
1657 1602 1764 1651 man-

341 1702 479 1780 tellum
498 1702 751 1780 dimiseratvet
769 1702 849 1778 radi
874 1700 1011 1778 lecerat
1039 1702 1110 1778 sibi
1129 1701 1303 1791 barbam,
1325 1732 1412 1779 cum
1440 1732 1517 1809 quo
1538 1703 1762 1810 inquisitum

344 1831 485 1924 fiserat,
508 1830 701 1909 absolutus
720 1847 759 1908 et
782 1830 1044 1908 reconciliatus
1073 1858 1141 1937 per
1168 1831 1367 1908 dominum
1398 1834 1613 1939 episcopum
1638 1832 1763 1911 Claro

343 1980 597 2050 montensem,
619 1961 724 2038 lectis
749 1979 787 2037 et
817 1960 1018 2069 diligenter
1043 1961 1217 2067 expositis
1245 1962 1317 2038 sibi
1339 1963 1516 2040 omnibus
1543 1981 1581 2039 et
1606 1962 1765 2069 singulis

343 2093 522 2179 articulis,
545 2091 740 2198 respondit
759 2119 798 2169 se
822 2091 985 2183 nescire,
1006 2120 1076 2168 nec
1108 2093 1281 2184 credere,
1308 2121 1378 2169 nec
1409 2093 1591 2170 audivisse
1617 2093 1690 2169 dici
1714 2093 1763 2170 de

271 2242 276 2249 ’
346 2223 531 2301 contentis
550 2222 588 2297 in
615 2221 668 2298 eis
695 2221 765 2298 nisi
792 2220 897 2326 quod
918 2220 1107 2326 sequitur,
1129 2221 1218 2326 quia
1248 2249 1325 2297 non
1346 2222 1566 2299 interfuerat
1590 2222 1764 2329 capitulis

344 2380 496 2444 eorum,
516 2381 585 2428 nec
604 2350 769 2457 aliquem
788 2350 904 2426 alium
920 2348 1063 2426 viderat
1080 2351 1195 2456 recipi
1211 2350 1251 2428 in
1269 2350 1419 2440 ordine,
1436 2379 1507 2428 nec
1525 2351 1646 2429 luerat
1665 2352 1764 2430 ultra

341 2510 457 2560 mare.
479 2481 582 2560 Dixit
608 2498 734 2557 autem
767 2509 806 2558 se
831 2479 944 2559 fuisse
976 2497 1170 2585 receptum
1195 2481 1236 2556 in
1262 2481 1424 2586 quadam
1448 2511 1593 2558 camera
1624 2482 1765 2561 domus

340 2610 492 2717 Templi
519 2612 566 2687 de
596 2609 759 2687 Marchia
785 2609 1103 2687 Claromontensis
1131 2609 1307 2698 diocesis,
1332 2638 1402 2716 per
1425 2611 1578 2689 fratrem
1605 2613 1765 2690 Ymber-

341 2759 425 2819 tum
452 2742 605 2821 Blanchi
640 2743 816 2830 militem,
846 2741 1043 2818 detentum
1074 2741 1114 2819 iu
1143 2739 1291 2848 Anglia,
1325 2741 1421 2818 circa
1449 2744 1590 2820 instans
1623 2743 1763 2821 festum

343 2872 526 2954 Omnium
546 2874 771 2951 Sanctorum
793 2888 904 2947 erunt
925 2897 975 2950 vu
997 2871 1101 2957 anni,
1123 2872 1360 2978 presentibus
1381 2871 1559 2950 fratribus
1579 2872 1763 2950 Michaele

344 3004 392 3080 de
412 3003 550 3090 Podio,
575 3018 669 3079 teste
697 3028 810 3104 supra
829 3000 956 3106 jurato
983 3000 1051 3076 sed
1072 3001 1243 3077 nondum
1264 3001 1489 3094 examinato,
1508 2984 1680 3079 Jobanue
1695 3004 1764 3079 llo

342 3133 440 3211 berti
468 3132 677 3239 presbitero
696 3131 742 3206 de
768 3129 961 3217 Arvernia,
990 3129 1164 3216 detento,
1183 3147 1235 3243 ut
1252 3131 1387 3222 credit,
1414 3132 1516 3237 apud
1534 3132 1763 3210 Exodunum

342 3248 584 3342 bituricensis
611 3260 784 3347 diocesis,
815 3258 996 3336 Durando
1028 3259 1075 3335 de
1102 3260 1236 3351 lasne,
1264 3259 1418 3338 detento
1444 3264 1546 3367 apud
1571 3263 1762 3339 Riomum.

345 3393 469 3499 Aqua
490 3407 684 3496 receptore
703 3389 831 3494 petitis
847 3415 942 3493 pane
961 3404 999 3463 et
1020 3416 1114 3494 aqua
1132 3417 1173 3464 ac
1192 3389 1368 3466 societate
1386 3391 1531 3467 ordinis
1559 3408 1597 3468 et
1621 3392 1656 3468 ei
1681 3420 1767 3469 con·

343 3522 470 3609 cessis,
493 3520 581 3598 lecit
605 3548 693 3596 eum
718 3547 849 3595 vovere
879 3535 918 3594 et
930 3519 1059 3625 jurare
1086 3519 1308 3609 castitatem,
1338 3519 1615 3609 obedienciam,
1641 3522 1764 3599 vivere

344 3653 424 3731 sine
448 3651 620 3759 proprio,
643 3677 786 3727 servare
808 3648 931 3726 bonos
955 3677 1047 3725 usus
1072 3666 1110 3726 et
1128 3649 1247 3727 bonas
1270 3653 1651 3758 consuetudinesque
1670 3670 1766 3729 tunc

343 3800 450 3861 erant
476 3784 516 3858 in
544 3781 676 3858 ordine
706 3797 744 3856 et
774 3807 848 3887 que
879 3780 1138 3885 inposterum
1172 3781 1460 3887 imponerentur
1485 3812 1572 3860 cum
1603 3783 1764 3861 consilio

343 3913 637 4022 presbiterorum
659 3911 818 3999 ordinis,
840 3928 877 3987 et
896 3939 973 3987 non
990 3910 1152 3988 revelare
1171 3930 1311 3988 secreta
1331 3914 1594 4020 capituliorum
1613 3931 1651 3991 et
1668 3915 1767 3991 ordi-

342 4045 417 4136 nis,
445 4045 517 4122 sub
540 4072 637 4149 pena
664 4041 848 4147 perdendi
870 4040 1042 4118 habiturn
1075 4058 1113 4117 et
1132 4042 1453 4135 incarceracionis,
1481 4044 1528 4121 de
1560 4044 1676 4121 modo
1706 4073 1766 4122 re-

343 4175 532 4281 cepcionis
559 4201 624 4251 sue
652 4199 730 4248 non
754 4172 952 4248 revelando
974 4172 1124 4277 speciali
1139 4171 1267 4249 habitu
1291 4174 1505 4262 mencione3
1527 4191 1564 4250 et
1582 4174 1763 4279 imposito

343 4305 378 4382 ei
398 4303 596 4391 mantello,
616 4320 789 4408 receptor
815 4302 887 4380 luit
906 4330 995 4379 eum
1023 4302 1211 4381 osculatus
1229 4304 1267 4378 in
1287 4333 1370 4393 ore,
1398 4318 1437 4382 et
1459 4304 1704 4409 postmodum
1724 4305 1767 4381 in

341 4454 493 4541 pectore
513 4462 627 4539 super
653 4450 788 4520 vestes,
814 4448 852 4507 et
879 4432 967 4509 dicti
989 4431 1120 4509 fratres
1147 4433 1349 4511 Durandus
1382 4451 1420 4510 et
1451 4433 1612 4509 Michael
1644 4450 1683 4510 et
1709 4435 1768 4511 Jo-

294 4546 300 4563 ⁶
343 4566 486 4642 bannes
513 4564 697 4671 presbiter
723 4563 876 4639 suerum
896 4591 984 4640 eum
1011 4564 1166 4641 osculati
1197 4565 1237 4641 iu
1271 4593 1348 4642 ore.
1373 4566 1461 4641 Post
1480 4565 1557 4671 que'
1583 4564 1686 4642 idem
1706 4593 1766 4640 re-

345 4712 473 4801 ceptor
490 4694 583 4770 dixit
604 4695 637 4770 ei
664 4694 703 4769 in
722 4694 912 4800 presencia
931 4694 1093 4771 aliorum
1119 4697 1224 4803 quod
1245 4696 1444 4800 oportebat
1468 4723 1556 4771 eum
1577 4695 1765 4802 abnegare

343 4826 487 4914 Deum,
509 4825 556 4901 de
587 4853 663 4930 quo
686 4824 764 4929 ipse
794 4824 899 4900 testis
930 4822 1002 4900 fuit
1025 4824 1199 4903 turbatus
1227 4843 1266 4903 et
1293 4825 1537 4933 stupefactum
1569 4823 1767 4932 abnegavit
