4236 5948
342 515 389 587 ss
729 489 925 584 nnocbs
951 507 1045 581 ons
1070 506 1370 582 annectens.

341 681 472 743 zonam
493 668 530 728 et
548 648 728 731 braccale.
757 649 868 728 Plura
893 647 1022 726 illicita
1048 676 1127 726 non
1156 649 1439 727 intervenerunt
1467 647 1506 724 in
1532 651 1751 757 recepcione

341 811 407 861 sua
426 780 594 888 predicta
613 807 683 857 nec
701 795 801 886 post,
825 797 862 858 et
881 779 1001 856 credit
1019 780 1123 884 quod
1143 778 1275 856 eadem
1295 777 1562 856 intervenirent
1582 807 1752 859 commu-

341 912 438 990 niter
458 911 497 987 in
517 908 801 1016 recepcionibus
820 908 1002 998 aliorum3
1019 936 1106 986 nam
1125 907 1220 986 vidit
1237 908 1352 1014 recipi
1372 906 1523 986 fratrem
1543 908 1750 989 Robertum

340 1039 376 1118 le
402 1040 553 1120 Verrier
577 1039 820 1128 servientem,
848 1065 963 1145 quem
989 1038 1108 1114 credit
1126 1038 1263 1129 vivere,
1285 1064 1354 1144 per
1371 1035 1523 1114 fratrem
1544 1036 1752 1117 Robertum

342 1171 389 1248 de
410 1170 547 1250 Sancto
570 1171 674 1246 lusto
699 1168 908 1276 quondam,
934 1167 973 1243 in
998 1167 1139 1274 capella
1164 1167 1299 1246 domus
1324 1165 1474 1273 Templi
1504 1167 1552 1244 de
1579 1167 1750 1256 Belvaco,

340 1328 417 1377 non
438 1297 571 1378 recolit
590 1297 637 1375 de
657 1316 844 1405 tempore,
866 1313 1039 1403 presente
1064 1294 1177 1374 fratre
1201 1296 1349 1375 Thomu
1368 1295 1416 1374 de
1435 1295 1587 1373 Envalle
1611 1297 1756 1402 presbi-

339 1448 439 1521 tero,
460 1446 555 1506 testc
574 1456 685 1534 supra
705 1427 933 1517 examinat03
963 1444 1113 1504 etcum
1138 1426 1265 1504 omnia
1287 1425 1388 1504 licita
1412 1454 1485 1532 que
1505 1426 1681 1533 deposuit
1699 1427 1756 1503 in·

339 1559 541 1635 tervenisse
561 1557 601 1632 in
620 1557 839 1663 recepcione
858 1584 926 1634 sua
944 1556 1246 1644 intervenissent,
1267 1554 1362 1634 vidit
1379 1555 1522 1636 dictum
1546 1558 1753 1636 Robertum

341 1686 427 1764 duci
444 1705 546 1764 retro
561 1686 676 1762 altare
691 1713 759 1793 per
774 1685 918 1762 dictum
931 1682 1140 1762 Robertum
1155 1683 1202 1760 de
1222 1683 1359 1761 Sancto
1374 1685 1496 1772 lusto,
1515 1701 1552 1760 et
1565 1684 1646 1788 ipso
1661 1701 1756 1763 teste

341 1833 379 1892 et
398 1815 672 1894 dictoThoma
687 1815 727 1891 in
739 1812 888 1922 capella
907 1812 1208 1903 remanentibus,
1228 1830 1268 1889 et
1286 1813 1405 1890 credit
1423 1814 1527 1919 quod
1553 1830 1645 1889 tunc
1664 1814 1757 1891 lacta

341 1963 377 2022 et
399 1944 497 2021 dicta
512 1943 650 2020 fierent
667 1942 796 2019 illicita
816 1940 1036 2047 supradicta.
1053 1941 1183 2016 Plures
1199 1967 1276 2016 non
1297 1941 1392 2016 vidit
1407 1942 1539 2046 recipi,
1566 1968 1634 2017 nec
1651 1942 1758 2020 affuit

341 2071 578 2180 generalibus
594 2070 765 2173 capitulis
781 2069 1017 2144 eorumdem·
1034 2069 1146 2156 Item,
1169 2067 1263 2144 dixit
1281 2068 1433 2144 credere
1448 2096 1487 2144 se
1502 2070 1757 2148 ecclesiasticis

342 2199 598 2283 sacramentis,
620 2214 659 2273 et
678 2197 783 2302 quod
803 2195 865 2272 alii
888 2193 1020 2271 fratres
1039 2196 1183 2272 ordinis
1208 2196 1419 2288 crederent,
1441 2215 1479 2272 et
1498 2199 1602 2304 quod
1623 2226 1755 2277 eorum

342 2326 552 2405 sacerdotes
579 2322 974 2402 debite-celebrarent.
994 2322 1147 2399 Dictum
1167 2321 1240 2399 suit
1259 2323 1417 2429 ei'quod
1436 2325 1558 2401 statim
1579 2355 1648 2432 pro
1667 2355 1755 2433 pro·

342 2455 684 2535 fesso-habebatur.
710 2450 952 2531 Clandestine
977 2448 1266 2556 recipiebantur,
1293 2452 1409 2530 nullis
1428 2455 1754 2559 presentibus'aisi

341 2584 519 2663 fratribus
533 2583 688 2662 ordinis.
709 2579 887 2659 Cordulis
904 2579 1006 2657 unde
1026 2579 1204 2657 volebant
1219 2583 1419 2687 assumptis
1434 2584 1679 2693 cingebantur
1694 2614 1757 2663 su-

342 2743 410 2819 per
437 2713 604 2791 camisias
632 2741 716 2790 cum
744 2709 883 2817 quibus
902 2708 1088 2817 jacebant.
1110 2710 1379 2819 lnjungebatur
1399 2713 1453 2790 eis
1470 2714 1752 2792 nerevelarent

342 2863 483 2921 secreta
501 2840 750 2948 capitulorum
770 2867 840 2916 nec
865 2838 1037 2916 modum*
1049 2839 1295 2945 recepcionis,
1318 2860 1355 2920 et
1381 2843 1410 2920 si
1431 2843 1655 2921 revelassent
1674 2873 1755 2951 gra-

343 2972 436 3049 viter
460 2971 584 3078 puniti
613 2968 781 3047 luissent.
812 2970 959 3046 Fratres
983 2969 1141 3046 scientes
1168 2997 1314 3048 errores
1343 2970 1497 3049 suerunt
1522 2973 1755 3079 negligentes

343 3102 431 3207 quia
450 3129 528 3178 non
547 3115 789 3179 correxerunt
809 3125 873 3174 eos
893 3123 963 3174 nec
981 3098 1301 3179 denunciaverunt
1320 3101 1495 3180 Ecclesie.
1516 3104 1559 3179 ln
1580 3101 1755 3180 domibus

345 3228 705 3335 ordinisinquibus
725 3227 846 3304 extitit
862 3244 1129 3317 commoratus,
1151 3228 1245 3306 vidit
1268 3229 1462 3338 religiosos
1481 3250 1519 3309 et
1536 3232 1654 3310 bonas
1674 3261 1758 3338 per-

344 3385 453 3436 sonas
472 3356 571 3434 bene
591 3355 705 3462 recipi
729 3372 768 3433 et
787 3354 1010 3433 elemosinas
1031 3356 1296 3435 convenienter
1314 3357 1396 3443 lieri
1417 3377 1455 3438 et
1474 3361 1620 3439 servari.
1643 3362 1757 3440 Ordi-

346 3505 431 3564 nata
444 3515 512 3592 per
526 3485 744 3593 Magistrum
759 3514 846 3562 cum
863 3503 1048 3563 conventu
1065 3505 1242 3565 servasset
1255 3505 1357 3566 totus
1372 3490 1483 3582 ordo,
1498 3509 1629 3568 contra
1641 3519 1756 3597 quem

346 3641 459 3704 nunc,
486 3632 639 3723 propter
664 3615 849 3721 predicta,
875 3616 1030 3723 grandia
1048 3616 1238 3707 scandala,
1259 3619 1422 3724 suspicio
1442 3637 1480 3697 et
1499 3620 1649 3697 infamia
1669 3638 1757 3698 sunt

347 3763 483 3824 exorta.
505 3744 636 3824 Credit
653 3746 760 3853 quod
786 3741 990 3823 consessata
1013 3773 1083 3850 per
1100 3772 1189 3823 eum
1211 3763 1440 3826 essentnota
1459 3748 1636 3826 fratribus
1655 3750 1757 3828 ordi·

346 3876 420 3962 nis,
442 3892 572 3965 contra
594 3903 711 3981 quem
737 3875 976 3980 Magister-et
999 3872 1062 3951 alii
1081 3874 1262 3954 dicuntur
1291 3876 1415 3983 aliqua
1438 3877 1552 3955 fuisse
1577 3878 1756 3967 consessi;

346 4006 394 4081 ad
414 4006 521 4112 cujus
540 4003 814 4083 deffensionem
835 4003 981 4107 ordinis
999 4032 1056 4090 se,
1078 4032 1131 4083 er
1146 4004 1314 4091 fatuitate
1346 4023 1384 4084 et
1409 4007 1645 4114 simplicitate
1672 4037 1753 4095 sua,

347 4131 551 4223 obtulerat,
572 4133 668 4210 sicut
688 4132 791 4210 dixit.

401 4262 616 4369 Requisitus
630 4263 663 4339 si
677 4264 730 4340 sic
744 4263 969 4371 deposuerat
982 4292 1103 4370 prece,
1119 4284 1317 4372 precepto,
1328 4269 1464 4345 timore
1475 4328 1484 4359 ,
1496 4267 1756 4359 amore‚odio;

345 4391 403 4469 vel
422 4391 620 4499 temporali
639 4376 839 4472 commodo
861 4393 991 4471 habito
1008 4393 1067 4471 vel
1087 4394 1283 4489 habendo,
1304 4398 1504 4503 respondit
1525 4395 1631 4505 quod
1655 4424 1754 4488 non,

347 4521 413 4597 sed
441 4523 690 4625 proveritate
713 4522 892 4613 dicenda3
920 4524 980 4599 cui
1004 4522 1078 4601 fuit
1104 4523 1316 4632 injunctum
1344 4526 1459 4633 quod.
1474 4555 1551 4605 non
1579 4525 1759 4604 revelaret

347 4649 441 4725 banc
464 4676 572 4726 suam
592 4652 888 4759 deposicionem,
909 4680 1107 4759 quousque
1127 4655 1383 4738 attestaciones
1401 4655 1542 4734 fuerint
1555 4655 1756 4761 publicate.
