4236 5948
262 151 332 226 rsa
642 135 841 226 *raucas
868 149 963 252 uas
989 147 1286 225 raurnrnns.

256 291 345 369 lecit
361 316 451 368 eum
473 317 606 371 vovere
627 308 669 369 et
686 293 815 401 jurare
838 291 1059 380 castitatem,
1089 290 1367 378 obedienciam,
1393 305 1432 366 et
1449 287 1571 369 vivere
1594 285 1676 371 siue

258 420 428 527 proprio,
451 436 491 498 et
512 449 656 499 servare
681 421 804 501 bonos
827 450 920 500 usus
940 436 980 498 et
999 419 1118 498 bonas
1142 421 1435 500 constratudinea
1453 420 1617 513 ordinis,
1639 437 1680 499 et

258 549 363 657 quod
377 578 454 626 non
477 551 658 628 revelaret
671 569 811 629 secreta
840 550 1110 657 capitulorum3
1130 564 1168 627 et
1184 549 1359 658 imposito
1383 548 1456 629 sibi
1479 550 1676 642 mantello,

258 696 429 786 receptur
444 696 481 756 et
496 707 628 757 omnes
645 698 806 758 astantes
825 680 981 759 osculati
1001 680 1157 758 luerunt
1176 709 1265 759 eum
1285 681 1325 758 in
1343 709 1421 760 ore.
1443 682 1578 760 Postea
1593 708 1680 790 pre—

259 809 355 917 cepit
374 809 408 886 ei
423 809 529 917 quod
549 808 780 888 oscularetur
801 811 925 917 ipsum
942 827 1176 916 receptorem
1199 812 1238 888 in
1258 839 1347 888 anca
1363 829 1401 889 et
1415 811 1454 887 in
1476 810 1677 900 umbilico,

259 939 407 1016 camisia
429 939 672 1027 intermedia,
702 958 740 1017 et
764 940 837 1018 fuit
862 968 950 1017 eum
973 939 1068 1016 inibi
1088 940 1289 1019 osculatus.
1314 938 1485 1047 Precepit
1506 941 1624 1018 eciam
1642 942 1680 1019 ei

258 1069 362 1177 quod
377 1069 579 1176 abnegaret.
589 1068 624 1144 la
639 1070 823 1177 propbeta
837 1072 922 1176 (sic).
938 1069 1156 1178 Requisitus
1169 1071 1261 1177 quid
1276 1069 1510 1180 intelligebat
1522 1098 1591 1178 per
1600 1100 1682 1176 pro

259 1200 431 1306 phetam,
455 1199 649 1305 respondit
677 1227 717 1277 se
736 1201 881 1278 nescire
905 1200 936 1278 si
960 1201 1115 1277 lhesum
1139 1200 1331 1279 Christum
1356 1199 1415 1276 vel
1435 1228 1569 1306 quem,
1592 1202 1682 1307 quia

255 1330 404 1437 juvenis
423 1345 518 1418 erat;
533 1346 660 1406 tamen
680 1329 874 1438 abnegavit
892 1331 1115 1438 prophetam
1140 1358 1206 1408 ore
1222 1359 1299 1408 non
1319 1330 1449 1418 corde,
1474 1329 1619 1407 hahens
1633 1332 1682 1409 de

260 1459 331 1537 hoc
346 1487 556 1536 remorsum
572 1461 822 1553 consciencie,
843 1462 931 1569 quia
946 1460 1137 1537 audiverat
1157 1462 1232 1537 dici
1247 1461 1353 1567 quod
1370 1460 1480 1537 ludei
1501 1460 1683 1538 vocabant

260 1589 383 1668 Deum
410 1606 581 1666 nostrum
606 1590 840 1697 prophetam.
870 1591 973 1668 Dixit
1000 1591 1118 1668 eciam
1147 1591 1181 1667 ei
1206 1591 1310 1697 quod
1333 1607 1480 1696 poterat
1504 1590 1683 1668 iratribus

261 1719 404 1797 ordinis
424 1718 620 1796 carnaliter
640 1721 873 1798 commisceri
897 1738 934 1797 et
954 1721 1023 1828 ipsi
1045 1748 1132 1798 cum
1151 1748 1216 1807 eoa
1235 1721 1308 1798 hoc
1331 1737 1458 1798 mmen
1479 1748 1556 1797 non
1576 1720 1681 1807 lecit,

261 1877 330 1927 nec
353 1851 473 1927 credit
497 1851 602 1956 quod
628 1850 736 1928 lieret
762 1852 801 1927 in
827 1851 973 1929 ordine.
1004 1851 1175 1957 Precepit
1203 1852 1238 1928 ei
1264 1851 1370 1957 quod
1397 1868 1548 1957 spueret
1569 1878 1684 1956 super

261 1980 464 2086 quamdam
489 2009 640 2057 crucem
660 1980 840 2088 sculptam
867 1982 905 2056 in
927 1981 1091 2087 quodam
1117 1980 1241 2086 lapide
1256 1980 1361 2088 juxta
1385 1980 1513 2058 locum
1541 1981 1579 2056 in
1605 2009 1682 2087 quo

261 2109 454 2218 legebatur
475 2111 649 2218 epistola,
673 2112 808 2217 etipse
832 2112 936 2188 testis
958 2111 1061 2219 spuit
1084 2132 1163 2188 non
1186 2139 1299 2217 supra
1320 2111 1388 2190 sed
1409 2112 1537 2219 juxta3
1563 2128 1601 2188 et
1626 2127 1685 2188 est

261 2240 456 2316 sciendum
495 2239 600 2346 quod
641 2239 764 2317 dictus
788 2240 894 2317 testis
922 2240 1098 2346 deposuit
1121 2240 1331 2346 supradicta
1360 2238 1525 2315 multum
1554 2238 1683 2343 tepide

262 2385 299 2446 et
321 2369 498 2446 remisse:
526 2385 665 2445 etcum
690 2368 950 2446 exhortaretur
970 2397 1038 2474 per
1064 2368 1182 2446 dictos
1207 2367 1382 2445 dominos
1408 2367 1685 2447 commissarios

262 2498 308 2576 ad
334 2500 523 2576 veritatem
555 2498 755 2576 dicendam
781 2529 868 2577 cum
898 2500 1116 2588 securitate,
1148 2499 1241 2577 dixit
1274 2498 1379 2606 quod
1413 2497 1568 2575 nolebat
1599 2526 1685 2604 per·

263 2631 352 2708 dere
373 2658 584 2737 personam.
601 2630 817 2736 Requisitus
837 2629 868 2706 si
888 2630 972 2720 scit,
989 2630 1125 2718 credit,
1140 2628 1197 2706 vel
1214 2628 1357 2705 audivit
1371 2627 1443 2704 dici
1463 2627 1568 2734 quod
1584 2627 1685 2705 dicta

262 2757 390 2836 illicita
417 2758 474 2836 vel
496 2759 566 2835 alia
594 2759 864 2836 intervenirent
886 2758 1139 2835 communiter
1163 2758 1203 2834 in
1218 2756 1502 2865 recepcionihus
1520 2757 1684 2835 aliorum

197 2897 198 2902 ’
263 2888 419 2965 fratrum
441 2889 584 2965 ordinis
603 2889 662 2966 vel
681 2905 781 2996 post,
799 2889 996 2995 respondit
1014 2888 1121 2995 quod
1140 2916 1230 2965 non.
1250 2889 1344 2965 ltem
1364 2887 1456 2964 dixit
1469 2915 1509 2964 se
1528 2888 1685 2964 credere

264 3019 368 3122 quod
384 3018 514 3095 fratres
528 3018 672 3095 ordinis
684 3019 882 3095 crederent
900 3017 1156 3095 ecclesiasticis
1176 3017 1431 3110 sacramentis,
1447 3018 1588 3125 quibus
1605 3017 1686 3123 ipse

265 3146 459 3238 credebat,
485 3164 522 3224 et
545 3148 650 3254 quod
677 3176 809 3225 eorum
840 3147 1052 3226 sacerdotes
1079 3147 1206 3225 debite
1233 3145 1478 3224 celebrarent.
1509 3146 1688 3225 Promisit

266 3275 438 3353 ordinem
452 3278 657 3368 nouerim,
679 3278 837 3355 credens
851 3276 956 3384 quud
974 3277 1037 3354 alii
1052 3277 1156 3357 idem
1173 3277 1448 3383 promitterent.
1468 3276 1602 3355 Statim
1609 3303 1686 3383 ,pro

265 3406 440 3512 professis
462 3406 708 3485 habebantur.
730 3407 1287 3514 Clandestinerecipiehaotur,
1314 3405 1429 3500 nullis
1447 3406 1689 3513 presentibus

266 3536 337 3613 nisi
356 3534 533 3613 fratribus
551 3538 705 3615 ordinis.
723 3537 900 3617 Cordulis
919 3535 1023 3614 unde
1040 3536 1216 3616 volebant
1230 3537 1429 3643 assumptis
1442 3535 1690 3644 cingebantur
1720 3629 1723 3638 Ι

266 3694 377 3772 snper
400 3665 568 3743 camisias
600 3695 684 3744 cum
715 3667 855 3773 quibus
883 3665 1068 3774 jacebant
1095 3664 1367 3773 lnjungebatnr
1395 3666 1449 3744 eis
1475 3663 1580 3771 quod
1608 3692 1688 3743 non

266 3796 539 3874 confiterentur
548 3794 629 3874 aliis
642 3826 755 3903 quam
766 3796 1024 3875 sacerdotibus
1032 3797 1188 3885 ordinis,
1199 3796 1383 3902 quamdiu
1391 3794 1536 3901 copiam
1547 3792 1690 3872 hahere

266 3942 441 4034 poterant
455 3928 691 4003 eorumdem.
713 3927 990 4033 Pracipiebatur
1009 3927 1064 4004 eis
1083 3925 1189 4033 quod
1207 3954 1286 4005 non
1306 3924 1514 4002 revelarent
1529 3922 1690 4003 modum

267 4085 332 4133 sue
349 4057 577 4164 rocepcionis
597 4056 670 4134 illis
687 4057 753 4163 qui
770 4086 847 4135 non
860 4075 966 4135 erant
985 4057 1033 4135 de
1051 4057 1184 4135 ordine
1200 4084 1346 4134 eorum.
1368 4054 1445 4149 Qui
1463 4053 1691 4132 revelassent

268 4185 324 4262 vel
340 4205 480 4264 secreta
497 4187 785 4293 capitoliorum,
805 4187 928 4295 puniti
952 4186 1128 4277 luissent,
1147 4185 1215 4265 sed
1234 4186 1353 4264 nescit
1370 4183 1544 4291 qualiter.
1566 4184 1608 4262 Si
1620 4183 1690 4291 qui

270 4333 374 4390 erant
388 4315 517 4394 fratres
530 4317 689 4395 scientes
702 4345 846 4396 errores
858 4345 938 4396 esse
954 4317 993 4393 in
1005 4317 1157 4408 ordine,
1170 4315 1325 4393 luerunt
1340 4315 1572 4423 negligentes
1581 4373 1591 4404 ‚
1600 4312 1691 4422 quia

271 4472 346 4519 non
358 4463 598 4523 correxerunt
611 4475 675 4524 eos
687 4475 757 4524 nec
772 4447 1094 4525 denunciaverunt
1104 4444 1278 4523 Ecclesia.
1295 4448 1338 4522 ln
1354 4443 1531 4522 domibus
1545 4444 1691 4522 ordinis
