<?xml version="1.0" encoding="UTF-8"?>
<!DOCTYPE html PUBLIC "-//W3C//DTD XHTML 1.0 Transitional//EN"
    "http://www.w3.org/TR/xhtml1/DTD/xhtml1-transitional.dtd">
<html xmlns="http://www.w3.org/1999/xhtml" xml:lang="en" lang="en">
 <head>
  <title>
</title>
<meta http-equiv="Content-Type" content="text/html;charset=utf-8" />
  <meta name='ocr-system' content='tesseract 3.04.00' />
  <meta name='ocr-capabilities' content='ocr_page ocr_carea ocr_par ocr_line ocrx_word'/>
</head>
<body>
  <div class='ocr_page' id='page_1' title='image "./procsdestemplie00defegoog/procsdestemplie00defegoog_0295.png"; bbox 0 0 4236 5948; ppageno 0'>
   <div class='ocr_carea' id='block_1_1' title="bbox 635 559 1671 648">
    <p class='ocr_par' dir='ltr' id='par_1_1' title="bbox 635 559 1671 648">
     <span class='ocr_line' id='line_1_1' title="bbox 635 559 1671 648; baseline 0.004 -5"><span class='ocrx_word' id='word_1_1' title='bbox 635 559 832 647; x_wconf 79' lang='lat' dir='ltr'>PROCES</span> <span class='ocrx_word' id='word_1_2' title='bbox 864 574 959 645; x_wconf 80' lang='lat' dir='ltr'><strong>Dus</strong></span> <span class='ocrx_word' id='word_1_3' title='bbox 990 574 1293 647; x_wconf 85' lang='lat' dir='ltr'>TEMPLIERS.</span> <span class='ocrx_word' id='word_1_4' title='bbox 1598 578 1671 648; x_wconf 81' lang='lat'><strong>273</strong></span> 
     </span>
    </p>
   </div>
   <div class='ocr_carea' id='block_1_2' title="bbox 247 711 1674 1067">
    <p class='ocr_par' dir='ltr' id='par_1_2' title="bbox 247 711 1674 1067">
     <span class='ocr_line' id='line_1_2' title="bbox 249 711 1674 822; baseline 0.005 -36"><span class='ocrx_word' id='word_1_5' title='bbox 249 711 365 789; x_wconf 86' lang='lat' dir='ltr'><strong>lelmo</strong></span> <span class='ocrx_word' id='word_1_6' title='bbox 393 711 443 788; x_wconf 90' lang='lat' dir='ltr'><strong>de</strong></span> <span class='ocrx_word' id='word_1_7' title='bbox 470 711 642 790; x_wconf 89' lang='lat' dir='ltr'><strong>Plesiano</strong></span> <span class='ocrx_word' id='word_1_8' title='bbox 672 714 818 791; x_wconf 90' lang='lat' dir='ltr'><strong>domini</strong></span> <span class='ocrx_word' id='word_1_9' title='bbox 849 714 946 822; x_wconf 88' lang='lat' dir='ltr'><strong>regis</strong></span> <span class='ocrx_word' id='word_1_10' title='bbox 977 716 1129 791; x_wconf 86' lang='lat' dir='ltr'><strong>Francie</strong></span> <span class='ocrx_word' id='word_1_11' title='bbox 1164 716 1302 805; x_wconf 87' lang='lat' dir='ltr'><strong>milite,</strong></span> <span class='ocrx_word' id='word_1_12' title='bbox 1331 743 1373 790; x_wconf 93' lang='lat' dir='ltr'><strong>ac</strong></span> <span class='ocrx_word' id='word_1_13' title='bbox 1397 714 1674 793; x_wconf 83' lang='lat' dir='ltr'><strong>venerabilibus</strong></span> 
     </span>
     <span class='ocr_line' id='line_1_3' title="bbox 247 841 1674 954; baseline 0.002 -36"><span class='ocrx_word' id='word_1_14' title='bbox 247 842 334 919; x_wconf 88' lang='lat' dir='ltr'><strong>viris</strong></span> <span class='ocrx_word' id='word_1_15' title='bbox 354 841 510 920; x_wconf 90' lang='lat' dir='ltr'><strong>domino</strong></span> <span class='ocrx_word' id='word_1_16' title='bbox 530 843 715 922; x_wconf 85' lang='lat' dir='ltr'><strong>Guafrido</strong></span> <span class='ocrx_word' id='word_1_17' title='bbox 746 846 793 922; x_wconf 92' lang='lat' dir='ltr'><strong>de</strong></span> <span class='ocrx_word' id='word_1_18' title='bbox 823 845 979 953; x_wconf 80' lang='lat' dir='ltr'><strong>Plaaeyo</strong></span> <span class='ocrx_word' id='word_1_19' title='bbox 1012 847 1156 923; x_wconf 90' lang='lat' dir='ltr'><strong>domini</strong></span> <span class='ocrx_word' id='word_1_20' title='bbox 1182 876 1276 953; x_wconf 89' lang='lat' dir='ltr'><strong>pape</strong></span> <span class='ocrx_word' id='word_1_21' title='bbox 1300 845 1463 942; x_wconf 81' lang='lat' dir='ltr'><strong>notario,</strong></span> <span class='ocrx_word' id='word_1_22' title='bbox 1490 875 1532 921; x_wconf 90' lang='lat' dir='ltr'><strong>ac</strong></span> <span class='ocrx_word' id='word_1_23' title='bbox 1556 847 1674 954; x_wconf 86' lang='lat' dir='ltr'><strong>magi·</strong></span> 
     </span>
     <span class='ocr_line' id='line_1_4' title="bbox 248 972 1672 1067; baseline 0.003 -19"><span class='ocrx_word' id='word_1_24' title='bbox 248 988 323 1049; x_wconf 87' lang='lat' dir='ltr'><strong>stro</strong></span> <span class='ocrx_word' id='word_1_25' title='bbox 343 972 487 1052; x_wconf 81' lang='lat' dir='ltr'><strong>Amisio</strong></span> <span class='ocrx_word' id='word_1_26' title='bbox 507 973 554 1051; x_wconf 91' lang='lat' dir='ltr'><strong>de</strong></span> <span class='ocrx_word' id='word_1_27' title='bbox 574 975 801 1067; x_wconf 83' lang='lat' dir='ltr'><strong>Aurelianis,</strong></span> <span class='ocrx_word' id='word_1_28' title='bbox 820 994 858 1052; x_wconf 89' lang='lat' dir='ltr'><strong>et</strong></span> <span class='ocrx_word' id='word_1_29' title='bbox 877 1005 940 1052; x_wconf 93' lang='lat' dir='ltr'><strong>me</strong></span> <span class='ocrx_word' id='word_1_30' title='bbox 959 976 1215 1055; x_wconf 87' lang='lat' dir='ltr'><strong>Floriamonte</strong></span> <span class='ocrx_word' id='word_1_31' title='bbox 1232 977 1280 1053; x_wconf 94' lang='lat' dir='ltr'><strong>de</strong></span> <span class='ocrx_word' id='word_1_32' title='bbox 1300 978 1465 1064; x_wconf 78' lang='lat' dir='ltr'><strong>Nantua,</strong></span> <span class='ocrx_word' id='word_1_33' title='bbox 1480 976 1672 1052; x_wconf 89' lang='lat' dir='ltr'><strong>Bernardo</strong></span> 
     </span>
    </p>
   </div>
   <div class='ocr_carea' id='block_1_3' title="bbox 248 1102 1675 1213">
    <p class='ocr_par' dir='ltr' id='par_1_3' title="bbox 248 1102 1675 1213">
     <span class='ocr_line' id='line_1_5' title="bbox 248 1102 1675 1213; baseline 0.004 -35"><span class='ocrx_word' id='word_1_34' title='bbox 248 1102 405 1196; x_wconf 90' lang='lat' dir='ltr'><strong>Filholi,</strong></span> <span class='ocrx_word' id='word_1_35' title='bbox 425 1104 635 1185; x_wconf 90' lang='lat' dir='ltr'><strong>Guillelmo</strong></span> <span class='ocrx_word' id='word_1_36' title='bbox 655 1107 861 1213; x_wconf 86' lang='lat' dir='ltr'><strong>Radulphi,</strong></span> <span class='ocrx_word' id='word_1_37' title='bbox 881 1109 1073 1185; x_wconf 88' lang='lat' dir='ltr'><strong>Bernardo</strong></span> <span class='ocrx_word' id='word_1_38' title='bbox 1090 1108 1295 1185; x_wconf 89' lang='lat' dir='ltr'><strong>Humbaldi</strong></span> <span class='ocrx_word' id='word_1_39' title='bbox 1321 1125 1358 1183; x_wconf 90' lang='lat' dir='ltr'><strong>et</strong></span> <span class='ocrx_word' id='word_1_40' title='bbox 1384 1108 1542 1212; x_wconf 90' lang='lat' dir='ltr'><strong>Hugone</strong></span> <span class='ocrx_word' id='word_1_41' title='bbox 1570 1108 1675 1184; x_wconf 87' lang='lat' dir='ltr'><strong>Nico·</strong></span> 
     </span>
    </p>
   </div>
   <div class='ocr_carea' id='block_1_4' title="bbox 248 1232 1182 1345">
    <p class='ocr_par' dir='ltr' id='par_1_4' title="bbox 248 1232 1182 1345">
     <span class='ocr_line' id='line_1_6' title="bbox 248 1232 1182 1345; baseline 0.004 -36"><span class='ocrx_word' id='word_1_42' title='bbox 248 1232 294 1309; x_wconf 92' lang='lat' dir='ltr'><strong>lai</strong></span> <span class='ocrx_word' id='word_1_43' title='bbox 324 1237 481 1313; x_wconf 88' lang='lat' dir='ltr'><strong>notariis</strong></span> <span class='ocrx_word' id='word_1_44' title='bbox 498 1239 769 1345; x_wconf 80' lang='lat' dir='ltr'><strong>suprascriptis.</strong></span> <span class='ocrx_word' id='word_1_45' title='bbox 788 1238 871 1315; x_wconf 91' lang='lat' dir='ltr'><strong>Deo</strong></span> <span class='ocrx_word' id='word_1_46' title='bbox 886 1240 1040 1345; x_wconf 81' lang='lat' dir='ltr'><strong>gracias,</strong></span> <span class='ocrx_word' id='word_1_47' title='bbox 1060 1267 1182 1315; x_wconf 89' lang='lat' dir='ltr'><strong>amen.</strong></span> 
     </span>
    </p>
   </div>
   <div class='ocr_carea' id='block_1_5' title="bbox 248 1499 1674 2130">
    <p class='ocr_par' dir='ltr' id='par_1_5' title="bbox 248 1499 1674 2130">
     <span class='ocr_line' id='line_1_7' title="bbox 302 1499 1674 1609; baseline -0.002 -32"><span class='ocrx_word' id='word_1_48' title='bbox 302 1503 349 1577; x_wconf 86' lang='lat' dir='ltr'><strong>Et</strong></span> <span class='ocrx_word' id='word_1_49' title='bbox 374 1530 443 1609; x_wconf 89' lang='lat' dir='ltr'><strong>ego</strong></span> <span class='ocrx_word' id='word_1_50' title='bbox 471 1500 705 1578; x_wconf 84' lang='lat' dir='ltr'><strong>Floriamons</strong></span> <span class='ocrx_word' id='word_1_51' title='bbox 732 1501 933 1578; x_wconf 89' lang='lat' dir='ltr'><strong>Dondedei</strong></span> <span class='ocrx_word' id='word_1_52' title='bbox 960 1501 1006 1577; x_wconf 90' lang='lat' dir='ltr'><strong>de</strong></span> <span class='ocrx_word' id='word_1_53' title='bbox 1033 1503 1176 1579; x_wconf 83' lang='lat' dir='ltr'><strong>Nantua</strong></span> <span class='ocrx_word' id='word_1_54' title='bbox 1209 1500 1385 1591; x_wconf 88' lang='lat' dir='ltr'><strong>clericus,</strong></span> <span class='ocrx_word' id='word_1_55' title='bbox 1413 1499 1615 1607; x_wconf 90' lang='lat' dir='ltr'><strong>apostolica</strong></span> <span class='ocrx_word' id='word_1_56' title='bbox 1636 1517 1674 1574; x_wconf 90' lang='lat' dir='ltr'><strong>et</strong></span> 
     </span>
     <span class='ocr_line' id='line_1_8' title="bbox 248 1631 1673 1738; baseline -0.001 -32"><span class='ocrx_word' id='word_1_57' title='bbox 248 1631 432 1737; x_wconf 85' lang='lat' dir='ltr'><strong>imperiali</strong></span> <span class='ocrx_word' id='word_1_58' title='bbox 455 1633 674 1710; x_wconf 88' lang='lat' dir='ltr'><strong>auctoritate</strong></span> <span class='ocrx_word' id='word_1_59' title='bbox 699 1632 869 1710; x_wconf 87' lang='lat' dir='ltr'><strong>notarius</strong></span> <span class='ocrx_word' id='word_1_60' title='bbox 885 1631 1077 1737; x_wconf 88' lang='lat' dir='ltr'><strong>publicus,</strong></span> <span class='ocrx_word' id='word_1_61' title='bbox 1104 1632 1143 1707; x_wconf 93' lang='lat' dir='ltr'><strong>in</strong></span> <span class='ocrx_word' id='word_1_62' title='bbox 1168 1631 1283 1737; x_wconf 85' lang='lat' dir='ltr'><strong>hujus</strong></span> <span class='ocrx_word' id='word_1_63' title='bbox 1307 1631 1412 1708; x_wconf 91' lang='lat' dir='ltr'><strong>modi</strong></span> <span class='ocrx_word' id='word_1_64' title='bbox 1429 1631 1585 1738; x_wconf 91' lang='lat' dir='ltr'><strong>negocio</strong></span> <span class='ocrx_word' id='word_1_65' title='bbox 1605 1658 1673 1734; x_wconf 90' lang='lat' dir='ltr'><strong>per</strong></span> 
     </span>
     <span class='ocr_line' id='line_1_9' title="bbox 249 1759 1673 1868; baseline 0 -30"><span class='ocrx_word' id='word_1_66' title='bbox 249 1761 368 1839; x_wconf 84' lang='lat' dir='ltr'><strong>dictos</strong></span> <span class='ocrx_word' id='word_1_67' title='bbox 388 1764 563 1842; x_wconf 90' lang='lat' dir='ltr'><strong>dominos</strong></span> <span class='ocrx_word' id='word_1_68' title='bbox 578 1759 1076 1854; x_wconf 56' lang='lat' dir='ltr'><strong>commissarios&#39;adhibitus,</strong></span> <span class='ocrx_word' id='word_1_69' title='bbox 1094 1762 1272 1868; x_wconf 86' lang='lat' dir='ltr'><strong>predictis</strong></span> <span class='ocrx_word' id='word_1_70' title='bbox 1287 1763 1542 1868; x_wconf 81' lang='lat' dir='ltr'><strong>processibus,</strong></span> <span class='ocrx_word' id='word_1_71' title='bbox 1560 1779 1673 1867; x_wconf 91' lang='lat' dir='ltr'><strong>prout</strong></span> 
     </span>
     <span class='ocr_line' id='line_1_10' title="bbox 249 1892 1673 1997; baseline 0 -30"><span class='ocrx_word' id='word_1_72' title='bbox 249 1892 473 1982; x_wconf 81' lang='lat' dir='ltr'><strong>continetur,</strong></span> <span class='ocrx_word' id='word_1_73' title='bbox 495 1896 535 1968; x_wconf 93' lang='lat' dir='ltr'><strong>in</strong></span> <span class='ocrx_word' id='word_1_74' title='bbox 554 1893 727 1969; x_wconf 89' lang='lat' dir='ltr'><strong>ducentis</strong></span> <span class='ocrx_word' id='word_1_75' title='bbox 743 1894 925 1969; x_wconf 88' lang='lat' dir='ltr'><strong>etdecem</strong></span> <span class='ocrx_word' id='word_1_76' title='bbox 945 1910 982 1969; x_wconf 88' lang='lat' dir='ltr'><strong>et</strong></span> <span class='ocrx_word' id='word_1_77' title='bbox 1001 1922 1136 1970; x_wconf 88' lang='lat' dir='ltr'><strong>novem</strong></span> <span class='ocrx_word' id='word_1_78' title='bbox 1155 1893 1255 1970; x_wconf 86' lang='lat' dir='ltr'><strong>loliis</strong></span> <span class='ocrx_word' id='word_1_79' title='bbox 1276 1922 1363 1969; x_wconf 89' lang='lat' dir='ltr'><strong>cum</strong></span> <span class='ocrx_word' id='word_1_80' title='bbox 1379 1892 1541 1969; x_wconf 92' lang='lat' dir='ltr'><strong>dimidio</strong></span> <span class='ocrx_word' id='word_1_81' title='bbox 1561 1915 1673 1997; x_wconf 84' lang='lat' dir='ltr'><strong>supra</strong></span> 
     </span>
     <span class='ocr_line' id='line_1_11' title="bbox 249 2022 1674 2130; baseline -0.003 -30"><span class='ocrx_word' id='word_1_82' title='bbox 249 2022 396 2127; x_wconf 89' lang='lat' dir='ltr'><strong>positis,</strong></span> <span class='ocrx_word' id='word_1_83' title='bbox 422 2022 568 2130; x_wconf 88' lang='lat' dir='ltr'><strong>scriptis</strong></span> <span class='ocrx_word' id='word_1_84' title='bbox 592 2050 708 2099; x_wconf 90' lang='lat' dir='ltr'><strong>manu</strong></span> <span class='ocrx_word' id='word_1_85' title='bbox 737 2050 838 2112; x_wconf 88' lang='lat' dir='ltr'><strong>mea,</strong></span> <span class='ocrx_word' id='word_1_86' title='bbox 875 2039 913 2098; x_wconf 88' lang='lat' dir='ltr'><strong>et</strong></span> <span class='ocrx_word' id='word_1_87' title='bbox 942 2023 1057 2128; x_wconf 87' lang='lat' dir='ltr'><strong>signis</strong></span> <span class='ocrx_word' id='word_1_88' title='bbox 1091 2022 1340 2100; x_wconf 87' lang='lat' dir='ltr'><strong>discretorum</strong></span> <span class='ocrx_word' id='word_1_89' title='bbox 1364 2023 1531 2099; x_wconf 88' lang='lat' dir='ltr'><strong>virorum</strong></span> <span class='ocrx_word' id='word_1_90' title='bbox 1561 2022 1674 2128; x_wconf 87' lang='lat' dir='ltr'><strong>magi·</strong></span> 
     </span>
    </p>
   </div>
   <div class='ocr_carea' id='block_1_6' title="bbox 248 2150 1800 2257">
    <p class='ocr_par' dir='ltr' id='par_1_6' title="bbox 248 2150 1800 2257">
     <span class='ocr_line' id='line_1_12' title="bbox 248 2150 1800 2257; baseline 0.002 -29"><span class='ocrx_word' id='word_1_91' title='bbox 248 2168 409 2228; x_wconf 89' lang='lat' dir='ltr'><strong>strorum</strong></span> <span class='ocrx_word' id='word_1_92' title='bbox 429 2151 613 2229; x_wconf 87' lang='lat' dir='ltr'><strong>Bernardi</strong></span> <span class='ocrx_word' id='word_1_93' title='bbox 634 2150 794 2238; x_wconf 85' lang='lat' dir='ltr'><strong>Filholi,</strong></span> <span class='ocrx_word' id='word_1_94' title='bbox 811 2150 1010 2230; x_wconf 91' lang='lat' dir='ltr'><strong>Guillelmi</strong></span> <span class='ocrx_word' id='word_1_95' title='bbox 1026 2151 1233 2257; x_wconf 86' lang='lat' dir='ltr'><strong>Radulphi,</strong></span> <span class='ocrx_word' id='word_1_96' title='bbox 1252 2150 1433 2229; x_wconf 89' lang='lat' dir='ltr'><strong>Bernardi</strong></span> <span class='ocrx_word' id='word_1_97' title='bbox 1448 2150 1671 2241; x_wconf 89' lang='lat' dir='ltr'><strong>Humbaldi,</strong></span> <span class='ocrx_word' id='word_1_98' title='bbox 1797 2200 1800 2206; x_wconf 95' lang='lat'>·</span> 
     </span>
    </p>
   </div>
   <div class='ocr_carea' id='block_1_7' title="bbox 247 2281 1734 3428">
    <p class='ocr_par' dir='ltr' id='par_1_7' title="bbox 247 2281 1734 3428">
     <span class='ocr_line' id='line_1_13' title="bbox 249 2281 1671 2390; baseline -0.001 -32"><span class='ocrx_word' id='word_1_99' title='bbox 249 2299 284 2358; x_wconf 90' lang='lat' dir='ltr'><strong>et</strong></span> <span class='ocrx_word' id='word_1_100' title='bbox 307 2283 477 2388; x_wconf 87' lang='lat' dir='ltr'><strong>Hugonis</strong></span> <span class='ocrx_word' id='word_1_101' title='bbox 505 2282 645 2360; x_wconf 91' lang='lat' dir='ltr'><strong>Nicolai</strong></span> <span class='ocrx_word' id='word_1_102' title='bbox 678 2282 914 2359; x_wconf 88' lang='lat' dir='ltr'><strong>notariorum</strong></span> <span class='ocrx_word' id='word_1_103' title='bbox 943 2281 1202 2386; x_wconf 87' lang='lat' dir='ltr'><strong>publicorum,</strong></span> <span class='ocrx_word' id='word_1_104' title='bbox 1223 2312 1291 2388; x_wconf 93' lang='lat' dir='ltr'><strong>per</strong></span> <span class='ocrx_word' id='word_1_105' title='bbox 1317 2299 1537 2390; x_wconf 87' lang='lat' dir='ltr'><strong>quaternos,</strong></span> <span class='ocrx_word' id='word_1_106' title='bbox 1563 2281 1671 2385; x_wconf 89' lang='lat' dir='ltr'><strong>quin·</strong></span> 
     </span>
     <span class='ocr_line' id='line_1_14' title="bbox 247 2411 1673 2519; baseline -0.001 -33"><span class='ocrx_word' id='word_1_107' title='bbox 247 2427 354 2489; x_wconf 90' lang='lat' dir='ltr'><strong>tenos</strong></span> <span class='ocrx_word' id='word_1_108' title='bbox 375 2440 443 2489; x_wconf 89' lang='lat' dir='ltr'><strong>seu</strong></span> <span class='ocrx_word' id='word_1_109' title='bbox 460 2428 654 2489; x_wconf 83' lang='lat' dir='ltr'><strong>sextemos</strong></span> <span class='ocrx_word' id='word_1_110' title='bbox 678 2412 717 2486; x_wconf 95' lang='lat' dir='ltr'><strong>in</strong></span> <span class='ocrx_word' id='word_1_111' title='bbox 744 2411 929 2518; x_wconf 91' lang='lat' dir='ltr'><strong>principio</strong></span> <span class='ocrx_word' id='word_1_112' title='bbox 946 2429 982 2487; x_wconf 89' lang='lat' dir='ltr'><strong>et</strong></span> <span class='ocrx_word' id='word_1_113' title='bbox 1002 2413 1041 2486; x_wconf 91' lang='lat' dir='ltr'><strong>in</strong></span> <span class='ocrx_word' id='word_1_114' title='bbox 1061 2412 1137 2488; x_wconf 82' lang='lat' dir='ltr'><strong>fine</strong></span> <span class='ocrx_word' id='word_1_115' title='bbox 1160 2413 1330 2518; x_wconf 88' lang='lat' dir='ltr'><strong>signatis,</strong></span> <span class='ocrx_word' id='word_1_116' title='bbox 1353 2413 1575 2519; x_wconf 91' lang='lat' dir='ltr'><strong>inquorum</strong></span> <span class='ocrx_word' id='word_1_117' title='bbox 1596 2411 1673 2516; x_wconf 92' lang='lat' dir='ltr'><strong>qui·</strong></span> 
     </span>
     <span class='ocr_line' id='line_1_15' title="bbox 249 2539 1673 2648; baseline 0 -32"><span class='ocrx_word' id='word_1_118' title='bbox 249 2540 335 2617; x_wconf 89' lang='lat' dir='ltr'><strong>dem</strong></span> <span class='ocrx_word' id='word_1_119' title='bbox 366 2541 547 2619; x_wconf 85' lang='lat' dir='ltr'><strong>foliorum</strong></span> <span class='ocrx_word' id='word_1_120' title='bbox 576 2541 722 2648; x_wconf 84' lang='lat' dir='ltr'><strong>paginis</strong></span> <span class='ocrx_word' id='word_1_121' title='bbox 747 2541 905 2648; x_wconf 90' lang='lat' dir='ltr'><strong>singulis</strong></span> <span class='ocrx_word' id='word_1_122' title='bbox 932 2558 1023 2619; x_wconf 89' lang='lat' dir='ltr'><strong>suut</strong></span> <span class='ocrx_word' id='word_1_123' title='bbox 1051 2543 1306 2619; x_wconf 90' lang='lat' dir='ltr'><strong>communiter</strong></span> <span class='ocrx_word' id='word_1_124' title='bbox 1334 2542 1581 2647; x_wconf 87' lang='lat' dir='ltr'><strong>quadraginta</strong></span> <span class='ocrx_word' id='word_1_125' title='bbox 1613 2539 1673 2616; x_wconf 83' lang='lat' dir='ltr'><strong>vel</strong></span> 
     </span>
     <span class='ocr_line' id='line_1_16' title="bbox 248 2668 1734 2779; baseline -0.003 -33"><span class='ocrx_word' id='word_1_126' title='bbox 248 2671 340 2748; x_wconf 88' lang='lat' dir='ltr'><strong>circa</strong></span> <span class='ocrx_word' id='word_1_127' title='bbox 365 2671 484 2765; x_wconf 89' lang='lat' dir='ltr'><strong>linee,</strong></span> <span class='ocrx_word' id='word_1_128' title='bbox 510 2689 725 2778; x_wconf 88' lang='lat' dir='ltr'><strong>presentem</strong></span> <span class='ocrx_word' id='word_1_129' title='bbox 750 2701 989 2779; x_wconf 84' lang='lat' dir='ltr'><strong>processum,</strong></span> <span class='ocrx_word' id='word_1_130' title='bbox 1021 2672 1144 2758; x_wconf 88' lang='lat' dir='ltr'><strong>annis,</strong></span> <span class='ocrx_word' id='word_1_131' title='bbox 1176 2671 1400 2758; x_wconf 88' lang='lat' dir='ltr'><strong>indictione,</strong></span> <span class='ocrx_word' id='word_1_132' title='bbox 1428 2668 1671 2775; x_wconf 83' lang='lat' dir='ltr'><strong>pontificatu,</strong></span> <span class='ocrx_word' id='word_1_133' title='bbox 1719 2725 1734 2741; x_wconf 75' lang='grc'><em>,</em></span> 
     </span>
     <span class='ocr_line' id='line_1_17' title="bbox 249 2798 1673 2910; baseline 0.001 -35"><span class='ocrx_word' id='word_1_134' title='bbox 249 2801 381 2881; x_wconf 91' lang='lat' dir='ltr'><strong>diebus</strong></span> <span class='ocrx_word' id='word_1_135' title='bbox 408 2820 446 2880; x_wconf 91' lang='lat' dir='ltr'><strong>et</strong></span> <span class='ocrx_word' id='word_1_136' title='bbox 460 2802 552 2880; x_wconf 87' lang='lat' dir='ltr'><strong>locis</strong></span> <span class='ocrx_word' id='word_1_137' title='bbox 572 2802 767 2908; x_wconf 85' lang='lat' dir='ltr'><strong>predictis,</strong></span> <span class='ocrx_word' id='word_1_138' title='bbox 790 2819 904 2908; x_wconf 91' lang='lat' dir='ltr'><strong>prout</strong></span> <span class='ocrx_word' id='word_1_139' title='bbox 932 2819 989 2878; x_wconf 87' lang='lat' dir='ltr'><strong>est</strong></span> <span class='ocrx_word' id='word_1_140' title='bbox 1015 2801 1189 2908; x_wconf 89' lang='lat' dir='ltr'><strong>superius</strong></span> <span class='ocrx_word' id='word_1_141' title='bbox 1210 2798 1467 2906; x_wconf 85' lang='lat' dir='ltr'><strong>specificatum</strong></span> <span class='ocrx_word' id='word_1_142' title='bbox 1493 2817 1531 2875; x_wconf 91' lang='lat' dir='ltr'><strong>et</strong></span> <span class='ocrx_word' id='word_1_143' title='bbox 1550 2802 1673 2910; x_wconf 89' lang='lat' dir='ltr'><strong>singu·</strong></span> 
     </span>
     <span class='ocr_line' id='line_1_18' title="bbox 248 2929 1673 3020; baseline 0.002 -15"><span class='ocrx_word' id='word_1_144' title='bbox 248 2929 373 3008; x_wconf 87' lang='lat' dir='ltr'><strong>lariter</strong></span> <span class='ocrx_word' id='word_1_145' title='bbox 404 2931 652 3018; x_wconf 88' lang='lat' dir='ltr'><strong>declaratum,</strong></span> <span class='ocrx_word' id='word_1_146' title='bbox 688 2932 936 3010; x_wconf 88' lang='lat' dir='ltr'><strong>demandato</strong></span> <span class='ocrx_word' id='word_1_147' title='bbox 968 2932 1157 3020; x_wconf 85' lang='lat' dir='ltr'><strong>dictorum</strong></span> <span class='ocrx_word' id='word_1_148' title='bbox 1187 2932 1432 3008; x_wconf 90' lang='lat' dir='ltr'><strong>dominorum</strong></span> <span class='ocrx_word' id='word_1_149' title='bbox 1460 2931 1673 3009; x_wconf 89' lang='lat' dir='ltr'><strong>commissa·</strong></span> 
     </span>
     <span class='ocr_line' id='line_1_19' title="bbox 248 3061 1674 3170; baseline 0.002 -35"><span class='ocrx_word' id='word_1_150' title='bbox 248 3061 407 3149; x_wconf 90' lang='lat' dir='ltr'><strong>riorum,</strong></span> <span class='ocrx_word' id='word_1_151' title='bbox 432 3079 546 3169; x_wconf 93' lang='lat' dir='ltr'><strong>prout</strong></span> <span class='ocrx_word' id='word_1_152' title='bbox 573 3061 793 3152; x_wconf 76' lang='lat' dir='ltr'><strong>adsuerunt,</strong></span> <span class='ocrx_word' id='word_1_153' title='bbox 818 3062 967 3168; x_wconf 90' lang='lat' dir='ltr'><strong>propria</strong></span> <span class='ocrx_word' id='word_1_154' title='bbox 993 3091 1108 3138; x_wconf 90' lang='lat' dir='ltr'><strong>manu</strong></span> <span class='ocrx_word' id='word_1_155' title='bbox 1134 3062 1280 3169; x_wconf 90' lang='lat' dir='ltr'><strong>scripsi,</strong></span> <span class='ocrx_word' id='word_1_156' title='bbox 1309 3079 1347 3138; x_wconf 89' lang='lat' dir='ltr'><strong>et</strong></span> <span class='ocrx_word' id='word_1_157' title='bbox 1372 3063 1410 3137; x_wconf 92' lang='lat' dir='ltr'><strong>in</strong></span> <span class='ocrx_word' id='word_1_158' title='bbox 1435 3063 1531 3140; x_wconf 89' lang='lat' dir='ltr'><strong>hauc</strong></span> <span class='ocrx_word' id='word_1_159' title='bbox 1551 3062 1674 3170; x_wconf 90' lang='lat' dir='ltr'><strong>publi·</strong></span> 
     </span>
     <span class='ocr_line' id='line_1_20' title="bbox 248 3191 1671 3301; baseline 0.004 -35"><span class='ocrx_word' id='word_1_160' title='bbox 248 3219 326 3267; x_wconf 90' lang='lat' dir='ltr'><strong>caru</strong></span> <span class='ocrx_word' id='word_1_161' title='bbox 353 3191 513 3270; x_wconf 85' lang='lat' dir='ltr'><strong>formam</strong></span> <span class='ocrx_word' id='word_1_162' title='bbox 538 3192 577 3268; x_wconf 91' lang='lat' dir='ltr'><strong>in</strong></span> <span class='ocrx_word' id='word_1_163' title='bbox 605 3192 678 3270; x_wconf 91' lang='lat' dir='ltr'><strong>boc</strong></span> <span class='ocrx_word' id='word_1_164' title='bbox 703 3191 802 3270; x_wconf 91' lang='lat' dir='ltr'><strong>libro</strong></span> <span class='ocrx_word' id='word_1_165' title='bbox 833 3191 880 3269; x_wconf 88' lang='lat' dir='ltr'><strong>de</strong></span> <span class='ocrx_word' id='word_1_166' title='bbox 900 3192 1032 3298; x_wconf 92' lang='lat' dir='ltr'><strong>papiro</strong></span> <span class='ocrx_word' id='word_1_167' title='bbox 1056 3193 1185 3298; x_wconf 82' lang='lat' dir='ltr'><strong>redegi</strong></span> <span class='ocrx_word' id='word_1_168' title='bbox 1217 3210 1255 3269; x_wconf 90' lang='lat' dir='ltr'><strong>et</strong></span> <span class='ocrx_word' id='word_1_169' title='bbox 1278 3193 1416 3301; x_wconf 79' lang='lat' dir='ltr'><strong>signavi</strong></span> <span class='ocrx_word' id='word_1_170' title='bbox 1449 3193 1556 3300; x_wconf 87' lang='lat' dir='ltr'><strong>signo</strong></span> <span class='ocrx_word' id='word_1_171' title='bbox 1585 3222 1671 3272; x_wconf 92' lang='lat' dir='ltr'><strong>meo</strong></span> 
     </span>
     <span class='ocr_line' id='line_1_21' title="bbox 247 3319 1476 3428; baseline 0.001 -31"><span class='ocrx_word' id='word_1_172' title='bbox 247 3339 501 3409; x_wconf 59' lang='lat' dir='ltr'><strong>consuesset</strong></span> <span class='ocrx_word' id='word_1_173' title='bbox 520 3321 791 3399; x_wconf 88' lang='lat' dir='ltr'><strong>nichilominus</strong></span> <span class='ocrx_word' id='word_1_174' title='bbox 819 3319 1044 3428; x_wconf 81' lang='lat' dir='ltr'><strong>infrascripti</strong></span> <span class='ocrx_word' id='word_1_175' title='bbox 1066 3323 1200 3399; x_wconf 89' lang='lat' dir='ltr'><strong>notarii</strong></span> <span class='ocrx_word' id='word_1_176' title='bbox 1224 3323 1476 3428; x_wconf 84' lang='lat' dir='ltr'><strong>signaverunt.</strong></span> 
     </span>
    </p>
   </div>
   <div class='ocr_carea' id='block_1_8' title="bbox 243 3582 1701 4606">
    <p class='ocr_par' dir='ltr' id='par_1_8' title="bbox 243 3582 1701 4606">
     <span class='ocr_line' id='line_1_22' title="bbox 300 3582 1672 3691; baseline 0.001 -31"><span class='ocrx_word' id='word_1_177' title='bbox 300 3585 347 3661; x_wconf 87' lang='lat' dir='ltr'><strong>Et</strong></span> <span class='ocrx_word' id='word_1_178' title='bbox 363 3612 432 3691; x_wconf 89' lang='lat' dir='ltr'><strong>ego</strong></span> <span class='ocrx_word' id='word_1_179' title='bbox 450 3582 680 3661; x_wconf 89' lang='lat' dir='ltr'><strong>Guillelmus</strong></span> <span class='ocrx_word' id='word_1_180' title='bbox 700 3583 890 3690; x_wconf 85' lang='lat' dir='ltr'><strong>Radulpbi</strong></span> <span class='ocrx_word' id='word_1_181' title='bbox 912 3583 959 3659; x_wconf 89' lang='lat' dir='ltr'><strong>de</strong></span> <span class='ocrx_word' id='word_1_182' title='bbox 979 3583 1116 3659; x_wconf 89' lang='lat' dir='ltr'><strong>Sancto</strong></span> <span class='ocrx_word' id='word_1_183' title='bbox 1128 3582 1241 3661; x_wconf 90' lang='lat' dir='ltr'><strong>Floro</strong></span> <span class='ocrx_word' id='word_1_184' title='bbox 1257 3583 1580 3663; x_wconf 86' lang='lat' dir='ltr'><strong>Claromontensis</strong></span> <span class='ocrx_word' id='word_1_185' title='bbox 1595 3585 1672 3662; x_wconf 83' lang='lat' dir='ltr'><strong>dio</strong></span> 
     </span>
     <span class='ocr_line' id='line_1_23' title="bbox 247 3713 1667 3820; baseline 0.004 -32"><span class='ocrx_word' id='word_1_186' title='bbox 247 3714 352 3802; x_wconf 89' lang='lat' dir='ltr'><strong>cesis,</strong></span> <span class='ocrx_word' id='word_1_187' title='bbox 382 3713 539 3790; x_wconf 86' lang='lat' dir='ltr'><strong>clericus</strong></span> <span class='ocrx_word' id='word_1_188' title='bbox 569 3713 760 3820; x_wconf 90' lang='lat' dir='ltr'><strong>publicus,</strong></span> <span class='ocrx_word' id='word_1_189' title='bbox 791 3713 1010 3790; x_wconf 89' lang='lat' dir='ltr'><strong>auctoritate</strong></span> <span class='ocrx_word' id='word_1_190' title='bbox 1040 3730 1269 3789; x_wconf 85' lang='lat' dir='ltr'><strong>sacrosancte</strong></span> <span class='ocrx_word' id='word_1_191' title='bbox 1291 3716 1458 3792; x_wconf 87' lang='lat' dir='ltr'><strong>Romane</strong></span> <span class='ocrx_word' id='word_1_192' title='bbox 1481 3716 1667 3805; x_wconf 88' lang='lat' dir='ltr'><strong>notarius,</strong></span> 
     </span>
     <span class='ocr_line' id='line_1_24' title="bbox 245 3842 1671 3951; baseline 0.001 -31"><span class='ocrx_word' id='word_1_193' title='bbox 245 3844 422 3948; x_wconf 89' lang='lat' dir='ltr'><strong>predictis</strong></span> <span class='ocrx_word' id='word_1_194' title='bbox 451 3844 686 3950; x_wconf 87' lang='lat' dir='ltr'><strong>processibus</strong></span> <span class='ocrx_word' id='word_1_195' title='bbox 715 3872 829 3951; x_wconf 89' lang='lat' dir='ltr'><strong>supra</strong></span> <span class='ocrx_word' id='word_1_196' title='bbox 855 3871 923 3948; x_wconf 92' lang='lat' dir='ltr'><strong>per</strong></span> <span class='ocrx_word' id='word_1_197' title='bbox 954 3842 1097 3918; x_wconf 90' lang='lat' dir='ltr'><strong>dictum</strong></span> <span class='ocrx_word' id='word_1_198' title='bbox 1130 3842 1429 3921; x_wconf 88' lang='lat' dir='ltr'><strong>Floriamontem</strong></span> <span class='ocrx_word' id='word_1_199' title='bbox 1455 3846 1602 3950; x_wconf 90' lang='lat' dir='ltr'><strong>scriptis</strong></span> <span class='ocrx_word' id='word_1_200' title='bbox 1633 3862 1671 3922; x_wconf 91' lang='lat' dir='ltr'><strong>et</strong></span> 
     </span>
     <span class='ocr_line' id='line_1_25' title="bbox 245 3971 1667 4083; baseline 0.002 -34"><span class='ocrx_word' id='word_1_201' title='bbox 245 3973 463 4083; x_wconf 86' lang='lat' dir='ltr'><strong>designatis,</strong></span> <span class='ocrx_word' id='word_1_202' title='bbox 482 3974 494 4081; x_wconf 86' lang='lat'>[</span> <span class='ocrx_word' id='word_1_203' title='bbox 500 4002 635 4079; x_wconf 84' lang='lat' dir='ltr'><strong>presens</strong></span> <span class='ocrx_word' id='word_1_204' title='bbox 657 3972 835 4080; x_wconf 57' lang='lat' dir='ltr'><strong>intepuit]</strong></span> <span class='ocrx_word' id='word_1_205' title='bbox 855 4001 930 4049; x_wconf 92' lang='lat' dir='ltr'><strong>uua</strong></span> <span class='ocrx_word' id='word_1_206' title='bbox 953 4003 1040 4049; x_wconf 91' lang='lat' dir='ltr'><strong>cum</strong></span> <span class='ocrx_word' id='word_1_207' title='bbox 1056 3971 1165 4048; x_wconf 89' lang='lat' dir='ltr'><strong>dictis</strong></span> <span class='ocrx_word' id='word_1_208' title='bbox 1184 3972 1455 4062; x_wconf 90' lang='lat' dir='ltr'><strong>Floriamonte,</strong></span> <span class='ocrx_word' id='word_1_209' title='bbox 1471 3976 1667 4052; x_wconf 86' lang='lat' dir='ltr'><strong>&#39;Bernardo</strong></span> 
     </span>
     <span class='ocr_line' id='line_1_26' title="bbox 244 4100 1701 4215; baseline 0.001 -37"><span class='ocrx_word' id='word_1_210' title='bbox 244 4104 387 4193; x_wconf 90' lang='lat' dir='ltr'><strong>Filioli,</strong></span> <span class='ocrx_word' id='word_1_211' title='bbox 415 4106 575 4215; x_wconf 88' lang='lat' dir='ltr'><strong>Hugone</strong></span> <span class='ocrx_word' id='word_1_212' title='bbox 602 4104 741 4182; x_wconf 89' lang='lat' dir='ltr'><strong>Nicolai</strong></span> <span class='ocrx_word' id='word_1_213' title='bbox 770 4122 808 4180; x_wconf 94' lang='lat' dir='ltr'><strong>et</strong></span> <span class='ocrx_word' id='word_1_214' title='bbox 832 4103 1024 4181; x_wconf 90' lang='lat' dir='ltr'><strong>Bernardo</strong></span> <span class='ocrx_word' id='word_1_215' title='bbox 1054 4100 1229 4178; x_wconf 88' lang='lat' dir='ltr'><strong>Umbaldi</strong></span> <span class='ocrx_word' id='word_1_216' title='bbox 1264 4103 1419 4179; x_wconf 91' lang='lat' dir='ltr'><strong>notariis</strong></span> <span class='ocrx_word' id='word_1_217' title='bbox 1452 4104 1665 4192; x_wconf 89' lang='lat' dir='ltr'><strong>antedictis,</strong></span> <span class='ocrx_word' id='word_1_218' title='bbox 1698 4125 1701 4131; x_wconf 83' lang='lat'>·</span> 
     </span>
     <span class='ocr_line' id='line_1_27' title="bbox 244 4231 1668 4342; baseline -0.001 -31"><span class='ocrx_word' id='word_1_219' title='bbox 244 4253 357 4340; x_wconf 92' lang='lat' dir='ltr'><strong>prout</strong></span> <span class='ocrx_word' id='word_1_220' title='bbox 375 4264 487 4341; x_wconf 92' lang='lat' dir='ltr'><strong>supra</strong></span> <span class='ocrx_word' id='word_1_221' title='bbox 506 4233 760 4342; x_wconf 87' lang='lat' dir='ltr'><strong>specificatum</strong></span> <span class='ocrx_word' id='word_1_222' title='bbox 785 4249 898 4311; x_wconf 88' lang='lat' dir='ltr'><strong>estet</strong></span> <span class='ocrx_word' id='word_1_223' title='bbox 918 4233 1157 4342; x_wconf 88' lang='lat' dir='ltr'><strong>singulariter</strong></span> <span class='ocrx_word' id='word_1_224' title='bbox 1177 4231 1423 4320; x_wconf 89' lang='lat' dir='ltr'><strong>declaratum,</strong></span> <span class='ocrx_word' id='word_1_225' title='bbox 1441 4250 1479 4309; x_wconf 91' lang='lat' dir='ltr'><strong>et</strong></span> <span class='ocrx_word' id='word_1_226' title='bbox 1499 4234 1546 4309; x_wconf 90' lang='lat' dir='ltr'><strong>de</strong></span> <span class='ocrx_word' id='word_1_227' title='bbox 1568 4263 1668 4310; x_wconf 92' lang='lat' dir='ltr'><strong>man·</strong></span> 
     </span>
     <span class='ocr_line' id='line_1_28' title="bbox 245 4364 1666 4469; baseline -0.001 -28"><span class='ocrx_word' id='word_1_228' title='bbox 245 4364 330 4442; x_wconf 90' lang='lat' dir='ltr'><strong>dato</strong></span> <span class='ocrx_word' id='word_1_229' title='bbox 348 4419 350 4422; x_wconf 53' lang='lat'>&lt;</span> <span class='ocrx_word' id='word_1_230' title='bbox 365 4366 553 4443; x_wconf 90' lang='lat' dir='ltr'><strong>dictorum</strong></span> <span class='ocrx_word' id='word_1_231' title='bbox 582 4365 826 4444; x_wconf 91' lang='lat' dir='ltr'><strong>dominorum</strong></span> <span class='ocrx_word' id='word_1_232' title='bbox 858 4364 1218 4451; x_wconf 87' lang='lat' dir='ltr'><strong>commissariorum,</strong></span> <span class='ocrx_word' id='word_1_233' title='bbox 1251 4381 1366 4469; x_wconf 90' lang='lat' dir='ltr'><strong>prout</strong></span> <span class='ocrx_word' id='word_1_234' title='bbox 1379 4364 1586 4451; x_wconf 81' lang='lat' dir='ltr'><strong>affuerunt,</strong></span> <span class='ocrx_word' id='word_1_235' title='bbox 1604 4365 1666 4440; x_wconf 90' lang='lat' dir='ltr'><strong>bie</strong></span> 
     </span>
     <span class='ocr_line' id='line_1_29' title="bbox 243 4494 1338 4606; baseline -0.003 -35"><span class='ocrx_word' id='word_1_236' title='bbox 243 4525 303 4574; x_wconf 90' lang='lat' dir='ltr'><strong>me</strong></span> <span class='ocrx_word' id='word_1_237' title='bbox 319 4497 538 4605; x_wconf 88' lang='lat' dir='ltr'><strong>subscripsi,</strong></span> <span class='ocrx_word' id='word_1_238' title='bbox 556 4516 594 4574; x_wconf 90' lang='lat' dir='ltr'><strong>et</strong></span> <span class='ocrx_word' id='word_1_239' title='bbox 614 4498 765 4606; x_wconf 91' lang='lat' dir='ltr'><strong>siguum</strong></span> <span class='ocrx_word' id='word_1_240' title='bbox 782 4526 911 4574; x_wconf 88' lang='lat' dir='ltr'><strong>meum</strong></span> <span class='ocrx_word' id='word_1_241' title='bbox 925 4494 1080 4603; x_wconf 90' lang='lat' dir='ltr'><strong>apposui</strong></span> <span class='ocrx_word' id='word_1_242' title='bbox 1104 4510 1338 4571; x_wconf 89' lang='lat' dir='ltr'><strong>consuetum.</strong></span> 
     </span>
    </p>
   </div>
   <div class='ocr_carea' id='block_1_9' title="bbox 297 4755 1665 4865">
    <p class='ocr_par' dir='ltr' id='par_1_9' title="bbox 297 4755 1665 4865">
     <span class='ocr_line' id='line_1_30' title="bbox 297 4755 1665 4865; baseline 0.001 -33"><span class='ocrx_word' id='word_1_243' title='bbox 297 4756 344 4832; x_wconf 90' lang='lat' dir='ltr'><strong>Et</strong></span> <span class='ocrx_word' id='word_1_244' title='bbox 361 4784 430 4865; x_wconf 86' lang='lat' dir='ltr'><strong>ego</strong></span> <span class='ocrx_word' id='word_1_245' title='bbox 449 4761 664 4834; x_wconf 84' lang='lat' dir='ltr'><strong>Bernardus</strong></span> <span class='ocrx_word' id='word_1_246' title='bbox 682 4759 856 4835; x_wconf 88' lang='lat' dir='ltr'><strong>Umbaldi</strong></span> <span class='ocrx_word' id='word_1_247' title='bbox 878 4760 925 4833; x_wconf 92' lang='lat' dir='ltr'><strong>de</strong></span> <span class='ocrx_word' id='word_1_248' title='bbox 951 4758 1183 4834; x_wconf 89' lang='lat' dir='ltr'><strong>Barchiuoua</strong></span> <span class='ocrx_word' id='word_1_249' title='bbox 1199 4755 1373 4847; x_wconf 92' lang='lat' dir='ltr'><strong>clericus,</strong></span> <span class='ocrx_word' id='word_1_250' title='bbox 1396 4756 1543 4832; x_wconf 90' lang='lat' dir='ltr'><strong>domini</strong></span> <span class='ocrx_word' id='word_1_251' title='bbox 1566 4757 1665 4865; x_wconf 88' lang='lat' dir='ltr'><strong>regis</strong></span> 
     </span>
    </p>
   </div>
   <div class='ocr_carea' id='block_1_10' title="bbox 242 4885 1665 5087">
    <p class='ocr_par' dir='ltr' id='par_1_10' title="bbox 242 4885 1665 5087">
     <span class='ocr_line' id='line_1_31' title="bbox 242 4885 1665 4993; baseline 0.001 -34"><span class='ocrx_word' id='word_1_252' title='bbox 242 4886 395 4963; x_wconf 83' lang='lat' dir='ltr'><strong>Francie</strong></span> <span class='ocrx_word' id='word_1_253' title='bbox 432 4885 588 4965; x_wconf 91' lang='lat' dir='ltr'><strong>illustris</strong></span> <span class='ocrx_word' id='word_1_254' title='bbox 624 4889 840 4966; x_wconf 89' lang='lat' dir='ltr'><strong>auctoritate</strong></span> <span class='ocrx_word' id='word_1_255' title='bbox 870 4890 1040 4966; x_wconf 90' lang='lat' dir='ltr'><strong>notarius</strong></span> <span class='ocrx_word' id='word_1_256' title='bbox 1063 4885 1256 4992; x_wconf 91' lang='lat' dir='ltr'><strong>publicus,</strong></span> <span class='ocrx_word' id='word_1_257' title='bbox 1287 4886 1464 4993; x_wconf 91' lang='lat' dir='ltr'><strong>predictis</strong></span> <span class='ocrx_word' id='word_1_258' title='bbox 1487 4887 1665 4993; x_wconf 88' lang='lat' dir='ltr'><strong>processi·</strong></span> 
     </span>
     <span class='ocr_line' id='line_1_32' title="bbox 327 5021 1516 5087; baseline 0.001 -4"><span class='ocrx_word' id='word_1_259' title='bbox 327 5021 434 5086; x_wconf 74' lang='lat' dir='ltr'><strong>enoris</strong></span> <span class='ocrx_word' id='word_1_260' title='bbox 451 5045 789 5087; x_wconf 73' lang='lat' dir='ltr'><strong>assumamus-u.</strong></span> <span class='ocrx_word' id='word_1_261' title='bbox 1413 5032 1420 5046; x_wconf 86' lang='lat'>&#39;</span> <span class='ocrx_word' id='word_1_262' title='bbox 1476 5023 1516 5085; x_wconf 78' lang='lat'><strong>35</strong></span> 
     </span>
    </p>
   </div>
   <div class='ocr_carea' id='block_1_11' title="bbox 0 0 2122 5942">
    <p class='ocr_par' dir='ltr' id='par_1_11' title="bbox 0 0 2122 5942">
     <span class='ocr_line' id='line_1_33' title="bbox 0 0 2122 5942; baseline 0 0"><span class='ocrx_word' id='word_1_263' title='bbox 0 0 2122 5942; x_wconf 95' lang='lat' dir='ltr'><strong> </strong></span> 
     </span>
    </p>
   </div>
  </div>
 </body>
</html>
