4236 5948
495 522 569 593 aas
869 496 1068 590 esoces
1099 516 1195 591 eas
1226 515 1537 589 rsurnrsas

493 678 533 738 et
551 661 630 768 ipse
649 675 686 735 et
702 672 861 734 astantes
878 654 1033 734 fuerunt
1049 683 1137 731 eum
1153 654 1309 731 osculati
1324 655 1363 731 in
1377 685 1461 746 ore3
1479 674 1516 732 et
1530 656 1705 735 instruxit
1721 685 1809 735 eum
1826 678 1921 766 quot

494 793 606 870 Pater
622 804 736 867 noster
749 789 890 865 diceret
910 815 979 894 pro
998 786 1102 862 horis
1120 784 1214 876 suis,
1237 801 1275 862 et
1298 785 1460 893 qualiter
1480 802 1627 893 regeret
1648 815 1686 864 se
1706 789 1744 865 in
1766 790 1917 878 ordine,

495 939 533 998 et
557 920 660 1027 quod
689 920 787 996 bene
817 935 979 995 servaret
1003 916 1229 994 elemosinas
1256 917 1413 1031 ordinis.
1440 918 1572 994 Postea
1599 918 1721 996 dictus
1749 938 1921 1028 receptor

494 1051 660 1157 precepit
680 1050 714 1125 ei
737 1049 840 1155 quod
861 1049 1063 1158 abnegaret
1083 1050 1223 1134 Deum,
1247 1065 1283 1124 et
1304 1049 1383 1155 ipse
1405 1049 1511 1126 testis
1533 1048 1728 1156 abnegavit
1743 1079 1826 1140 ore,
1844 1081 1920 1131 non

494 1183 620 1260 corde.
642 1180 789 1257 Deinde
808 1180 976 1286 precepit
1001 1181 1036 1256 ei
1061 1178 1166 1285 quod
1189 1197 1342 1285 spueret
1366 1197 1493 1259 contra
1517 1208 1666 1257 crucem
1687 1210 1760 1287 que
1784 1201 1864 1261 erat
1883 1185 1921 1260 in

493 1313 598 1390 altari
615 1328 753 1397 erecta,
772 1328 809 1387 et
829 1312 907 1417 ipse
925 1310 1049 1388 noluit
1063 1338 1211 1417 spuere.
1229 1309 1387 1417 Aliquid
1402 1310 1506 1387 aliud
1521 1310 1698 1388 illicitum
1715 1342 1792 1390 non
1808 1314 1923 1391 inter-

491 1445 651 1522 venitin
678 1444 777 1520 dicta
802 1472 870 1519 sua
897 1443 1117 1548 recepcione
1142 1470 1212 1518 nec
1236 1460 1339 1547 post,
1366 1458 1403 1518 et
1426 1442 1555 1548 pocius
1580 1442 1700 1521 credit
1718 1445 1820 1549 quod
1842 1474 1921 1552 pre

494 1576 593 1652 dicta
614 1573 744 1650 illicita
757 1573 816 1649 vel
833 1573 903 1649 alia
921 1601 997 1648 non
1016 1573 1298 1649 intervenerunt
1315 1573 1351 1647 in
1370 1573 1655 1679 recepcionibus
1674 1572 1922 1651 aliorum'sra-

492 1723 593 1784 trum
611 1704 754 1782 ordinis
774 1704 831 1780 vel
847 1722 933 1811 post
952 1731 1067 1810 quam
1087 1703 1335 1791 contrarium,
1361 1704 1544 1809 quianon
1566 1704 1676 1791 vidit,
1703 1733 1772 1780 nec
1796 1705 1920 1795 scivit,

492 1864 563 1915 nec
583 1835 725 1913 audivit
747 1835 822 1911 dici
845 1852 930 1911 ante
953 1834 1171 1940 capcionem
1198 1861 1347 1920 eorum,
1372 1833 1461 1910 licet
1478 1833 1614 1910 viderit
1632 1835 1747 1940 recipi
1767 1833 1919 1913 lratrem

492 1969 647 2045 Petrum
672 1966 720 2041 de
745 1966 945 2043 Gressibus
972 1965 1216 2052 servientem,
1245 1963 1507 2041 Ambianensis
1532 1963 1710 2053 diocesis,
1736 1967 1787 2043 de
1814 1968 1923 2074 cujus

446 2142 450 2147 ·
492 2099 566 2172 vita
578 2096 636 2172 vel
653 2112 774 2172 morte
795 2123 870 2170 non
891 2095 1007 2171 habet
1025 2094 1309 2182 certitudinem,
1327 2095 1366 2170 in
1387 2092 1528 2200 capella
1551 2094 1687 2171 domus
1705 2096 1856 2202 Templi
1871 2096 1920 2174 de

493 2228 699 2302 Montesart
720 2225 978 2301 Noviomensis
998 2225 1174 2312 diocesis,
1197 2253 1265 2329 per
1285 2223 1436 2301 fratrem
1453 2223 1661 2301 Guarinum
1684 2226 1731 2301 de
1752 2225 1922 2303 Grande-

493 2354 625 2431 villarii
658 2355 879 2430 servientem
903 2354 1112 2460 quondam,
1146 2370 1406 2459 preceptorem
1434 2371 1526 2429 tunc
1553 2354 1601 2429 de
1630 2355 1802 2448 Pontivo,
1831 2374 1921 2433 sunt

492 2485 640 2561 circiter
663 2485 835 2571 manni,
864 2484 1102 2590 presentibus
1123 2481 1301 2562 fratribus
1319 2483 1479 2561 Arberto
1503 2483 1712 2590 presbitero
1734 2486 1832 2564 dicte
1857 2487 1921 2564 de

492 2644 593 2702 mus,
616 2615 789 2705 Picardo,
817 2614 925 2722 cujus
945 2642 1155 2721 cognomen
1178 2613 1344 2722 ignorat,
1367 2632 1403 2691 et
1423 2615 1588 2695 Roberto
1609 2615 1657 2692 de
1678 2616 1822 2724 Sarney
1839 2646 1921 2723 pre-

493 2763 643 2853 ceptore
664 2747 763 2823 dicte
788 2746 936 2823 domus.
958 2748 1073 2837 Item,
1097 2745 1189 2821 dixit
1209 2747 1314 2853 quod
1333 2747 1413 2852 ipse
1433 2746 1532 2823 bene
1549 2745 1726 2835 credebat
1747 2747 1921 2825 ecclesia·

493 2879 594 2955 sticis
623 2878 878 2969 sacramentis,
901 2879 1058 2954 credens
1084 2877 1187 2983 quod
1211 2877 1274 2953 alii
1304 2876 1436 2955 fratres
1465 2876 1615 2954 ordinis
1636 2878 1773 2954 eodem
1802 2877 1918 2955 modo

492 3010 706 3096 crederent,
725 3026 762 3084 et
778 3008 882 3114 quod
894 3037 1025 3085 eorum
1042 3008 1254 3084 sacerdotes
1269 3008 1396 3085 debite
1413 3008 1656 3085 celebrarent.
1677 3006 1920 3086 Clandestine

491 3139 781 3245 recipiebantur,
804 3138 919 3215 nullis
938 3137 1178 3245 presentibus
1192 3137 1262 3214 nisi
1278 3137 1455 3216 fratribus
1474 3137 1633 3229 ordinis,
1654 3154 1693 3215 et
1706 3137 1831 3214 statim
1847 3168 1919 3245 pro

490 3270 668 3377 professis
688 3270 936 3346 habebantur.
956 3268 1132 3346 Cordulis
1149 3268 1251 3344 unde
1267 3268 1443 3345 volebant
1457 3269 1655 3374 assumptis
1674 3269 1920 3377 cingebantur

492 3427 605 3506 super
632 3399 800 3475 camisias
821 3426 907 3474 cum
928 3398 1068 3505 quibus
1082 3398 1268 3505 jacebant.
1291 3399 1556 3505 lnjungebatur
1574 3400 1628 3474 eis
1643 3399 1748 3504 quod
1775 3399 1919 3505 absque

492 3528 713 3605 necessitate
734 3555 812 3603 non
832 3527 1104 3603 confiterentur
1122 3526 1193 3602 nisi
1215 3527 1471 3604 sacerdotibus
1491 3527 1645 3604 ordinis.
1667 3526 1792 3634 siqui
1813 3546 1918 3604 erant

492 3659 623 3736 sratres
638 3659 798 3736 scientes
818 3686 964 3735 errores
982 3685 1061 3736 esse
1077 3658 1116 3733 in
1129 3658 1282 3748 ordine,
1299 3658 1452 3736 luerunt
1470 3658 1717 3765 negligentes,
1732 3660 1821 3764 quia
1840 3687 1917 3736 non

491 3806 733 3867 correxerunt
754 3816 818 3864 eos
838 3815 908 3864 nec
926 3788 1244 3865 denunciaverunt
1263 3788 1437 3865 Ecclesie.
1460 3788 1713 3866 Elemosinam
1737 3805 1775 3864 et
1796 3790 1918 3896 hospi-

490 3919 673 3996 talitatem
699 3918 794 3995 vidit
813 3919 1079 3996 convenienter
1104 3919 1186 3995 lieri
1216 3935 1254 3994 ct
1276 3919 1410 3996 servari
1437 3918 1476 3994 in
1505 3918 1683 3996 domibus
1707 3919 1854 3997 ordinis
1879 3921 1917 3995 in

490 4049 630 4156 quibus
653 4050 792 4127 exstitit
811 4067 1074 4126 commoratus.
1091 4048 1274 4127 Ordinata
1290 4077 1359 4154 per
1378 4048 1598 4154 Magistrum
1622 4078 1709 4126 cum
1732 4045 1918 4127 conventu

490 4198 670 4258 servasset
695 4198 797 4257 totus
824 4179 938 4268 ordo,
968 4195 1096 4255 contra
1122 4205 1234 4284 quem
1264 4206 1366 4256 nunc
1390 4197 1545 4285 propter
1568 4179 1738 4286 predicta
1763 4179 1918 4286 grandia

490 4310 680 4400 scandala,
698 4310 860 4417 suspicio
879 4327 919 4387 et
937 4310 1089 4386 infamia
1109 4325 1196 4387 sunt
1216 4326 1361 4397 exorta3
1379 4310 1426 4385 ad
1444 4311 1554 4416 cujus
1565 4310 1710 4393 ordinis
1723 4309 1917 4386 deffensio-

491 4468 577 4518 nem
597 4469 636 4517 se
656 4439 861 4525 obtulerat,
884 4456 922 4516 et
942 4467 1018 4517 non
1034 4437 1104 4516 fuit
1122 4437 1220 4514 ultra
1239 4466 1352 4514 mare.

548 4571 766 4677 Requisitus
797 4570 907 4647 sisic
935 4570 1161 4675 deposuerat
1196 4597 1323 4675 prece,
1347 4587 1544 4675 precepto,
1576 4571 1736 4657 timore,
1771 4596 1914 4651 amore.

495 4699 603 4789 odio,
619 4701 676 4778 vel
693 4700 892 4809 temporali
906 4699 1211 4778 comodobabito
1220 4699 1280 4778 vel
1293 4700 1486 4787 babendo,
1501 4700 1697 4807 respondit
1709 4701 1813 4806 quod
1827 4727 1913 4783 non,

493 4830 561 4907 sed
581 4857 652 4938 pro
676 4832 831 4909 veritate
858 4830 1046 4921 dieend13
1077 4831 1137 4908 cui
1161 4831 1234 4909 tuit
1262 4832 1470 4940 injunctum
1500 4832 1606 4937 quod
1638 4857 1715 4908 non
1737 4830 1916 4908 revelaret
