4236 5948
483 580 556 650 sao
868 555 1063 648 esoces
1089 574 1184 645 oss
1210 572 1512 644 usnemu-as

480 733 628 824 rogatus
655 714 863 822 diligenter,
896 715 1000 820 plura
1025 742 1100 791 non
1123 714 1287 802 addidit,
1313 715 1400 819 quia
1425 741 1464 790 se
1490 712 1631 790 nescire
1655 741 1724 789 nec
1750 713 1900 790 credere

480 847 586 952 plura
606 846 707 922 dixit.

538 1106 799 1186 v111⁰lralendas
815 1104 994 1182 februarii
1009 1133 1107 1182 anno
1122 1133 1199 1210 quo
1214 1133 1336 1210 supra.
1409 1144 1412 1148 ·

538 1239 630 1313 XXI.
660 1239 790 1312 Frater
810 1237 1001 1313 Ferrarius
1021 1236 1107 1312 Hoti
1130 1234 1272 1312 ordinis
1288 1235 1375 1311 dicti
1392 1235 1540 1341 Templi
1566 1254 1603 1312 et
1631 1236 1768 1312 domus
1784 1237 1900 1313 Mansi

480 1368 568 1454 Dei,
588 1366 692 1442 testis
707 1367 853 1474 juratus
871 1366 919 1441 ad
940 1383 1061 1446 sancta
1084 1366 1153 1442 Dei
1184 1364 1376 1471 Evangelia
1404 1392 1517 1471 super
1541 1365 1715 1471 predictis
1740 1364 1903 1442 articulis

481 1515 668 1573 eteorum
688 1495 860 1601 quolibet
879 1496 949 1573 sibi
971 1495 1144 1601 expositis
1165 1496 1204 1570 in
1221 1494 1440 1601 vulgari,„ut
1455 1495 1666 1602 principalis
1687 1496 1733 1572 de
1754 1497 1900 1600 seipse,

482 1646 520 1705 et
538 1645 581 1704 ut
602 1628 705 1704 testis
726 1627 773 1702 de
789 1627 887 1715 aliis,
913 1626 1111 1733 diligenter
1127 1645 1164 1703 et
1180 1624 1366 1731 sigillatim
1386 1625 1650 1731 interrogatus,¹
1671 1626 1903 1730 respondens

481 1758 529 1834 ad
553 1758 735 1863 primum,
763 1784 927 1834 11-xx1x
953 1756 1128 1833 articulos
1154 1756 1351 1845 inclusive,
1378 1755 1522 1861 negavit
1546 1756 1647 1861 ipsos
1668 1755 1845 1833 articulos
1867 1775 1904 1832 et

481 1888 607 1964 omnia
628 1906 666 1964 et
685 1887 829 1992 singula
844 1903 1016 1963 contenta
1031 1885 1070 1961 in
1084 1886 1153 1974 eis;
1171 1885 1298 1962 dicens
1318 1913 1357 1962 se
1376 1913 1447 1961 nec
1463 1885 1555 1962 scire
1570 1913 1640 1961 nec
1655 1885 1809 1967 eredere
1825 1914 1904 1991 pre·

482 2018 579 2095 dicta
598 2017 692 2094 sacta
711 2016 825 2094 luisse
839 2046 908 2093 nec
923 2016 1118 2093 commissa
1133 2018 1172 2092 in
1191 2016 1321 2093 ordine
1337 2017 1546 2120 supradicto
1566 2014 1750 2120 abaliquo
1770 2016 1902 2093 velali-

482 2147 618 2253 quibus
635 2147 776 2224 ordinis
796 2144 982 2252 prelibati,
1004 2172 1089 2252 ymo
1105 2146 1172 2221 scit
1187 2163 1223 2221 et
1237 2145 1356 2223 credit
1371 2147 1474 2250 quod
1493 2162 1617 2225 sancte
1633 2146 1753 2223 crucis
1764 2145 1902 2223 Christi

482 2277 742 2354 adoracionem
764 2276 811 2353 de
830 2303 934 2352 more
956 2276 1072 2381 ipsius
1093 2275 1234 2352 ordinis
1248 2274 1379 2354 fratres
1392 2274 1473 2380 ejus
1490 2277 1679 2353 annuatim
1693 2293 1751 2352 ter
1763 2275 1904 2353 faciunt

483 2426 519 2484 et
543 2408 713 2497 adorant,
740 2407 932 2483 dicendo:
956 2405 1192 2484 «Adoramus
1214 2423 1269 2495 te,
1294 2407 1458 2496 Christe,
1481 2425 1519 2484 et
1540 2406 1801 2495 benedicimus
1815 2407 1902 2493 tibi,

481 2541 568 2645 quia
591 2568 658 2645 per
676 2556 838 2615 sanctam
859 2564 1006 2614 crucem
1027 2555 1129 2613 tuam
1150 2538 1342 2614 redemisti
1362 2537 1561 2614 mundum.
1578 2576 1591 2607 ι
1611 2537 1820 2615 Predictam
1840 2567 1904 2615 au·

482 2689 558 2747 tem
576 2669 837 2746 adoracionem
859 2667 1000 2743 iaciunt
1017 2667 1055 2743 in
1069 2667 1131 2743 die
1147 2667 1302 2745 Veneris
1322 2685 1465 2758 sancta,
1477 2696 1551 2774 qua
1566 2667 1755 2746 Dominus
1769 2667 1904 2744 Jhesus

481 2800 551 2876 Dei
571 2798 672 2875 filius
690 2826 821 2903 passus
834 2797 906 2875 fuit
926 2815 1086 2874 mortem
1105 2799 1144 2874 in
1161 2797 1259 2875 dicta
1273 2826 1381 2875 cruce
1401 2825 1469 2906 pro
1488 2797 1598 2876 nobis
1618 2815 1654 2874 et
1668 2798 1804 2874 nostris
1819 2827 1906 2903 pec-¹

483 2931 586 3017 catis,
612 2957 688 3006 non
707 2957 775 3033 pro
795 2929 886 3016 suis,
909 2927 998 3033 quia
1024 2928 1103 3032 ipse
1134 2956 1319 3033 nusquam
1343 2929 1522 3033 peccavit3
1544 2947 1582 3004 et
1608 2925 1745 3035 dictam
1764 2927 1905 3004 faciunt

482 3061 744 3139 adoracionem
762 3058 874 3136 nudis
895 3057 1071 3163 pedibus,
1098 3056 1262 3135 cultellis
1285 3074 1322 3133 et
1341 3057 1432 3136 cofis
1452 3058 1580 3164 capitis
1600 3056 1778 3148 dimissis,
1799 3058 1904 3163 geni-

480 3189 551 3266 bus
571 3190 690 3279 flexis‚
713 3218 799 3266 cum
823 3216 967 3265 summa
988 3175 1184 3265 devotione
1209 3186 1356 3264 meliori
1380 3217 1453 3295 qua
1478 3204 1644 3293 possunt.
1667 3188 1903 3264 Sacramenta

480 3348 567 3397 vero
587 3319 749 3396 Ecclesie
770 3319 839 3396 Dei
861 3335 898 3396 et
917 3319 1076 3396 credunt
1095 3318 1185 3394 etin
1205 3317 1454 3396 illis-salutem
1470 3347 1575 3395 suam
1597 3337 1633 3395 et
1647 3346 1751 3423 spem
1771 3317 1904 3394 saluta-

481 3449 593 3526 tionis
612 3478 679 3525 sue
705 3448 968 3525 esse-fatentur
993 3465 1031 3524 et
1055 3447 1200 3537 dicunt,
1228 3466 1266 3524 et
1284 3449 1655 3529 sacramentum-,sive
1680 3446 1902 3525 sacrificium

480 3579 592 3655 misse
613 3579 770 3655 credunt
796 3606 842 3654 eo
869 3605 975 3654 more
996 3575 1078 3653 fieri
1099 3579 1137 3653 in
1157 3578 1260 3656 altari
1286 3608 1353 3684 per
1377 3579 1587 3656 sacerdotes
1614 3579 1731 3683 ipsius
1759 3579 1902 3655 ordinis

481 3711 577 3786 sicut
595 3727 716 3786 sancta
732 3709 895 3788 Ecclesia
917 3710 1026 3787 docet
1046 3726 1083 3786 et
1101 3727 1214 3786 tenet.

536 3840 595 3916 Ad
617 3865 849 3917 xxx—xxxin
870 3840 1046 3918 articulos
1065 3839 1259 3928 inclusive,
1276 3839 1475 3946 diligenter
1488 3840 1904 3947 et‘sigillatim-interro-

481 3988 601 4075 gatus,
625 3971 717 4048 dixit
731 3972 833 4078 quod
855 3998 940 4048 cum
954 3972 1109 4048 fratrum
1128 3970 1170 4048 fit
1184 3972 1353 4077 recepcio
1368 3973 1408 4047 in
1428 3973 1561 4052 ordine
1581 3969 1808 4078 supradicte,
1826 3988 1902 4046 tam

480 4101 664 4206 recipiens
682 4129 793 4209 quam
814 4103 954 4210 recepti
972 4131 1053 4179 sese
1073 4120 1206 4181 mutuo
1226 4103 1439 4180 osculantur
1457 4103 1496 4177 in
1518 4130 1583 4180 ore
1600 4119 1764 4190 tantum,
1787 4101 1826 4176 in
1854 4102 1904 4176 si·

480 4260 595 4337 gnum
614 4231 774 4309 fraterne
787 4233 999 4309 dilectionis
1016 4250 1053 4308 et
1068 4233 1240 4309 caritatis.
1257 4233 1411 4339 Reliqua
1424 4249 1550 4309 autem
1562 4234 1600 4309 in
1614 4232 1722 4309 dictis
1737 4231 1901 4308 articulis

481 4379 655 4441 contenta
671 4392 741 4441 nec
759 4362 906 4471 aliquid
922 4363 970 4441 de
992 4365 1133 4445 eisdem
1151 4364 1310 4441 credidit
1330 4391 1409 4442 esse
1429 4392 1525 4440 vera.

537 4493 596 4569 Ad
609 4519 907 4572 xxxiiii-xxxvii
926 4494 1102 4573 articulos
1117 4493 1311 4583 inclusive,
1323 4494 1521 4602 diligenter
1535 4513 1572 4570 et
1587 4493 1774 4601 sigillatim
1788 4494 1900 4570 inter·

480 4638 647 4729 rogatus,
668 4623 899 4729 respondens
919 4624 1010 4701 dixit
1032 4652 1116 4701 vera
1142 4652 1220 4701 esse
1248 4640 1417 4701 contenta
1438 4624 1477 4699 in
1498 4622 1589 4714 illis;
1611 4623 1778 4701 adiciens
1794 4623 1900 4730 quod

481 4767 616 4830 statuta
640 4753 757 4858 ipsius
783 4755 925 4833 ordinis
953 4757 1026 4832 hoc
1047 4753 1188 4832 habent
1207 4755 1246 4831 in
1265 4783 1305 4832 se
1328 4773 1372 4832 ut
1389 4753 1528 4861 recepti
1547 4754 1680 4831 fratres
1704 4753 1751 4829 ad
1776 4753 1900 4859 ipsum

481 4883 652 4962 ordinem
677 4887 894 4990 promittant
918 4886 1111 4992 recipienti
1134 4915 1181 4963 ne
1200 4915 1269 4993 pro
1288 4887 1418 4993 majori
1441 4886 1499 4964 vel
1518 4887 1652 4965 minori
1674 4885 1746 4965 alio
1767 4885 1899 4964 ordine
