<?xml version="1.0" encoding="UTF-8"?>
<!DOCTYPE html PUBLIC "-//W3C//DTD XHTML 1.0 Transitional//EN"
    "http://www.w3.org/TR/xhtml1/DTD/xhtml1-transitional.dtd">
<html xmlns="http://www.w3.org/1999/xhtml" xml:lang="en" lang="en">
 <head>
  <title>
</title>
<meta http-equiv="Content-Type" content="text/html;charset=utf-8" />
  <meta name='ocr-system' content='tesseract 3.04.00' />
  <meta name='ocr-capabilities' content='ocr_page ocr_carea ocr_par ocr_line ocrx_word'/>
</head>
<body>
  <div class='ocr_page' id='page_1' title='image "./procsdestemplie00defegoog/procsdestemplie00defegoog_0127.png"; bbox 0 0 4236 5948; ppageno 0'>
   <div class='ocr_carea' id='block_1_1' title="bbox 347 502 1372 595">
    <p class='ocr_par' dir='ltr' id='par_1_1' title="bbox 347 502 1372 595">
     <span class='ocr_line' id='line_1_1' title="bbox 347 502 1372 595; baseline 0.001 -2"><span class='ocrx_word' id='word_1_1' title='bbox 347 521 416 593; x_wconf 82' lang='lat' dir='ltr'>roa</span> <span class='ocrx_word' id='word_1_2' title='bbox 728 502 924 595; x_wconf 80' lang='lat' dir='ltr'>rnocts</span> <span class='ocrx_word' id='word_1_3' title='bbox 950 521 1045 593; x_wconf 83' lang='lat' dir='ltr'>uas</span> <span class='ocrx_word' id='word_1_4' title='bbox 1071 523 1372 594; x_wconf 75' lang='lat' dir='ltr'>retrectans.</span> 
     </span>
    </p>
   </div>
   <div class='ocr_carea' id='block_1_2' title="bbox 264 662 1760 1550">
    <p class='ocr_par' dir='ltr' id='par_1_2' title="bbox 264 662 1760 1550">
     <span class='ocr_line' id='line_1_2' title="bbox 342 662 1758 769; baseline 0.003 -28"><span class='ocrx_word' id='word_1_5' title='bbox 342 664 527 741; x_wconf 85' lang='lat' dir='ltr'>esclavum</span> <span class='ocrx_word' id='word_1_6' title='bbox 542 665 659 738; x_wconf 88' lang='lat' dir='ltr'>Terre</span> <span class='ocrx_word' id='word_1_7' title='bbox 680 665 828 753; x_wconf 78' lang='lat' dir='ltr'>Sancte,</span> <span class='ocrx_word' id='word_1_8' title='bbox 853 681 889 738; x_wconf 90' lang='lat' dir='ltr'>et</span> <span class='ocrx_word' id='word_1_9' title='bbox 908 662 1050 768; x_wconf 92' lang='lat' dir='ltr'>pluries</span> <span class='ocrx_word' id='word_1_10' title='bbox 1071 662 1103 739; x_wconf 91' lang='lat' dir='ltr'>ei</span> <span class='ocrx_word' id='word_1_11' title='bbox 1130 692 1351 769; x_wconf 89' lang='lat' dir='ltr'>responsum</span> <span class='ocrx_word' id='word_1_12' title='bbox 1378 663 1508 739; x_wconf 84' lang='lat' dir='ltr'>fuisset</span> <span class='ocrx_word' id='word_1_13' title='bbox 1532 665 1636 769; x_wconf 86' lang='lat' dir='ltr'>quod</span> <span class='ocrx_word' id='word_1_14' title='bbox 1659 667 1758 745; x_wconf 92' lang='lat' dir='ltr'>bene</span> 
     </span>
     <span class='ocr_line' id='line_1_3' title="bbox 341 794 1760 901; baseline 0.001 -29"><span class='ocrx_word' id='word_1_15' title='bbox 341 795 582 883; x_wconf 85' lang='lat' dir='ltr'>deliberaret,</span> <span class='ocrx_word' id='word_1_16' title='bbox 606 794 691 900; x_wconf 91' lang='lat' dir='ltr'>quia</span> <span class='ocrx_word' id='word_1_17' title='bbox 714 810 905 901; x_wconf 80' lang='lat' dir='ltr'>oporteret</span> <span class='ocrx_word' id='word_1_18' title='bbox 925 822 1011 870; x_wconf 90' lang='lat' dir='ltr'>eum</span> <span class='ocrx_word' id='word_1_19' title='bbox 1035 794 1241 870; x_wconf 85' lang='lat' dir='ltr'>abdicarea</span> <span class='ocrx_word' id='word_1_20' title='bbox 1263 823 1301 871; x_wconf 87' lang='lat' dir='ltr'>se</span> <span class='ocrx_word' id='word_1_21' title='bbox 1322 795 1511 901; x_wconf 81' lang='lat' dir='ltr'>propriam</span> <span class='ocrx_word' id='word_1_22' title='bbox 1529 796 1760 873; x_wconf 86' lang='lat' dir='ltr'>voluntatem</span> 
     </span>
     <span class='ocr_line' id='line_1_4' title="bbox 264 924 1760 1034; baseline 0.002 -33"><span class='ocrx_word' id='word_1_23' title='bbox 264 925 267 929; x_wconf 71' lang='grc'><strong>’</strong></span> <span class='ocrx_word' id='word_1_24' title='bbox 342 944 378 1002; x_wconf 92' lang='lat' dir='ltr'>et</span> <span class='ocrx_word' id='word_1_25' title='bbox 408 925 527 1002; x_wconf 91' lang='lat' dir='ltr'>subici</span> <span class='ocrx_word' id='word_1_26' title='bbox 555 924 696 1010; x_wconf 83' lang='lat' dir='ltr'>aliene,</span> <span class='ocrx_word' id='word_1_27' title='bbox 727 942 764 1001; x_wconf 92' lang='lat' dir='ltr'>et</span> <span class='ocrx_word' id='word_1_28' title='bbox 789 924 905 999; x_wconf 90' lang='lat' dir='ltr'>multa</span> <span class='ocrx_word' id='word_1_29' title='bbox 930 924 1024 999; x_wconf 89' lang='lat' dir='ltr'>dura</span> <span class='ocrx_word' id='word_1_30' title='bbox 1048 941 1086 1000; x_wconf 90' lang='lat' dir='ltr'>et</span> <span class='ocrx_word' id='word_1_31' title='bbox 1106 952 1233 1030; x_wconf 88' lang='lat' dir='ltr'>aspera</span> <span class='ocrx_word' id='word_1_32' title='bbox 1259 924 1458 1013; x_wconf 90' lang='lat' dir='ltr'>sustinere,</span> <span class='ocrx_word' id='word_1_33' title='bbox 1486 925 1649 1002; x_wconf 87' lang='lat' dir='ltr'>finaliter</span> <span class='ocrx_word' id='word_1_34' title='bbox 1679 928 1760 1034; x_wconf 90' lang='lat' dir='ltr'>ipso</span> 
     </span>
     <span class='ocr_line' id='line_1_5' title="bbox 340 1054 1759 1164; baseline 0.003 -32"><span class='ocrx_word' id='word_1_35' title='bbox 340 1075 435 1133; x_wconf 89' lang='lat' dir='ltr'>teste</span> <span class='ocrx_word' id='word_1_36' title='bbox 474 1057 634 1133; x_wconf 87' lang='lat' dir='ltr'>instante</span> <span class='ocrx_word' id='word_1_37' title='bbox 673 1074 710 1132; x_wconf 88' lang='lat' dir='ltr'>et</span> <span class='ocrx_word' id='word_1_38' title='bbox 750 1056 897 1132; x_wconf 88' lang='lat' dir='ltr'>dicente</span> <span class='ocrx_word' id='word_1_39' title='bbox 936 1055 1038 1160; x_wconf 92' lang='lat' dir='ltr'>quod</span> <span class='ocrx_word' id='word_1_40' title='bbox 1085 1055 1213 1130; x_wconf 91' lang='lat' dir='ltr'>omnia</span> <span class='ocrx_word' id='word_1_41' title='bbox 1257 1054 1478 1146; x_wconf 88' lang='lat' dir='ltr'>sustineret,</span> <span class='ocrx_word' id='word_1_42' title='bbox 1520 1055 1613 1132; x_wconf 83' lang='lat' dir='ltr'>dixit</span> <span class='ocrx_word' id='word_1_43' title='bbox 1653 1060 1759 1164; x_wconf 91' lang='lat' dir='ltr'>quod</span> 
     </span>
     <span class='ocr_line' id='line_1_6' title="bbox 342 1183 1756 1292; baseline 0.003 -32"><span class='ocrx_word' id='word_1_44' title='bbox 342 1186 544 1292; x_wconf 90' lang='lat' dir='ltr'>recipiebat</span> <span class='ocrx_word' id='word_1_45' title='bbox 576 1215 661 1261; x_wconf 91' lang='lat' dir='ltr'>eum</span> <span class='ocrx_word' id='word_1_46' title='bbox 697 1187 743 1261; x_wconf 88' lang='lat' dir='ltr'>ad</span> <span class='ocrx_word' id='word_1_47' title='bbox 775 1185 959 1261; x_wconf 88' lang='lat' dir='ltr'>honorem</span> <span class='ocrx_word' id='word_1_48' title='bbox 995 1184 1064 1259; x_wconf 89' lang='lat' dir='ltr'>Dei</span> <span class='ocrx_word' id='word_1_49' title='bbox 1093 1202 1132 1260; x_wconf 87' lang='lat' dir='ltr'>et</span> <span class='ocrx_word' id='word_1_50' title='bbox 1165 1183 1273 1260; x_wconf 91' lang='lat' dir='ltr'>beate</span> <span class='ocrx_word' id='word_1_51' title='bbox 1308 1185 1444 1272; x_wconf 90' lang='lat' dir='ltr'>Marie,</span> <span class='ocrx_word' id='word_1_52' title='bbox 1482 1202 1519 1260; x_wconf 89' lang='lat' dir='ltr'>et</span> <span class='ocrx_word' id='word_1_53' title='bbox 1550 1184 1637 1261; x_wconf 84' lang='lat' dir='ltr'>fecit</span> <span class='ocrx_word' id='word_1_54' title='bbox 1671 1215 1756 1264; x_wconf 86' lang='lat' dir='ltr'>eum</span> 
     </span>
     <span class='ocr_line' id='line_1_7' title="bbox 342 1314 1760 1422; baseline 0.003 -32"><span class='ocrx_word' id='word_1_55' title='bbox 342 1345 472 1392; x_wconf 87' lang='lat' dir='ltr'>vovere</span> <span class='ocrx_word' id='word_1_56' title='bbox 508 1333 545 1391; x_wconf 92' lang='lat' dir='ltr'>et</span> <span class='ocrx_word' id='word_1_57' title='bbox 570 1316 696 1422; x_wconf 90' lang='lat' dir='ltr'>jurare</span> <span class='ocrx_word' id='word_1_58' title='bbox 731 1345 841 1421; x_wconf 89' lang='lat' dir='ltr'>supra</span> <span class='ocrx_word' id='word_1_59' title='bbox 873 1314 1077 1421; x_wconf 89' lang='lat' dir='ltr'>quemdam</span> <span class='ocrx_word' id='word_1_60' title='bbox 1101 1314 1242 1390; x_wconf 90' lang='lat' dir='ltr'>librum</span> <span class='ocrx_word' id='word_1_61' title='bbox 1273 1332 1444 1421; x_wconf 89' lang='lat' dir='ltr'>apertum</span> <span class='ocrx_word' id='word_1_62' title='bbox 1470 1315 1575 1420; x_wconf 91' lang='lat' dir='ltr'>quod</span> <span class='ocrx_word' id='word_1_63' title='bbox 1598 1336 1760 1395; x_wconf 87' lang='lat' dir='ltr'>servaret</span> 
     </span>
     <span class='ocr_line' id='line_1_8' title="bbox 341 1443 1759 1550; baseline 0.001 -28"><span class='ocrx_word' id='word_1_64' title='bbox 341 1447 462 1523; x_wconf 90' lang='lat' dir='ltr'>bonos</span> <span class='ocrx_word' id='word_1_65' title='bbox 482 1475 571 1523; x_wconf 90' lang='lat' dir='ltr'>usus</span> <span class='ocrx_word' id='word_1_66' title='bbox 597 1464 635 1522; x_wconf 90' lang='lat' dir='ltr'>et</span> <span class='ocrx_word' id='word_1_67' title='bbox 662 1447 781 1523; x_wconf 90' lang='lat' dir='ltr'>bonas</span> <span class='ocrx_word' id='word_1_68' title='bbox 807 1443 1099 1521; x_wconf 88' lang='lat' dir='ltr'>consuetudines</span> <span class='ocrx_word' id='word_1_69' title='bbox 1126 1445 1285 1533; x_wconf 90' lang='lat' dir='ltr'>ordinis,</span> <span class='ocrx_word' id='word_1_70' title='bbox 1320 1462 1357 1521; x_wconf 91' lang='lat' dir='ltr'>et</span> <span class='ocrx_word' id='word_1_71' title='bbox 1384 1446 1487 1550; x_wconf 91' lang='lat' dir='ltr'>quod</span> <span class='ocrx_word' id='word_1_72' title='bbox 1508 1463 1605 1522; x_wconf 88' lang='lat' dir='ltr'>esset</span> <span class='ocrx_word' id='word_1_73' title='bbox 1634 1474 1759 1524; x_wconf 87' lang='lat' dir='ltr'>servus</span> 
     </span>
    </p>
   </div>
   <div class='ocr_carea' id='block_1_3' title="bbox 343 1573 1759 1684">
    <p class='ocr_par' dir='ltr' id='par_1_3' title="bbox 343 1573 1759 1684">
     <span class='ocr_line' id='line_1_9' title="bbox 343 1573 1759 1684; baseline 0.002 -31"><span class='ocrx_word' id='word_1_74' title='bbox 343 1577 506 1653; x_wconf 88' lang='lat' dir='ltr'>esclavus</span> <span class='ocrx_word' id='word_1_75' title='bbox 534 1577 695 1664; x_wconf 90' lang='lat' dir='ltr'>ordinis,</span> <span class='ocrx_word' id='word_1_76' title='bbox 728 1577 948 1667; x_wconf 87' lang='lat' dir='ltr'>castitatem,</span> <span class='ocrx_word' id='word_1_77' title='bbox 978 1573 1254 1661; x_wconf 90' lang='lat' dir='ltr'>obedienciam,</span> <span class='ocrx_word' id='word_1_78' title='bbox 1285 1593 1322 1650; x_wconf 88' lang='lat' dir='ltr'>ct</span> <span class='ocrx_word' id='word_1_79' title='bbox 1341 1575 1461 1651; x_wconf 89' lang='lat' dir='ltr'>vivere</span> <span class='ocrx_word' id='word_1_80' title='bbox 1488 1577 1567 1652; x_wconf 89' lang='lat' dir='ltr'>sine</span> <span class='ocrx_word' id='word_1_81' title='bbox 1590 1580 1759 1684; x_wconf 72' lang='lat' dir='ltr'>proprio:</span> 
     </span>
    </p>
   </div>
   <div class='ocr_carea' id='block_1_4' title="bbox 339 1705 1772 4944">
    <p class='ocr_par' dir='ltr' id='par_1_4' title="bbox 339 1705 1772 4944">
     <span class='ocr_line' id='line_1_10' title="bbox 343 1705 1763 1814; baseline 0.001 -30"><span class='ocrx_word' id='word_1_82' title='bbox 343 1725 381 1784; x_wconf 91' lang='lat' dir='ltr'>et</span> <span class='ocrx_word' id='word_1_83' title='bbox 398 1708 573 1814; x_wconf 90' lang='lat' dir='ltr'>imposito</span> <span class='ocrx_word' id='word_1_84' title='bbox 595 1708 628 1783; x_wconf 91' lang='lat' dir='ltr'>ei</span> <span class='ocrx_word' id='word_1_85' title='bbox 649 1706 847 1793; x_wconf 90' lang='lat' dir='ltr'>mantello,</span> <span class='ocrx_word' id='word_1_86' title='bbox 874 1723 1058 1811; x_wconf 89' lang='lat' dir='ltr'>receptor,</span> <span class='ocrx_word' id='word_1_87' title='bbox 1085 1706 1152 1782; x_wconf 89' lang='lat' dir='ltr'>sed</span> <span class='ocrx_word' id='word_1_88' title='bbox 1179 1734 1255 1782; x_wconf 92' lang='lat' dir='ltr'>non</span> <span class='ocrx_word' id='word_1_89' title='bbox 1276 1724 1451 1793; x_wconf 84' lang='lat' dir='ltr'>astantes,</span> <span class='ocrx_word' id='word_1_90' title='bbox 1483 1705 1552 1782; x_wconf 87' lang='lat' dir='ltr'>luit</span> <span class='ocrx_word' id='word_1_91' title='bbox 1577 1708 1763 1786; x_wconf 88' lang='lat' dir='ltr'>osculatus</span> 
     </span>
     <span class='ocr_line' id='line_1_11' title="bbox 343 1836 1760 1943; baseline 0.004 -31"><span class='ocrx_word' id='word_1_92' title='bbox 343 1868 430 1914; x_wconf 89' lang='lat' dir='ltr'>eum</span> <span class='ocrx_word' id='word_1_93' title='bbox 454 1839 492 1912; x_wconf 90' lang='lat' dir='ltr'>in</span> <span class='ocrx_word' id='word_1_94' title='bbox 514 1866 590 1913; x_wconf 91' lang='lat' dir='ltr'>ore.</span> <span class='ocrx_word' id='word_1_95' title='bbox 618 1838 766 1914; x_wconf 90' lang='lat' dir='ltr'>Deinde</span> <span class='ocrx_word' id='word_1_96' title='bbox 791 1836 885 1912; x_wconf 80' lang='lat' dir='ltr'>dixit</span> <span class='ocrx_word' id='word_1_97' title='bbox 912 1853 949 1911; x_wconf 92' lang='lat' dir='ltr'>et</span> <span class='ocrx_word' id='word_1_98' title='bbox 975 1837 1143 1942; x_wconf 90' lang='lat' dir='ltr'>precepit</span> <span class='ocrx_word' id='word_1_99' title='bbox 1170 1837 1203 1912; x_wconf 90' lang='lat' dir='ltr'>ei</span> <span class='ocrx_word' id='word_1_100' title='bbox 1224 1837 1262 1911; x_wconf 92' lang='lat' dir='ltr'>in</span> <span class='ocrx_word' id='word_1_101' title='bbox 1286 1837 1476 1943; x_wconf 85' lang='lat' dir='ltr'>presencia</span> <span class='ocrx_word' id='word_1_102' title='bbox 1506 1839 1760 1943; x_wconf 89' lang='lat' dir='ltr'>predictorum</span> 
     </span>
     <span class='ocr_line' id='line_1_12' title="bbox 343 1965 1762 2076; baseline 0.002 -32"><span class='ocrx_word' id='word_1_103' title='bbox 343 1968 445 2076; x_wconf 91' lang='lat' dir='ltr'>quod</span> <span class='ocrx_word' id='word_1_104' title='bbox 467 1969 669 2075; x_wconf 85' lang='lat' dir='ltr'>abnegaret</span> <span class='ocrx_word' id='word_1_105' title='bbox 692 1968 846 2043; x_wconf 89' lang='lat' dir='ltr'>Jhosum</span> <span class='ocrx_word' id='word_1_106' title='bbox 872 1984 941 2053; x_wconf 89' lang='lat' dir='ltr'>ter,</span> <span class='ocrx_word' id='word_1_107' title='bbox 970 1965 1016 2041; x_wconf 91' lang='lat' dir='ltr'>de</span> <span class='ocrx_word' id='word_1_108' title='bbox 1038 1966 1188 2044; x_wconf 88' lang='lat' dir='ltr'>Christo</span> <span class='ocrx_word' id='word_1_109' title='bbox 1206 1995 1283 2042; x_wconf 92' lang='lat' dir='ltr'>non</span> <span class='ocrx_word' id='word_1_110' title='bbox 1304 1965 1431 2043; x_wconf 92' lang='lat' dir='ltr'>habita</span> <span class='ocrx_word' id='word_1_111' title='bbox 1459 1968 1673 2056; x_wconf 91' lang='lat' dir='ltr'>mencione,</span> <span class='ocrx_word' id='word_1_112' title='bbox 1693 1997 1762 2047; x_wconf 89' lang='lat' dir='ltr'>nec</span> 
     </span>
     <span class='ocr_line' id='line_1_13' title="bbox 343 2095 1758 2203; baseline 0.002 -30"><span class='ocrx_word' id='word_1_113' title='bbox 343 2098 446 2203; x_wconf 90' lang='lat' dir='ltr'>quod</span> <span class='ocrx_word' id='word_1_114' title='bbox 470 2114 567 2174; x_wconf 87' lang='lat' dir='ltr'>esset</span> <span class='ocrx_word' id='word_1_115' title='bbox 592 2098 638 2173; x_wconf 92' lang='lat' dir='ltr'>de</span> <span class='ocrx_word' id='word_1_116' title='bbox 658 2095 807 2202; x_wconf 90' lang='lat' dir='ltr'>punctis</span> <span class='ocrx_word' id='word_1_117' title='bbox 832 2095 991 2185; x_wconf 91' lang='lat' dir='ltr'>ordinis,</span> <span class='ocrx_word' id='word_1_118' title='bbox 1019 2096 1085 2171; x_wconf 90' lang='lat' dir='ltr'>sed</span> <span class='ocrx_word' id='word_1_119' title='bbox 1110 2095 1203 2172; x_wconf 89' lang='lat' dir='ltr'>dixit</span> <span class='ocrx_word' id='word_1_120' title='bbox 1222 2097 1326 2202; x_wconf 86' lang='lat' dir='ltr'>quod</span> <span class='ocrx_word' id='word_1_121' title='bbox 1348 2096 1419 2172; x_wconf 88' lang='lat' dir='ltr'>hoc</span> <span class='ocrx_word' id='word_1_122' title='bbox 1441 2096 1602 2173; x_wconf 90' lang='lat' dir='ltr'>debebat</span> <span class='ocrx_word' id='word_1_123' title='bbox 1622 2097 1758 2188; x_wconf 85' lang='lat' dir='ltr'>faeere,</span> 
     </span>
     <span class='ocr_line' id='line_1_14' title="bbox 344 2227 1764 2335; baseline 0.001 -31"><span class='ocrx_word' id='word_1_124' title='bbox 344 2245 381 2304; x_wconf 91' lang='lat' dir='ltr'>et</span> <span class='ocrx_word' id='word_1_125' title='bbox 401 2229 479 2334; x_wconf 89' lang='lat' dir='ltr'>ipse</span> <span class='ocrx_word' id='word_1_126' title='bbox 498 2229 603 2304; x_wconf 89' lang='lat' dir='ltr'>testis</span> <span class='ocrx_word' id='word_1_127' title='bbox 618 2246 709 2303; x_wconf 91' lang='lat' dir='ltr'>tunc</span> <span class='ocrx_word' id='word_1_128' title='bbox 729 2227 924 2333; x_wconf 86' lang='lat' dir='ltr'>abnegavit</span> <span class='ocrx_word' id='word_1_129' title='bbox 942 2245 1000 2303; x_wconf 89' lang='lat' dir='ltr'>ter</span> <span class='ocrx_word' id='word_1_130' title='bbox 1015 2227 1170 2303; x_wconf 88' lang='lat' dir='ltr'>Jhesum</span> <span class='ocrx_word' id='word_1_131' title='bbox 1191 2255 1255 2304; x_wconf 92' lang='lat' dir='ltr'>ore</span> <span class='ocrx_word' id='word_1_132' title='bbox 1277 2255 1354 2304; x_wconf 92' lang='lat' dir='ltr'>non</span> <span class='ocrx_word' id='word_1_133' title='bbox 1376 2228 1504 2315; x_wconf 89' lang='lat' dir='ltr'>corde,</span> <span class='ocrx_word' id='word_1_134' title='bbox 1525 2228 1611 2333; x_wconf 93' lang='lat' dir='ltr'>quia</span> <span class='ocrx_word' id='word_1_135' title='bbox 1627 2229 1764 2335; x_wconf 83' lang='lat' dir='ltr'>cogita-</span> 
     </span>
     <span class='ocr_line' id='line_1_15' title="bbox 343 2357 1762 2465; baseline 0 -30"><span class='ocrx_word' id='word_1_136' title='bbox 343 2359 407 2435; x_wconf 91' lang='lat' dir='ltr'>bat</span> <span class='ocrx_word' id='word_1_137' title='bbox 430 2361 533 2465; x_wconf 85' lang='lat' dir='ltr'>quod</span> <span class='ocrx_word' id='word_1_138' title='bbox 553 2361 773 2465; x_wconf 91' lang='lat' dir='ltr'>loqueretur</span> <span class='ocrx_word' id='word_1_139' title='bbox 793 2359 839 2433; x_wconf 89' lang='lat' dir='ltr'>de</span> <span class='ocrx_word' id='word_1_140' title='bbox 861 2358 977 2434; x_wconf 91' lang='lat' dir='ltr'>Jbesu</span> <span class='ocrx_word' id='word_1_141' title='bbox 996 2357 1163 2446; x_wconf 90' lang='lat' dir='ltr'>Christo,</span> <span class='ocrx_word' id='word_1_142' title='bbox 1193 2374 1235 2433; x_wconf 91' lang='lat' dir='ltr'>ut</span> <span class='ocrx_word' id='word_1_143' title='bbox 1256 2357 1359 2433; x_wconf 89' lang='lat' dir='ltr'>dixit.</span> <span class='ocrx_word' id='word_1_144' title='bbox 1382 2360 1512 2434; x_wconf 88' lang='lat' dir='ltr'>Postea</span> <span class='ocrx_word' id='word_1_145' title='bbox 1535 2358 1702 2465; x_wconf 87' lang='lat' dir='ltr'>precepit</span> <span class='ocrx_word' id='word_1_146' title='bbox 1728 2361 1762 2437; x_wconf 88' lang='lat' dir='ltr'>ei</span> 
     </span>
     <span class='ocr_line' id='line_1_16' title="bbox 343 2488 1764 2598; baseline 0.002 -34"><span class='ocrx_word' id='word_1_147' title='bbox 343 2489 446 2596; x_wconf 86' lang='lat' dir='ltr'>quod</span> <span class='ocrx_word' id='word_1_148' title='bbox 467 2508 618 2595; x_wconf 88' lang='lat' dir='ltr'>spueret</span> <span class='ocrx_word' id='word_1_149' title='bbox 633 2519 746 2595; x_wconf 92' lang='lat' dir='ltr'>super</span> <span class='ocrx_word' id='word_1_150' title='bbox 760 2489 959 2595; x_wconf 89' lang='lat' dir='ltr'>quamdam</span> <span class='ocrx_word' id='word_1_151' title='bbox 982 2517 1129 2564; x_wconf 88' lang='lat' dir='ltr'>crucem</span> <span class='ocrx_word' id='word_1_152' title='bbox 1148 2488 1309 2598; x_wconf 88' lang='lat' dir='ltr'>ligneam</span> <span class='ocrx_word' id='word_1_153' title='bbox 1331 2507 1495 2566; x_wconf 89' lang='lat' dir='ltr'>veterem</span> <span class='ocrx_word' id='word_1_154' title='bbox 1516 2489 1554 2564; x_wconf 91' lang='lat' dir='ltr'>in</span> <span class='ocrx_word' id='word_1_155' title='bbox 1571 2519 1643 2596; x_wconf 88' lang='lat' dir='ltr'>qua</span> <span class='ocrx_word' id='word_1_156' title='bbox 1660 2490 1764 2567; x_wconf 90' lang='lat' dir='ltr'>nulla</span> 
     </span>
     <span class='ocr_line' id='line_1_17' title="bbox 344 2618 1766 2728; baseline 0.002 -33"><span class='ocrx_word' id='word_1_157' title='bbox 344 2638 422 2696; x_wconf 86' lang='lat' dir='ltr'>erat</span> <span class='ocrx_word' id='word_1_158' title='bbox 446 2649 580 2728; x_wconf 86' lang='lat' dir='ltr'>ymago</span> <span class='ocrx_word' id='word_1_159' title='bbox 612 2620 808 2707; x_wconf 80' lang='lat' dir='ltr'>Crucifixi,</span> <span class='ocrx_word' id='word_1_160' title='bbox 840 2620 956 2695; x_wconf 89' lang='lat' dir='ltr'>nescit</span> <span class='ocrx_word' id='word_1_161' title='bbox 987 2648 1055 2725; x_wconf 88' lang='lat' dir='ltr'>per</span> <span class='ocrx_word' id='word_1_162' title='bbox 1084 2648 1197 2724; x_wconf 91' lang='lat' dir='ltr'>quem</span> <span class='ocrx_word' id='word_1_163' title='bbox 1226 2618 1278 2695; x_wconf 90' lang='lat' dir='ltr'>ibi</span> <span class='ocrx_word' id='word_1_164' title='bbox 1299 2619 1469 2707; x_wconf 90' lang='lat' dir='ltr'>allatam,</span> <span class='ocrx_word' id='word_1_165' title='bbox 1504 2637 1541 2695; x_wconf 87' lang='lat' dir='ltr'>et</span> <span class='ocrx_word' id='word_1_166' title='bbox 1565 2621 1644 2726; x_wconf 90' lang='lat' dir='ltr'>ipse</span> <span class='ocrx_word' id='word_1_167' title='bbox 1665 2622 1766 2726; x_wconf 90' lang='lat' dir='ltr'>spuit</span> 
     </span>
     <span class='ocr_line' id='line_1_18' title="bbox 339 2748 1767 2857; baseline 0.001 -31"><span class='ocrx_word' id='word_1_168' title='bbox 339 2749 445 2857; x_wconf 90' lang='lat' dir='ltr'>juxta</span> <span class='ocrx_word' id='word_1_169' title='bbox 466 2780 541 2827; x_wconf 92' lang='lat' dir='ltr'>non</span> <span class='ocrx_word' id='word_1_170' title='bbox 563 2780 674 2856; x_wconf 89' lang='lat' dir='ltr'>supra</span> <span class='ocrx_word' id='word_1_171' title='bbox 696 2780 790 2827; x_wconf 87' lang='lat' dir='ltr'>earn.</span> <span class='ocrx_word' id='word_1_172' title='bbox 812 2749 869 2826; x_wconf 90' lang='lat' dir='ltr'>De</span> <span class='ocrx_word' id='word_1_173' title='bbox 891 2748 973 2826; x_wconf 91' lang='lat' dir='ltr'>aliis</span> <span class='ocrx_word' id='word_1_174' title='bbox 992 2749 1133 2826; x_wconf 89' lang='lat' dir='ltr'>illicitis</span> <span class='ocrx_word' id='word_1_175' title='bbox 1154 2749 1337 2826; x_wconf 89' lang='lat' dir='ltr'>contentis</span> <span class='ocrx_word' id='word_1_176' title='bbox 1357 2750 1395 2825; x_wconf 89' lang='lat' dir='ltr'>in</span> <span class='ocrx_word' id='word_1_177' title='bbox 1416 2749 1580 2827; x_wconf 88' lang='lat' dir='ltr'>articulis</span> <span class='ocrx_word' id='word_1_178' title='bbox 1599 2780 1677 2828; x_wconf 89' lang='lat' dir='ltr'>non</span> <span class='ocrx_word' id='word_1_179' title='bbox 1696 2751 1767 2857; x_wconf 85' lang='lat' dir='ltr'>luit</span> 
     </span>
     <span class='ocr_line' id='line_1_19' title="bbox 344 2880 1767 2989; baseline 0.001 -33"><span class='ocrx_word' id='word_1_180' title='bbox 344 2882 377 2957; x_wconf 89' lang='lat' dir='ltr'>ei</span> <span class='ocrx_word' id='word_1_181' title='bbox 395 2881 555 2970; x_wconf 90' lang='lat' dir='ltr'>locutus,</span> <span class='ocrx_word' id='word_1_182' title='bbox 579 2910 648 2959; x_wconf 92' lang='lat' dir='ltr'>nec</span> <span class='ocrx_word' id='word_1_183' title='bbox 663 2882 783 2959; x_wconf 90' lang='lat' dir='ltr'>credit</span> <span class='ocrx_word' id='word_1_184' title='bbox 800 2882 905 2987; x_wconf 88' lang='lat' dir='ltr'>quod</span> <span class='ocrx_word' id='word_1_185' title='bbox 920 2881 964 2955; x_wconf 70' lang='lat' dir='ltr'>⁴in</span> <span class='ocrx_word' id='word_1_186' title='bbox 981 2881 1115 2957; x_wconf 91' lang='lat' dir='ltr'>ordine</span> <span class='ocrx_word' id='word_1_187' title='bbox 1136 2880 1244 2970; x_wconf 86' lang='lat' dir='ltr'>liant,</span> <span class='ocrx_word' id='word_1_188' title='bbox 1264 2881 1330 2957; x_wconf 89' lang='lat' dir='ltr'>sed</span> <span class='ocrx_word' id='word_1_189' title='bbox 1351 2881 1469 2957; x_wconf 89' lang='lat' dir='ltr'>credit</span> <span class='ocrx_word' id='word_1_190' title='bbox 1487 2882 1590 2986; x_wconf 92' lang='lat' dir='ltr'>quod</span> <span class='ocrx_word' id='word_1_191' title='bbox 1605 2881 1767 2989; x_wconf 84' lang='lat' dir='ltr'>abnega-</span> 
     </span>
     <span class='ocr_line' id='line_1_20' title="bbox 344 3011 1767 3117; baseline 0.001 -29"><span class='ocrx_word' id='word_1_192' title='bbox 344 3011 401 3088; x_wconf 89' lang='lat' dir='ltr'>cio</span> <span class='ocrx_word' id='word_1_193' title='bbox 418 3029 455 3087; x_wconf 89' lang='lat' dir='ltr'>et</span> <span class='ocrx_word' id='word_1_194' title='bbox 474 3012 617 3117; x_wconf 89' lang='lat' dir='ltr'>spuicio</span> <span class='ocrx_word' id='word_1_195' title='bbox 633 3011 845 3116; x_wconf 90' lang='lat' dir='ltr'>supradicte</span> <span class='ocrx_word' id='word_1_196' title='bbox 863 3012 1133 3087; x_wconf 88' lang='lat' dir='ltr'>intervenirent</span> <span class='ocrx_word' id='word_1_197' title='bbox 1152 3012 1404 3087; x_wconf 86' lang='lat' dir='ltr'>communiter</span> <span class='ocrx_word' id='word_1_198' title='bbox 1424 3012 1463 3086; x_wconf 92' lang='lat' dir='ltr'>in</span> <span class='ocrx_word' id='word_1_199' title='bbox 1482 3011 1767 3117; x_wconf 89' lang='lat' dir='ltr'>recepcionibus</span> 
     </span>
     <span class='ocr_line' id='line_1_21' title="bbox 344 3141 1766 3248; baseline 0.001 -31"><span class='ocrx_word' id='word_1_200' title='bbox 344 3142 525 3232; x_wconf 90' lang='lat' dir='ltr'>aliorum,</span> <span class='ocrx_word' id='word_1_201' title='bbox 559 3144 649 3248; x_wconf 88' lang='lat' dir='ltr'>quia</span> <span class='ocrx_word' id='word_1_202' title='bbox 681 3141 889 3218; x_wconf 91' lang='lat' dir='ltr'>secundum</span> <span class='ocrx_word' id='word_1_203' title='bbox 924 3142 1080 3217; x_wconf 89' lang='lat' dir='ltr'>ruodum</span> <span class='ocrx_word' id='word_1_204' title='bbox 1108 3142 1318 3247; x_wconf 89' lang='lat' dir='ltr'>predictum</span> <span class='ocrx_word' id='word_1_205' title='bbox 1351 3141 1444 3218; x_wconf 84' lang='lat' dir='ltr'>vidit</span> <span class='ocrx_word' id='word_1_206' title='bbox 1472 3143 1585 3246; x_wconf 90' lang='lat' dir='ltr'>recipi</span> <span class='ocrx_word' id='word_1_207' title='bbox 1614 3141 1766 3219; x_wconf 81' lang='lat' dir='ltr'>fratrem</span> 
     </span>
     <span class='ocr_line' id='line_1_22' title="bbox 343 3271 1767 3377; baseline -0.001 -27"><span class='ocrx_word' id='word_1_208' title='bbox 343 3272 591 3350; x_wconf 91' lang='lat' dir='ltr'>Guillelmum</span> <span class='ocrx_word' id='word_1_209' title='bbox 612 3274 660 3348; x_wconf 91' lang='lat' dir='ltr'>de</span> <span class='ocrx_word' id='word_1_210' title='bbox 678 3273 813 3350; x_wconf 88' lang='lat' dir='ltr'>Sancto</span> <span class='ocrx_word' id='word_1_211' title='bbox 835 3271 1057 3357; x_wconf 90' lang='lat' dir='ltr'>Benedicto,</span> <span class='ocrx_word' id='word_1_212' title='bbox 1077 3271 1118 3346; x_wconf 93' lang='lat' dir='ltr'>in</span> <span class='ocrx_word' id='word_1_213' title='bbox 1140 3272 1281 3377; x_wconf 89' lang='lat' dir='ltr'>capella</span> <span class='ocrx_word' id='word_1_214' title='bbox 1299 3272 1436 3348; x_wconf 91' lang='lat' dir='ltr'>domus</span> <span class='ocrx_word' id='word_1_215' title='bbox 1452 3272 1602 3377; x_wconf 89' lang='lat' dir='ltr'>Templi</span> <span class='ocrx_word' id='word_1_216' title='bbox 1620 3273 1667 3348; x_wconf 90' lang='lat' dir='ltr'>de</span> <span class='ocrx_word' id='word_1_217' title='bbox 1684 3272 1767 3349; x_wconf 89' lang='lat' dir='ltr'>Mo-</span> 
     </span>
     <span class='ocr_line' id='line_1_23' title="bbox 344 3399 1769 3506; baseline 0.001 -28"><span class='ocrx_word' id='word_1_218' title='bbox 344 3402 509 3480; x_wconf 90' lang='lat' dir='ltr'>lendinis</span> <span class='ocrx_word' id='word_1_219' title='bbox 523 3402 747 3479; x_wconf 89' lang='lat' dir='ltr'>Pictavensis</span> <span class='ocrx_word' id='word_1_220' title='bbox 767 3401 941 3491; x_wconf 89' lang='lat' dir='ltr'>diocesis,</span> <span class='ocrx_word' id='word_1_221' title='bbox 959 3429 1026 3506; x_wconf 92' lang='lat' dir='ltr'>per</span> <span class='ocrx_word' id='word_1_222' title='bbox 1041 3399 1193 3477; x_wconf 80' lang='lat' dir='ltr'>fratrem</span> <span class='ocrx_word' id='word_1_223' title='bbox 1208 3401 1417 3478; x_wconf 82' lang='lat' dir='ltr'>lohannem</span> <span class='ocrx_word' id='word_1_224' title='bbox 1435 3402 1482 3477; x_wconf 90' lang='lat' dir='ltr'>de</span> <span class='ocrx_word' id='word_1_225' title='bbox 1497 3403 1633 3479; x_wconf 87' lang='lat' dir='ltr'>Sancto</span> <span class='ocrx_word' id='word_1_226' title='bbox 1649 3404 1769 3479; x_wconf 90' lang='lat' dir='ltr'>Bene·</span> 
     </span>
     <span class='ocr_line' id='line_1_24' title="bbox 345 3529 1767 3638; baseline -0.003 -28"><span class='ocrx_word' id='word_1_227' title='bbox 345 3533 462 3622; x_wconf 89' lang='lat' dir='ltr'>dicto,</span> <span class='ocrx_word' id='word_1_228' title='bbox 483 3550 618 3610; x_wconf 88' lang='lat' dir='ltr'>testem</span> <span class='ocrx_word' id='word_1_229' title='bbox 650 3560 761 3638; x_wconf 90' lang='lat' dir='ltr'>supra</span> <span class='ocrx_word' id='word_1_230' title='bbox 793 3531 1059 3619; x_wconf 88' lang='lat' dir='ltr'>examinatum,</span> <span class='ocrx_word' id='word_1_231' title='bbox 1095 3529 1190 3607; x_wconf 91' lang='lat' dir='ltr'>circa</span> <span class='ocrx_word' id='word_1_232' title='bbox 1220 3532 1358 3609; x_wconf 89' lang='lat' dir='ltr'>lestum</span> <span class='ocrx_word' id='word_1_233' title='bbox 1386 3532 1591 3608; x_wconf 70' lang='lat' dir='ltr'>Natiuitatis</span> <span class='ocrx_word' id='word_1_234' title='bbox 1614 3533 1767 3609; x_wconf 91' lang='lat' dir='ltr'>Domini</span> 
     </span>
     <span class='ocr_line' id='line_1_25' title="bbox 344 3661 1769 3770; baseline 0.002 -31"><span class='ocrx_word' id='word_1_235' title='bbox 344 3664 514 3770; x_wconf 89' lang='lat' dir='ltr'>proximo</span> <span class='ocrx_word' id='word_1_236' title='bbox 530 3662 752 3768; x_wconf 88' lang='lat' dir='ltr'>preteritum</span> <span class='ocrx_word' id='word_1_237' title='bbox 773 3662 926 3740; x_wconf 87' lang='lat' dir='ltr'>luerunt</span> <span class='ocrx_word' id='word_1_238' title='bbox 940 3673 1020 3743; x_wconf 73' lang='lat'>11110‘</span> <span class='ocrx_word' id='word_1_239' title='bbox 1035 3662 1120 3737; x_wconf 88' lang='lat' dir='ltr'>anni</span> <span class='ocrx_word' id='word_1_240' title='bbox 1137 3661 1195 3739; x_wconf 83' lang='lat' dir='ltr'>vel</span> <span class='ocrx_word' id='word_1_241' title='bbox 1209 3664 1321 3751; x_wconf 89' lang='lat' dir='ltr'>circa,</span> <span class='ocrx_word' id='word_1_242' title='bbox 1338 3663 1576 3768; x_wconf 91' lang='lat' dir='ltr'>presentibus</span> <span class='ocrx_word' id='word_1_243' title='bbox 1592 3663 1769 3742; x_wconf 78' lang='lat' dir='ltr'>tratribus</span> 
     </span>
     <span class='ocr_line' id='line_1_26' title="bbox 345 3793 1770 3900; baseline -0.001 -27"><span class='ocrx_word' id='word_1_244' title='bbox 345 3794 552 3873; x_wconf 89' lang='lat' dir='ltr'>Guillelmo</span> <span class='ocrx_word' id='word_1_245' title='bbox 573 3796 620 3871; x_wconf 91' lang='lat' dir='ltr'>de</span> <span class='ocrx_word' id='word_1_246' title='bbox 647 3794 773 3884; x_wconf 92' lang='lat' dir='ltr'>Blere,</span> <span class='ocrx_word' id='word_1_247' title='bbox 806 3810 1026 3900; x_wconf 86' lang='lat' dir='ltr'>preceptore</span> <span class='ocrx_word' id='word_1_248' title='bbox 1055 3794 1103 3869; x_wconf 91' lang='lat' dir='ltr'>de</span> <span class='ocrx_word' id='word_1_249' title='bbox 1132 3793 1275 3900; x_wconf 83' lang='lat' dir='ltr'>Campo</span> <span class='ocrx_word' id='word_1_250' title='bbox 1304 3793 1467 3883; x_wconf 90' lang='lat' dir='ltr'>Gilonis,</span> <span class='ocrx_word' id='word_1_251' title='bbox 1491 3794 1553 3900; x_wconf 90' lang='lat' dir='ltr'>qui</span> <span class='ocrx_word' id='word_1_252' title='bbox 1576 3795 1770 3872; x_wconf 88' lang='lat' dir='ltr'>detinetur</span> 
     </span>
     <span class='ocr_line' id='line_1_27' title="bbox 345 3925 1767 4032; baseline 0.002 -32"><span class='ocrx_word' id='word_1_253' title='bbox 345 3926 445 4031; x_wconf 91' lang='lat' dir='ltr'>apud</span> <span class='ocrx_word' id='word_1_254' title='bbox 465 3926 699 4032; x_wconf 87' lang='lat' dir='ltr'>Caynonem,</span> <span class='ocrx_word' id='word_1_255' title='bbox 714 3927 825 4001; x_wconf 88' lang='lat' dir='ltr'>Petro</span> <span class='ocrx_word' id='word_1_256' title='bbox 842 3925 889 4001; x_wconf 90' lang='lat' dir='ltr'>de</span> <span class='ocrx_word' id='word_1_257' title='bbox 906 3926 1041 4001; x_wconf 86' lang='lat' dir='ltr'>Sancto</span> <span class='ocrx_word' id='word_1_258' title='bbox 1058 3925 1282 4012; x_wconf 87' lang='lat' dir='ltr'>Benedicto,</span> <span class='ocrx_word' id='word_1_259' title='bbox 1298 3942 1394 4001; x_wconf 89' lang='lat' dir='ltr'>teste</span> <span class='ocrx_word' id='word_1_260' title='bbox 1413 3953 1522 4030; x_wconf 90' lang='lat' dir='ltr'>supra</span> <span class='ocrx_word' id='word_1_261' title='bbox 1539 3927 1767 4010; x_wconf 86' lang='lat' dir='ltr'>examinato,</span> 
     </span>
     <span class='ocr_line' id='line_1_28' title="bbox 345 4054 1770 4161; baseline 0.002 -29"><span class='ocrx_word' id='word_1_262' title='bbox 345 4074 382 4134; x_wconf 90' lang='lat' dir='ltr'>et</span> <span class='ocrx_word' id='word_1_263' title='bbox 405 4057 575 4132; x_wconf 88' lang='lat' dir='ltr'>Jobanne</span> <span class='ocrx_word' id='word_1_264' title='bbox 603 4056 763 4145; x_wconf 92' lang='lat' dir='ltr'>Picardi,</span> <span class='ocrx_word' id='word_1_265' title='bbox 791 4056 854 4161; x_wconf 92' lang='lat' dir='ltr'>qui</span> <span class='ocrx_word' id='word_1_266' title='bbox 881 4054 1073 4131; x_wconf 85' lang='lat' dir='ltr'>detinetur</span> <span class='ocrx_word' id='word_1_267' title='bbox 1093 4056 1272 4144; x_wconf 88' lang='lat' dir='ltr'>Turonis,</span> <span class='ocrx_word' id='word_1_268' title='bbox 1304 4055 1568 4146; x_wconf 87' lang='lat' dir='ltr'>servientibus,</span> <span class='ocrx_word' id='word_1_269' title='bbox 1591 4073 1628 4133; x_wconf 91' lang='lat' dir='ltr'>et</span> <span class='ocrx_word' id='word_1_270' title='bbox 1648 4058 1770 4135; x_wconf 88' lang='lat' dir='ltr'>credit</span> 
     </span>
     <span class='ocr_line' id='line_1_29' title="bbox 344 4184 1771 4293; baseline 0.003 -31"><span class='ocrx_word' id='word_1_271' title='bbox 344 4186 450 4292; x_wconf 92' lang='lat' dir='ltr'>quod</span> <span class='ocrx_word' id='word_1_272' title='bbox 472 4185 560 4262; x_wconf 90' lang='lat' dir='ltr'>dicti</span> <span class='ocrx_word' id='word_1_273' title='bbox 595 4213 738 4262; x_wconf 88' lang='lat' dir='ltr'>errores</span> <span class='ocrx_word' id='word_1_274' title='bbox 768 4184 908 4260; x_wconf 86' lang='lat' dir='ltr'>luerint</span> <span class='ocrx_word' id='word_1_275' title='bbox 928 4185 1133 4262; x_wconf 90' lang='lat' dir='ltr'>introducti</span> <span class='ocrx_word' id='word_1_276' title='bbox 1155 4185 1193 4259; x_wconf 91' lang='lat' dir='ltr'>in</span> <span class='ocrx_word' id='word_1_277' title='bbox 1216 4185 1348 4262; x_wconf 91' lang='lat' dir='ltr'>ordine</span> <span class='ocrx_word' id='word_1_278' title='bbox 1369 4187 1416 4263; x_wconf 92' lang='lat' dir='ltr'>ab</span> <span class='ocrx_word' id='word_1_279' title='bbox 1437 4187 1511 4265; x_wconf 90' lang='lat' dir='ltr'>illis</span> <span class='ocrx_word' id='word_1_280' title='bbox 1531 4187 1595 4293; x_wconf 85' lang='lat' dir='ltr'>qui</span> <span class='ocrx_word' id='word_1_281' title='bbox 1616 4186 1771 4266; x_wconf 87' lang='lat' dir='ltr'>suerunt</span> 
     </span>
     <span class='ocr_line' id='line_1_30' title="bbox 344 4315 1772 4424; baseline 0.004 -33"><span class='ocrx_word' id='word_1_282' title='bbox 344 4316 443 4391; x_wconf 91' lang='lat' dir='ltr'>ultra</span> <span class='ocrx_word' id='word_1_283' title='bbox 459 4345 579 4403; x_wconf 89' lang='lat' dir='ltr'>mare,</span> <span class='ocrx_word' id='word_1_284' title='bbox 602 4332 641 4391; x_wconf 90' lang='lat' dir='ltr'>et</span> <span class='ocrx_word' id='word_1_285' title='bbox 658 4315 764 4420; x_wconf 90' lang='lat' dir='ltr'>quod</span> <span class='ocrx_word' id='word_1_286' title='bbox 783 4315 1050 4392; x_wconf 88' lang='lat' dir='ltr'>intervenirent</span> <span class='ocrx_word' id='word_1_287' title='bbox 1075 4317 1114 4390; x_wconf 94' lang='lat' dir='ltr'>in</span> <span class='ocrx_word' id='word_1_288' title='bbox 1136 4315 1245 4392; x_wconf 90' lang='lat' dir='ltr'>dictis</span> <span class='ocrx_word' id='word_1_289' title='bbox 1261 4318 1560 4422; x_wconf 89' lang='lat' dir='ltr'>recepcionibus,</span> <span class='ocrx_word' id='word_1_290' title='bbox 1583 4319 1671 4424; x_wconf 89' lang='lat' dir='ltr'>quia</span> <span class='ocrx_word' id='word_1_291' title='bbox 1691 4346 1772 4397; x_wconf 87' lang='lat' dir='ltr'>ma·</span> 
     </span>
     <span class='ocr_line' id='line_1_31' title="bbox 343 4444 1770 4555; baseline 0.004 -35"><span class='ocrx_word' id='word_1_292' title='bbox 343 4475 439 4555; x_wconf 90' lang='lat' dir='ltr'>gnus</span> <span class='ocrx_word' id='word_1_293' title='bbox 454 4446 630 4553; x_wconf 89' lang='lat' dir='ltr'>Magister</span> <span class='ocrx_word' id='word_1_294' title='bbox 648 4463 685 4522; x_wconf 91' lang='lat' dir='ltr'>et</span> <span class='ocrx_word' id='word_1_295' title='bbox 699 4444 761 4521; x_wconf 90' lang='lat' dir='ltr'>alii</span> <span class='ocrx_word' id='word_1_296' title='bbox 783 4446 854 4521; x_wconf 91' lang='lat' dir='ltr'>boc</span> <span class='ocrx_word' id='word_1_297' title='bbox 872 4444 1049 4522; x_wconf 91' lang='lat' dir='ltr'>dicuntur</span> <span class='ocrx_word' id='word_1_298' title='bbox 1069 4444 1182 4523; x_wconf 86' lang='lat' dir='ltr'>fuisse</span> <span class='ocrx_word' id='word_1_299' title='bbox 1196 4447 1367 4525; x_wconf 87' lang='lat' dir='ltr'>confessi.</span> <span class='ocrx_word' id='word_1_300' title='bbox 1390 4449 1502 4534; x_wconf 88' lang='lat' dir='ltr'>Item,</span> <span class='ocrx_word' id='word_1_301' title='bbox 1521 4448 1615 4523; x_wconf 81' lang='lat' dir='ltr'>dixit</span> <span class='ocrx_word' id='word_1_302' title='bbox 1629 4477 1669 4525; x_wconf 88' lang='lat' dir='ltr'>se</span> <span class='ocrx_word' id='word_1_303' title='bbox 1689 4476 1770 4526; x_wconf 90' lang='lat' dir='ltr'>cre·</span> 
     </span>
     <span class='ocr_line' id='line_1_32' title="bbox 346 4574 1767 4683; baseline 0.007 -35"><span class='ocrx_word' id='word_1_304' title='bbox 346 4574 436 4649; x_wconf 90' lang='lat' dir='ltr'>dere</span> <span class='ocrx_word' id='word_1_305' title='bbox 461 4575 714 4653; x_wconf 88' lang='lat' dir='ltr'>ecclesiasticis</span> <span class='ocrx_word' id='word_1_306' title='bbox 741 4576 1004 4664; x_wconf 87' lang='lat' dir='ltr'>sacramentis,</span> <span class='ocrx_word' id='word_1_307' title='bbox 1042 4593 1079 4651; x_wconf 92' lang='lat' dir='ltr'>et</span> <span class='ocrx_word' id='word_1_308' title='bbox 1103 4578 1209 4683; x_wconf 87' lang='lat' dir='ltr'>quod</span> <span class='ocrx_word' id='word_1_309' title='bbox 1240 4579 1301 4654; x_wconf 94' lang='lat' dir='ltr'>alii</span> <span class='ocrx_word' id='word_1_310' title='bbox 1329 4577 1461 4656; x_wconf 79' lang='lat' dir='ltr'>fratres</span> <span class='ocrx_word' id='word_1_311' title='bbox 1487 4578 1623 4654; x_wconf 90' lang='lat' dir='ltr'>eodem</span> <span class='ocrx_word' id='word_1_312' title='bbox 1649 4579 1767 4658; x_wconf 92' lang='lat' dir='ltr'>modo</span> 
     </span>
     <span class='ocr_line' id='line_1_33' title="bbox 345 4704 1768 4815; baseline 0.004 -36"><span class='ocrx_word' id='word_1_313' title='bbox 345 4704 557 4793; x_wconf 87' lang='lat' dir='ltr'>crederent,</span> <span class='ocrx_word' id='word_1_314' title='bbox 580 4722 618 4780; x_wconf 89' lang='lat' dir='ltr'>et</span> <span class='ocrx_word' id='word_1_315' title='bbox 636 4706 739 4810; x_wconf 92' lang='lat' dir='ltr'>quod</span> <span class='ocrx_word' id='word_1_316' title='bbox 755 4735 886 4783; x_wconf 90' lang='lat' dir='ltr'>eorum</span> <span class='ocrx_word' id='word_1_317' title='bbox 908 4705 1120 4783; x_wconf 88' lang='lat' dir='ltr'>sacerdotes</span> <span class='ocrx_word' id='word_1_318' title='bbox 1142 4707 1268 4785; x_wconf 90' lang='lat' dir='ltr'>debite</span> <span class='ocrx_word' id='word_1_319' title='bbox 1284 4709 1527 4786; x_wconf 87' lang='lat' dir='ltr'>celebrarent.</span> <span class='ocrx_word' id='word_1_320' title='bbox 1546 4709 1682 4785; x_wconf 89' lang='lat' dir='ltr'>Statim</span> <span class='ocrx_word' id='word_1_321' title='bbox 1698 4737 1768 4815; x_wconf 90' lang='lat' dir='ltr'>pro</span> 
     </span>
     <span class='ocr_line' id='line_1_34' title="bbox 344 4833 1768 4944; baseline 0.004 -35"><span class='ocrx_word' id='word_1_322' title='bbox 344 4833 519 4939; x_wconf 82' lang='lat' dir='ltr'>professis</span> <span class='ocrx_word' id='word_1_323' title='bbox 538 4834 785 4923; x_wconf 88' lang='lat' dir='ltr'>habebantur,</span> <span class='ocrx_word' id='word_1_324' title='bbox 812 4853 850 4912; x_wconf 90' lang='lat' dir='ltr'>et</span> <span class='ocrx_word' id='word_1_325' title='bbox 864 4836 1004 4940; x_wconf 84' lang='lat' dir='ltr'>juravit</span> <span class='ocrx_word' id='word_1_326' title='bbox 1024 4838 1198 4914; x_wconf 91' lang='lat' dir='ltr'>ordinem</span> <span class='ocrx_word' id='word_1_327' title='bbox 1224 4866 1301 4915; x_wconf 90' lang='lat' dir='ltr'>non</span> <span class='ocrx_word' id='word_1_328' title='bbox 1321 4839 1419 4915; x_wconf 83' lang='lat' dir='ltr'>exire</span> <span class='ocrx_word' id='word_1_329' title='bbox 1441 4839 1582 4944; x_wconf 89' lang='lat' dir='ltr'>absque</span> <span class='ocrx_word' id='word_1_330' title='bbox 1610 4838 1768 4916; x_wconf 88' lang='lat' dir='ltr'>licencia</span> 
     </span>
    </p>
   </div>
   <div class='ocr_carea' id='block_1_5' title="bbox 0 0 2130 5940">
    <p class='ocr_par' dir='ltr' id='par_1_5' title="bbox 0 0 2130 5940">
     <span class='ocr_line' id='line_1_35' title="bbox 0 0 2130 5940; baseline 0 0"><span class='ocrx_word' id='word_1_331' title='bbox 0 0 2130 5940; x_wconf 95' lang='lat' dir='ltr'> </span> 
     </span>
    </p>
   </div>
  </div>
 </body>
</html>
