4236 5948
457 559 531 633 rra
578 557 582 561 ·
844 535 1040 632 raoccs
1071 552 1165 624 nas
1196 555 1499 629 inuramus,

456 703 546 791 bus,
567 729 680 806 supra
702 727 770 806 per
793 699 937 777 dictum
957 696 1256 775 Floriamontem
1276 698 1422 805 scriptis
1436 715 1475 775 et
1489 697 1709 806 designatis,
1726 725 1880 803 presens

456 831 628 919 interfui,
652 860 829 909 unacum
852 830 951 907 dicto
968 830 1126 934 Hugcne
1145 844 1183 904 et
1201 829 1393 908 bernardo
1414 827 1571 915 Filboli,
1593 827 1801 907 Guillelmo
1817 832 1881 906 Ra·

458 947 592 1069 dulphi
616 962 770 1039 notariis
797 960 995 1068 predictis,
1023 975 1138 1065 prout
1159 987 1270 1066 supra
1295 960 1549 1066 specificatum
1575 977 1630 1038 est
1656 977 1694 1036 et
1722 960 1882 1067 singula·
1972 957 1974 961 ’

456 1096 549 1171 riter
574 1095 820 1181 declaratum,
844 1109 881 1168 et
910 1091 1156 1169 demandato
1183 1092 1373 1173 dictorum
1394 1093 1638 1170 dominorum
1663 1089 1881 1170 commissa-

457 1225 620 1311 riorum,
643 1244 758 1331 prout
771 1223 990 1311 adsuerunt,
1012 1222 1075 1299 hic
1095 1250 1157 1298 me
1170 1224 1390 1330 subscripsi,
1406 1242 1444 1302 et
1458 1225 1606 1331 signum
1626 1252 1755 1300 meum
1770 1250 1883 1326 supra

458 1356 613 1462 apposui
636 1372 872 1431 consuetum.

512 1620 560 1695 Et
572 1647 644 1727 ego
660 1619 875 1695 Bernardus
894 1617 1065 1697 Filbolus
1086 1618 1262 1708 clericus,
1295 1618 1573 1696 lemovicensis
1606 1617 1786 1703 diocesis,
1816 1645 1882 1696 au·

457 1750 627 1828 ctoritate
649 1747 849 1854 apostolica
873 1747 1048 1852 publicus
1069 1749 1255 1840 notarius,
1279 1748 1459 1854 predictis
1482 1748 1739 1855 processibus,
1769 1775 1884 1852 supra

456 1907 524 1984 per
546 1880 689 1956 dictum
717 1877 1014 1968 Floriamontem
1037 1879 1184 1984 scriptis
1205 1897 1245 1956 et
1272 1879 1490 1984 designatis,
1516 1906 1671 1983 presens
1704 1875 1883 1964 interlui,

455 2037 532 2087 una
557 2037 645 2086 cum
672 2009 783 2085 dictis
804 2010 966 2113 Hugone
992 2026 1030 2083 et
1060 2008 1251 2085 Bemardo
1279 2005 1477 2097 Umbaldi,
1499 2006 1711 2087 Guillelmc
1735 2005 1885 2090 ,Radal-

457 2139 540 2245 phi,
568 2156 608 2216 et
635 2137 891 2214 Floriamonte
919 2137 1076 2214 notariis
1105 2138 1320 2224 antedictis,
1348 2154 1462 2243 prout
1484 2166 1600 2243 supra
1629 2135 1884 2243 specificatum

458 2286 515 2347 est
536 2287 574 2347 et
593 2269 835 2375 singulariter
856 2268 1108 2354 declaratum,
1136 2286 1174 2345 et
1202 2269 1248 2344 de
1283 2269 1460 2346 mandato
1487 2267 1678 2346 dictorum
1711 2268 1886 2347 domino·

458 2427 543 2477 rum
567 2399 929 2490 commissariorum,
959 2417 1072 2504 prout
1097 2398 1319 2488 adsuerunt,
1343 2399 1405 2475 hic
1430 2428 1491 2476 me
1518 2397 1739 2504 subscripsi,
1770 2415 1808 2475 et
1835 2398 1885 2474 si·

457 2514 576 2636 guum
599 2557 729 2606 meum
750 2528 906 2634 apposui
934 2547 1171 2606 consuetum.

516 2788 569 2864 Ac
585 2817 654 2896 ego
674 2790 784 2895 Hugo
805 2789 853 2865 dc
868 2789 1043 2896 Eugnbio
1076 2789 1235 2866 clericus
1257 2807 1489 2868 sacrosancte
1514 2791 1682 2867 Romane
1707 2786 1884 2872 ecclesie,

456 2937 499 2996 et
524 2919 712 3025 imperiali
739 2920 964 2997 auctoritate
996 2921 1167 2998 notarius
1191 2921 1386 3027 publicus,
1418 2919 1597 3026 predictis
1624 2915 1884 3024 processibus,

458 3057 571 3156 supra
587 3079 656 3157 per
675 3051 819 3127 dictum
848 3050 1145 3128 Floriamontcm
1172 3052 1320 3156 scriptis
1347 3068 1385 3128 et
1411 3050 1630 3158 designatis,
1651 3076 1807 3154 presens
1835 3047 1889 3123 in·
1948 3137 1951 3142 Ι

458 3179 589 3271 terfui,
612 3209 688 3259 una
705 3210 790 3256 cum
814 3180 923 3258 dictis
943 3181 1135 3259 Bernardo
1153 3181 1316 3273 Filholi,
1338 3179 1546 3260 Cncillelmo
1565 3172 1775 3283 Radulpbi,
1802 3179 1888 3256 Ber·

461 3311 581 3387 nardo
612 3310 811 3398 Umhaldi,
844 3327 881 3387 et
909 3311 1166 3387 Floriamonte
1202 3312 1356 3389 notarii-s
1385 3310 1603 3397 antedictis,
1631 3326 1746 3414 prout
1776 3335 1887 3411 supra

462 3435 718 3545 specificatum
743 3456 780 3515 et
806 3438 1045 3545 singulariter
1074 3439 1320 3529 declaratum,
1354 3441 1462 3518 etde
1492 3438 1669 3516 mandato
1696 3437 1886 3514 dictorum

459 3568 706 3646 dortuecrum
728 3568 1092 3659 commissariorum,
1110 3590 1224 3676 prout
1240 3572 1449 3661 alluerant,
1467 3570 1529 3648 hic
1545 3598 1606 3646 me
1618 3566 1836 3674 subscripsi,
1850 3584 1888 3642 et

462 3699 612 3806 signam
622 3727 757 3791 ¹meum
770 3700 929 3807 apposui
945 3718 1180 3778 consuetum.
