4236 5948
366 539 413 613 ts
751 518 1066 608 ruocdsnus
1093 534 1396 608 usurarum.

363 681 401 757 in
423 677 564 785 capella
584 677 722 754 domus
740 675 892 782 Templi
917 677 964 752 de
986 675 1154 752 Bosseria
1179 675 1440 753 Ambianensis
1466 675 1638 766 diocesis,
1660 679 1700 754 in
1724 680 1783 756 in·

363 810 476 890 stanti
497 807 626 886 octaba
645 804 784 884 Pasche
798 823 1008 884 eruntocto
1022 806 1110 881 anni
1124 803 1183 882 vel
1197 808 1302 895 circa,
1322 835 1391 913 per
1404 806 1556 883 fratrem
1572 809 1591 883 J
1594 810 1784 889 ohannem

365 938 665 1046 deCrdpicor'dio
686 937 924 1030 servientem,
944 937 1183 1014 demandato
1203 937 1327 1016 fratris
1341 937 1469 1017 Garini
1486 939 1533 1015 de
1553 938 1697 1017 Grandi
1705 942 1785 1021 Vil-

364 1071 444 1149 larii
466 1069 676 1178 quondam,
700 1084 792 1146 tunc
816 1069 1045 1175 preceptoris
1069 1067 1118 1144 de
1142 1070 1317 1156 Pontivo‚
1337 1069 1578 1176 presentibus
1607 1069 1785 1152 iratribus

364 1202 496 1311 Egidio
525 1202 571 1278 de
601 1200 758 1307 Rotangi
787 1198 1012 1305 presbitero,
1038 1215 1134 1275 teste
1164 1225 1276 1306 supra
1303 1201 1528 1293 examinato,
1555 1202 1713 1311 Hugone
1736 1205 1783 1282 de

364 1333 628 1418 Gammaches‚
651 1346 688 1408 et
706 1331 875 1408 Jobsnne
895 1330 943 1406 de
963 1330 1160 1407 Hannonia
1183 1330 1449 1420 servientibus,
1471 1357 1569 1437 quos
1593 1333 1713 1412 credit
1732 1335 1786 1409 ri-

363 1491 463 1552 vere,
487 1464 526 1539 in
546 1463 648 1538 hunc
669 1462 847 1547 modum:
868 1470 955 1536 nam
976 1488 1061 1536 cum
1087 1456 1261 1566 peciisset
1278 1460 1437 1567 pluries,
1466 1461 1562 1538 sicut
1580 1462 1785 1540 instructus

362 1592 499 1683 fuerat,
521 1615 656 1698 panem
677 1608 715 1666 et
735 1616 887 1697 aquam,
910 1588 1126 1667 societatem
1152 1607 1191 1666 et
1208 1616 1414 1696 pauperem
1433 1591 1610 1668 vestitum
1627 1592 1781 1682 ordinis,

364 1747 545 1826 responso
561 1719 828 1827 etquodnam
843 1717 1085 1807 deliberaret,
1102 1718 1191 1826 quia
1206 1736 1397 1825 oporteret
1416 1745 1537 1795 cuma
1553 1747 1592 1795 se
1612 1720 1785 1798 abdicare

363 1852 554 1958 propriam
566 1851 805 1929 -voluntatem
822 1865 860 1927 et
879 1849 1001 1926 aliene
1015 1846 1161 1956 subjici,
1185 1867 1222 1925 et
1239 1851 1345 1957 quod
1358 1849 1557 1956 oportebat
1571 1880 1660 1927 eum
1679 1851 1785 1959 vigil-

364 1978 442 2059 lare'
458 1982 610 2088 quando
625 1980 738 2058 vellet
750 1981 928 2067 dormire,
946 1980 1087 2057 esurire
1101 1981 1252 2086 quando
1262 1978 1377 2058 vellet
1390 1979 1600 2071 comedere,
1616 1997 1654 2056 et
1666 1981 1787 2059 multa

365 2138 493 2220 aspera
515 2113 716 2202 sustinere,-
743 2111 901 2217 ipsoque
926 2111 1177 2216 respondente
1202 2111 1307 2216 quod
1332 2109 1460 2189 omnia
1479 2107 1578 2185 bene
1603 2138 1690 2186 cum
1714 2111 1784 2189 Dei
1808 2089 1812 2096 ⁵

366 2243 553 2350 adjutorio
573 2244 789 2328 sustineret,
806 2241 971 2318 finaliter
991 2243 1112 2318 dictus
1130 2258 1301 2346 receptor
1315 2239 1404 2317 lecit
1419 2266 1507 2316 eum
1521 2267 1653 2318 rovere
1673 2259 1711 2317 et
1724 2241 1787 2348 ju·

365 2396 446 2449 mre
469 2398 584 2479 super
601 2372 805 2479 quemdam
826 2370 966 2449 librum
988 2388 1172 2479 apertum,
1195 2370 1419 2459 castitatem,
1437 2369 1717 2460 obedienciam,
1734 2373 1787 2448 vi-

365 2532 449 2581 vere
471 2505 551 2583 sine
569 2504 734 2611 proprio,
760 2525 904 2579 servare
923 2502 1045 2579 bonos
1064 2526 1154 2579 usus
1174 2518 1214 2579 et
1232 2500 1351 2579 bonas
1370 2501 1665 2580 consuetudines
1685 2504 1786 2580 ordi·

295 2679 299 2687 ,
366 2635 440 2724 nis3
464 2652 501 2711 et
519 2633 763 2740 postmodum
781 2633 962 2737 imposuit
979 2631 1050 2708 sibi
1072 2630 1312 2720 mantellum,
1334 2648 1372 2709 et
1389 2649 1467 2708 tam
1483 2632 1561 2738 ipse
1585 2660 1698 2740 quam
1720 2634 1785 2711 alii

365 2779 527 2843 astantes
542 2764 699 2841 iuertmt
710 2787 797 2838 eum
810 2761 965 2840 osculati
979 2762 1018 2838 'm
1033 2789 1118 2849 ore3
1136 2763 1265 2840 dicens
1278 2761 1381 2839 idem
1397 2762 1502 2840 testis
1512 2764 1617 2869 quod
1628 2779 1712 2839 ante
1726 2764 1785 2841 di·

365 2909 467 2971 ctum
483 2893 653 2970 osculum
666 2892 855 2970 osculatus
865 2892 1099 2969 luiterucem
1113 2892 1285 2968 montelli
1298 2892 1452 2969 alterius
1466 2890 1653 2970 dictorum
1664 2910 1785 2971 astan-

365 3025 478 3111 cium,
506 3022 626 3100 'neseit
644 3039 771 3099 tamen
795 3023 919 3130 cujus.
943 3021 1095 3099 ‘Deinde
1115 3022 1292 3099 instruxit
1312 3049 1403 3099 eum
1424 3038 1518 3129 quot
1540 3024 1652 3100 Pater
1673 3040 1787 3102 amtor

337 3216 338 3219 ,
365 3155 507 3230 diceret
518 3184 587 3259 pro
604 3153 761 3262 singulis
776 3153 891 3241 horis,
909 3168 948 3227 et
962 3150 1126 3260 qualiter
1138 3181 1177 3228 se
1193 3152 1352 3256 baberet
1369 3171 1407 3228 et
1421 3169 1569 3260 regeret
1582 3154 1621 3229 in
1637 3154 1782 3232 ordine.

365 3285 453 3362 Post
472 3293 546 3392 qtie
561 3284 662 3360 dicti
681 3283 812 3360 frames
830 3283 1018 3360 lohannes
1040 3283 1087 3359 de
1107 3281 1351 3389 Crepicordio
1372 3300 1410 3360 ct
1436 3284 1626 3362 lebannes
1647 3283 1695 3360 de
1714 3285 1786 3362 Ha-

366 3415 480 3491 nonia
494 3431 686 3491 traxerunt
703 3437 791 3490 eum
806 3413 908 3520 justa
928 3413 1055 3501 altare,
1065 3413 1148 3490 aliis
1156 3415 1378 3505 astantibus,
1392 3431 1437 3491 ut
1456 3413 1526 3492 sibi
1547 3415 1716 3506 videtur,
1728 3438 1786 3493 m·
1872 3401 1885 3404 '⁷

366 3544 604 3632 cedentibus,
625 3545 860 3621 etlrostausa
880 3540 952 3620 sibi
967 3544 1157 3649 quandam
1176 3572 1286 3621 cruce
1307 3545 1443 3654 lignea,
1464 3546 1504 3621 in
1519 3573 1593 3652 qua
1608 3563 1787 3623 nonam

367 3676 491 3782 aliqua
510 3699 662 3783 ymago,
682 3702 797 3782 quam
813 3677 902 3780 ipse
922 3672 1160 3766 recordetur,
1183 3692 1372 3783 assumpta
1392 3677 1440 3753 de
1460 3693 1565 3754 retro
1585 3675 1701 3753 altare
1716 3704 1787 3784 per

367 3805 528 3883 alterum
557 3805 744 3884 dictorum
770 3807 945 3892 fratrum,
974 3807 1093 3883 nescit
1118 3833 1185 3912 per
1212 3831 1327 3914 quem
1341 3865 1361 3900 ‚,
1377 3808 1500 3885 dictus
1525 3809 1717 3887 lohannes
1737 3808 1785 3886 da

365 3935 536 4013 Hancnia
555 3937 722 4042 precepit
737 3937 770 4013 ei
788 3937 893 4042 quod
913 3936 1114 4043 abnegaret
1132 3937 1275 4028 Deum,
1296 3956 1333 4016 et
1353 3967 1440 4014 cum
1460 3940 1538 4044 ipse
1558 3937 1705 4016 fortiter
1726 3969 1786 4017 re-

366 4069 512 4145 sisteret
531 4084 570 4144 et
588 4063 708 4144 lacere
727 4082 927 4159 recusaret,
943 4067 1135 4174 predictus
1156 4068 1348 4148 lohannes
1368 4069 1510 4146 dixitei
1530 4069 1636 4175 quod
1654 4070 1707 4146 ita
1722 4070 1788 4150 de·

366 4196 634 4285 habersuam,
659 4198 746 4304 quia
773 4197 842 4274 bec
868 4214 974 4274 erant
992 4216 1130 4303 puncta
1146 4197 1359 4307 religionis,
1377 4215 1420 4276 et
1442 4217 1535 4275 tune
1555 4199 1636 4304 ipse
1664 4199 1785 4290 testi,

367 4326 532 4404 multum
546 4327 698 4415 dolens,
712 4327 1038 4435 abnegavitDeum
1052 4354 1118 4406 ore
1137 4355 1216 4407 non
1236 4330 1362 4407 corde.
1373 4331 1505 4407 Postea
1521 4329 1615 4405 dixit
1629 4329 1663 4406 ei
1680 4329 1788 4436 quod

367 4475 519 4562 spueret
537 4481 652 4564 super
674 4459 814 4536 dietam
839 4484 989 4535 erucem
1009 4459 1170 4564 positam
1195 4460 1234 4535 in
1258 4459 1423 4567 quadam
1441 4459 1537 4537 sella
1555 4461 1631 4536 sive
1655 4458 1784 4550 sedilia

365 4586 587 4692 ipse-tamen
606 4587 731 4667 uoluit
750 4613 885 4696 spuere
901 4613 970 4666 nec
984 4616 1099 4696 super
1113 4615 1184 4668 nec
1192 4589 1311 4700 juxta.
1332 4591 1504 4668 Preteres
1524 4589 1664 4669 dixitei
1681 4590 1788 4697 quod

362 4717 577 4797 *secundum
593 4738 734 4825 puncta
752 4720 898 4799 ordinis
912 4737 1059 4826 potarat
1073 4722 1309 4800 commisceri
1329 4721 1527 4798 carnaditm
1537 4720 1788 4800 lieuibesor»

368 4846 469 4925 dinis
484 4848 606 4953 stipsi
623 4875 709 4927 cum
724 4878 770 4928 ao
782 4852 882 4940 eboc
900 4867 1028 4927 umen
1044 4877 1121 4934 non
1138 4849 1241 4942 lecit,
1253 4879 1323 4929 nec
1341 4851 1578 4959 cmditqaod
1596 4851 1637 4928 in
1651 4851 1787 4929 ordine
