4236 5948
648 519 844 613 nnocns
872 538 966 610 nns
994 537 1299 610 reuertens.
1666 539 1688 611 5

260 697 293 757 et
309 707 385 788 que
406 679 697 786 imponerentur
716 709 784 787 per
804 680 1017 787 superiores
1037 680 1077 755 in
1099 679 1250 768 ordine,
1273 707 1344 755 nec
1367 695 1465 757 esset
1480 679 1518 755 in
1539 678 1623 757 loco
1648 680 1688 755 in

256 840 328 920 quo
357 810 495 918 aliquis
525 812 820 890 exheredaretur
847 813 1002 921 injuste,
1032 811 1093 889 vel
1122 812 1161 888 in
1187 841 1263 918 quo
1288 810 1415 891 studio
1449 840 1518 889 suo
1551 810 1688 890 salsum

251 941 440 1051 judicium
459 943 699 1022 redderetur.
725 946 977 1022 Postmodum
998 943 1185 1052 imposuit
1209 943 1279 1021 sibi
1307 943 1532 1021 mantellum
1555 961 1688 1023 ettam

255 1073 332 1180 ipse
365 1103 480 1180 quam
516 1073 631 1152 frater
659 1073 882 1183 Gregorius,
917 1075 1028 1152 miles
1060 1075 1272 1181 quondam,
1302 1074 1457 1152 nacione
1489 1075 1685 1168 Picardus,

255 1203 361 1310 cujus
377 1234 588 1313 cognomen
607 1207 772 1314 ignorat,
795 1207 860 1314 qui
877 1236 944 1285 sue
964 1205 1177 1314 recepcioni
1193 1204 1380 1295 interfuit,
1397 1224 1435 1283 et
1450 1207 1511 1283 alii
1527 1225 1687 1286 astantes

254 1337 377 1444 ipsum
398 1355 535 1417 testem
559 1339 716 1416 osculati
744 1337 903 1417 suerunt
922 1339 962 1415 in
983 1368 1060 1416 ore.
1077 1339 1225 1418 Deinde
1252 1367 1384 1448 omnes
1408 1356 1570 1419 astantes
1590 1340 1688 1419 exie·

252 1485 340 1547 runt
354 1468 493 1548 dictam
507 1469 706 1577 capellam,
725 1486 924 1578 receptore
942 1472 1112 1578 predicto
1130 1486 1168 1546 et
1180 1471 1261 1576 ipso
1275 1487 1371 1548 teste
1383 1470 1473 1549 solis
1487 1501 1686 1553 remanen-

251 1599 353 1677 tibus
372 1600 412 1677 in
434 1600 591 1691 eadem,
609 1618 647 1679 et
665 1601 793 1681 clauso
818 1601 914 1679 ostio
937 1602 1037 1679 dicte
1050 1600 1194 1708 capelle
1210 1630 1278 1708 per
1293 1602 1418 1708 ipsum
1434 1622 1683 1711 receptorem.

251 1731 358 1809 duxit
383 1761 472 1811 eum
496 1761 615 1840 prope
641 1732 776 1823 altare,
801 1752 841 1812 et
870 1751 1019 1813 ostensa
1043 1735 1114 1813 sibi
1140 1734 1305 1841 quadam
1327 1764 1437 1812 cruce
1463 1735 1585 1844 lignea
1611 1740 1686 1816 exi-

249 1879 373 1940 stente
388 1880 491 1941 retro
504 1862 640 1954 altare,
662 1864 702 1940 in
723 1894 799 1971 qua
815 1863 921 1942 nulla
942 1882 1021 1942 erat
1039 1893 1191 1974 ymago,
1215 1894 1331 1972 quam
1351 1864 1431 1972 ipse
1450 1868 1683 1959 recordatur,

248 1994 418 2102 precepit
437 1995 471 2072 ei
492 1996 597 2103 quod
618 1997 823 2104 abnegaret
841 1998 991 2089 Deum,
1015 2015 1161 2075 etcum
1186 1998 1267 2105 ipse
1292 1997 1399 2074 testis
1424 1998 1567 2078 diceret
1595 2032 1684 2081 con-

247 2143 390 2203 stanter
406 2125 511 2233 quod
531 2127 611 2233 ipse
635 2157 832 2236 nunquam
852 2129 1056 2238 abnegaret
1079 2148 1285 2208 creatorem
1311 2158 1444 2220 suum,
1475 2130 1598 2210 dictus
1623 2163 1684 2211 re-

248 2275 378 2365 ceptor
403 2257 497 2335 dixit
522 2259 557 2336 ei
581 2261 706 2366 quod,
735 2279 936 2368 postquam
959 2261 1150 2370 juraverat
1175 2260 1454 2355 obedienciam,
1486 2265 1684 2370 oportebat

249 2419 337 2467 eum
358 2390 411 2468 sic
428 2390 565 2482 facere,
584 2409 622 2469 et
638 2411 731 2471 tunc
751 2393 834 2500 ipse
851 2395 959 2472 testis
980 2394 1131 2487 dolens,
1149 2411 1192 2472 ut
1209 2393 1318 2482 dixit,
1340 2392 1536 2503 abnegavit
1556 2397 1682 2475 Deum

247 2551 312 2601 ore
342 2550 422 2600 uon
456 2525 582 2601 corde.
618 2526 752 2602 Postea
792 2527 962 2635 precepit
999 2526 1034 2604 ei
1068 2526 1173 2634 quod
1208 2543 1363 2632 spueret
1393 2554 1507 2632 super
1543 2527 1682 2606 dictam

248 2683 410 2734 crucem.
432 2654 535 2735 Dixit
556 2655 675 2734 eciam
691 2656 802 2764 quod
823 2657 946 2736 dictus
962 2675 1147 2765 receptor,
1164 2657 1239 2736 hiis
1255 2656 1378 2749 sactis,
1401 2658 1590 2736 osculatus
1610 2659 1683 2737 luit

247 2785 371 2893 ipsum
386 2803 523 2864 testem
541 2787 581 2862 in
594 2805 747 2894 pectore
766 2818 878 2894 supra
898 2807 1030 2866 vestes.
1052 2788 1134 2866 Alia
1153 2790 1352 2867 inhonesta
1373 2819 1450 2868 non
1470 2791 1681 2870 intervene-

246 2934 334 2994 runt
350 2917 390 2994 in
402 2918 625 3023 recepcione
641 2947 710 2995 sua
722 2918 905 3024 predicta.
922 2917 1025 2994 Dixit
1039 2919 1155 2994 eciam
1169 2917 1276 3024 quod
1290 2918 1384 2994 vidit
1398 2921 1513 3025 recipi
1526 2920 1680 2999 fratrem

246 3049 445 3157 Hugonem
475 3049 523 3127 de
555 3048 730 3127 Nantolio
771 3049 1055 3128 Suessionensis
1095 3047 1276 3134 diocesis,
1317 3048 1413 3125 circa
1451 3050 1680 3158 principium

245 3180 358 3289 hujus
378 3180 692 3290 Quadragessime
713 3179 870 3258 luerunt
889 3198 975 3258 octo
995 3179 1083 3256 anni
1104 3178 1163 3257 vel
1180 3179 1290 3271 circa,
1314 3179 1355 3255 in
1375 3180 1516 3288 capella
1542 3184 1681 3261 domus

245 3313 394 3422 Templi
422 3314 469 3391 de
497 3313 695 3393 Cheuruto
720 3313 953 3392 Senonensis
983 3312 1161 3401 diocesis,
1190 3340 1305 3418 quem
1326 3315 1469 3420 recepit
1487 3297 1680 3420 predictus

244 3445 357 3523 scater
376 3444 568 3524 Gerardus
584 3446 631 3523 de
652 3445 815 3535 Pruin0,
837 3463 929 3522 tunc
946 3461 1146 3552 preceptor
1163 3442 1262 3520 dicte
1278 3442 1414 3521 domus
1430 3445 1478 3521 de
1490 3446 1678 3540 Cheruto,

242 3576 481 3685 presentibus
506 3575 685 3657 fratribus
714 3578 888 3673 Drocone
925 3595 1020 3654 tune
1051 3578 1274 3684 preceptore
1306 3574 1443 3654 domus
1471 3578 1518 3654 de
1548 3579 1679 3657 Scinhi

245 3709 342 3788 dicte
361 3708 520 3788 diocesis
537 3709 736 3794 Trecensis
760 3726 798 3786 et
816 3710 987 3787 Johanne
1009 3707 1183 3786 Monachi
1204 3706 1486 3786 Suessionensis
1505 3709 1676 3803 diocesis,

243 3840 509 3931 servientibus,
532 3842 581 3918 de
601 3870 767 3950 quorum
787 3841 862 3918 vita
882 3841 941 3919 vel
956 3858 1079 3919 morte
1103 3839 1311 3918 nonhabet
1331 3839 1619 3935 certitudinem;
1637 3845 1677 3921 in

244 3974 350 4082 cujus
363 3972 586 4080 recepcione
608 3973 710 4050 licita
727 3990 766 4050 et
779 3973 938 4051 honesta
954 4001 1030 4084 que
1051 3971 1207 4051 luerunt
1225 3970 1323 4048 dicta
1343 3988 1381 4050 et
1400 3970 1493 4049 facta
1514 3974 1553 4050 in
1574 4003 1677 4052 rece-

242 4103 377 4210 pcione
392 4104 512 4212 ipsius
524 4105 785 4184 testis-servata
796 4104 969 4197 fuerunt3
986 4105 1121 4182 illicita·
1134 4121 1263 4181 tamen
1280 4102 1484 4204 consessata
1498 4133 1567 4213 per
1585 4135 1675 4182 eum

241 4234 298 4313 vel
317 4235 390 4314 alia
415 4265 495 4316 non
514 4237 608 4315 vidit
625 4237 708 4315 [ieri
731 4265 802 4314 nec
825 4237 986 4346 injungi.
1008 4235 1225 4344 Requisitus
1245 4236 1275 4313 si
1294 4235 1415 4313 credit
1430 4236 1537 4343 quod
1558 4236 1598 4313 in
1616 4264 1676 4314 re-

242 4369 486 4477 cepcionibus
500 4369 664 4449 aliorum
680 4369 819 4448 fierent
829 4388 868 4448 et
885 4386 1123 4448 servarentur
1140 4368 1307 4476 predicta
1324 4367 1453 4445 illicita
1469 4367 1675 4447 consessata

241 4529 308 4607 per
327 4529 435 4592 eum,
457 4503 655 4610 respondit
677 4529 715 4580 se
737 4503 892 4580 credere
913 4501 1020 4610 quod
1039 4530 1128 4580 non.
1147 4501 1280 4581 Credit
1298 4500 1397 4578 bene
1416 4499 1674 4579 ecclesiasticis

240 4633 500 4725 sacramentis,
522 4651 561 4711 et
581 4633 702 4712 credit
719 4635 824 4741 quod
845 4634 907 4710 alii
929 4632 1063 4711 fratres
1083 4633 1298 4723 crederent,
1320 4648 1364 4708 ut
1384 4630 1492 4725 dixit,
1512 4648 1550 4708 et
1565 4633 1673 4739 quod

241 4790 376 4842 eorum
403 4765 619 4844 sacerdotes
644 4764 774 4843 debite
799 4762 1043 4844 celebrarent.
1080 4763 1216 4843 Statim
1251 4791 1320 4870 pro
1350 4761 1526 4870 professis
1557 4763 1672 4840 habe-

239 4895 388 4990 bantur,
411 4915 456 4975 ut
469 4898 542 4979 luit
561 4897 632 4976 sibi
650 4897 810 4977 dictum.
829 4898 936 4978 Clam
958 4897 1101 4975 fiebant
1123 4896 1360 5003 recepciones
1382 4924 1532 4983 eorum,
1555 4896 1670 4973 nullis
