4236 5948
499 560 570 629 512
883 542 1078 631 PROCES
1104 557 1199 628 DES
1225 555 1524 631 TEMPLIERS.

540 698 607 774 'De
622 698 734 774 modo
750 713 876 787 autem
891 726 957 773 suo
973 697 1202 803 recepcionis
1219 714 1256 773 et
1270 697 1571 803 contingentibus
1588 725 1686 784 eam,
1706 695 1798 771 dixit
1817 693 1918 772 idem

497 827 535 904 in
547 828 683 904 effectu
698 845 740 903 ut
752 826 865 903 frater
879 827 1166 911 Bartholomeus
1177 827 1224 905 de
1235 829 1374 916 Turre,
1390 828 1535 932 primus
1549 826 1670 914 testis,
1693 825 1787 911 dixit
1801 842 1840 903 et
1856 826 1920 902 de-

496 959 622 1062 posuit
642 986 753 1061 supra
773 958 812 1032 in
834 957 967 1033 eodem
990 958 1162 1044 articulo,
1186 976 1223 1035 et
1243 934 1405 1035 sicut'de
1427 959 1529 1035 dicto
1548 958 1663 1043 modo
1681 955 1920 1061 recipiendo-

494 1115 579 1164 rum
595 1088 748 1164 fratrum
759 1088 806 1164 ad
823 1087 964 1165 dictum
975 1088 1147 1171 ordinem
1160 1089 1282 1194 agitur
1297 1106 1334 1165 et
1343 1105 1520 1165 tractatur
1535 1088 1574 1163 in
1584 1086 1680 1164 libro
1694 1103 1919 1164 statutorum

497 1233 535 1293 et
554 1219 681 1324 regule
697 1218 839 1294 ordinis
859 1218 947 1294 dicti
962 1219 1122 1335 Templi
1210 1295 1214 1302 ,
1880 1284 1883 1288 ,

384 1326 390 1333 .
551 1349 609 1425 Ad
631 1349 762 1427 Ιιιιιιιι
783 1368 820 1426 ot
839 1350 982 1427 lxxxviii
1004 1367 1042 1426 et
1059 1349 1254 1434 ultimum
1259 1349 1433 1460 articulos
1456 1330 1652 1493 diligenter
1674 1368 1712 1426 et
1730 1289 1918 1456 sigillatim

347 1464 359 1483 ⁵
447 1474 453 1503 ⁷
494 1477 756 1595 interrogatus,
779 1480 871 1556 dixit
890 1509 928 1556 se
949 1479 1066 1563 nichil
1087 1481 1179 1557 scire
1184 1480 1242 1569 de
1247 1497 1442 1579 conteritis
1462 1480 1501 1556 in
1519 1480 1674 1559 eisdem.
1733 1532 1741 1545 ·
1787 1542 1793 1549 .

425 1668 441 1689 .
496 1611 673 1715 Super
692 1611 772 1688 aliis
790 1639 879 1693 vero
898 1628 976 1686 tam
1000 1611 1212 1709 circumstaff
1337 1706 1351 1723 ,Ι
1375 1622 1399 1703 j
1420 1602 1735 1705 ‘coherentibus
1727 1610 1816 1714 ipsis
1836 1610 1919 1686 arti-

495 1739 588 1815 culis
609 1740 836 1847 diligenter
828 1758 1090 1945 interrogatus,
1114 1722 1542 1883 drnwffroplura
1562 1768 1631 1831 nec
1645 1742 1797 1823 credere
1814 1741 1919 1819 aliter

495 1899 606 1974 quam
626 1872 797 1976 superius
812 1888 867 1947 est
887 1899 957 1947 con
959 1870 1088 1948 f.essus
1208 1892 1390 1983 ἦ,
1378 1920 1450 1965 „ga

975 2030 1390 2095 1‚·¹,td‚?‚>·‡i
1386 2036 1472 2089 aaz*

551 2134 656 2210 Anno
678 2153 716 2210 et
730 2134 791 2210 dre
805 2134 943 2240 quibus
958 2164 1152 2240 supra
1486 2208 1490 2215 .

551 2265 660 2340 XXV.
691 2267 819 2340 Frater
850 2264 1010 2342 lacobus
1024 2265 1258 2354 didascaronr
1267 2261 1413 2347 ordinis
1440 2263 1527 2343 dicti
1549 2263 1698 2370 Templi
1723 2283 1761 2342 et
1781 2267 1918 2348 domus

495 2394 611 2469 Mansi
625 2395 714 2483 Dei,
731 2396 834 2471 testis
845 2395 992 2501 juratus
1007 2396 1055 2471 ad
1067 2412 1190 2489 sancta
1202 2394 1493 2498 ·Dei-³Evangelia
1503 2374 1625 2511 ·-super
1644 2396 1822 2501 predictis
1833 2397 1919 2473 arti·

496 2523 588 2598 culis
605 2538 643 2598 et
663 2551 793 2600 eorum
814 2523 986 2629 quolibet
1003 2524 1268 2630 sibiexpositis
1288 2525 1327 2600 in
1343 2523 1502 2634 vulgari,
1521 2540 1564 2600 ut
1580 2524 1798 2631 principalis
1811 2524 1859 2603 de
1879 2555 1917 2603 se

493 2655 587 2756 ipso,
601 2670 637 2729 et
651 2672 693 2730 ut
705 2657 810 2732 testis
826 2654 872 2731 de
892 2655 988 2742 aliis,
1002 2655 1202 2761 diligenter
1218 2672 1254 2732 et
1273 2655 1462 2761 sigillatim
1484 2655 1748 2763 interrogatus,
1765 2685 1918 2762 respon·

495 2784 588 2860 dens
610 2785 658 2860 ad
679 2785 858 2890 primum,
882 2785 1023 2863 11-—xlv
1047 2785 1224 2863 articulos
1254 2785 1450 2890 inclusive,
1479 2785 1569 2895 dixit
1590 2812 1717 2882 sernec
1736 2787 1830 2863 scire
1850 2815 1919 2864 nec

494 2916 645 2991 credere
668 2933 840 2992 contenta
860 2917 899 2992 in
918 2916 992 2993 illis
1011 2945 1080 2994 nec
1100 2917 1222 3024 aliqua
1245 2917 1291 2992 de
1313 2917 1472 3004 eisdem;
1504 2900 1601 2994 salvo
1626 2917 1793 3023 quod-in
1814 2946 1918 2995 rece-

493 3045 690 3147 pcionibus
710 3045 866 3122 fratrum
886 3047 935 3122 ad
955 3046 1128 3122 ordinem
1148 3045 1304 3153 Templi
1323 3046 1417 3123 frunt
1440 3047 1736 3147 deosculationes
1761 3046 1916 3125 fratrum

493 3176 752 3280 recipientium
772 3195 810 3253 et
825 3194 1060 3281 receptorum
1082 3177 1130 3252 ad
1146 3177 1285 3253 dictum
1300 3176 1470 3258 ordinem
1479 3177 1517 3253 in
1534 3205 1599 3253 ore
1614 3194 1775 3268 tantum,
1792 3207 1919 3256 secun-

495 3305 586 3381 dum
609 3334 753 3383 morem
778 3325 816 3383 et
838 3324 973 3383 statuta
998 3307 1086 3384 dicti
1112 3309 1270 3395 ordinis,
1293 3305 1500 3413 insignum
1524 3305 1689 3384 fraterne
1707 3308 1917 3386 dilectionis

493 3435 532 3508 in
552 3438 714 3513 Domino
736 3455 773 3513 et
787 3455 916 3514 mutue
938 3437 1109 3513 caritatis
1376 3512 1381 3528 ‚

550 3566 705 3642 Addidit
723 3593 876 3673 quoque
895 3567 1000 3672 quod
1023 3567 1169 3655 fratres,
1188 3569 1314 3645 statim
1335 3597 1421 3644 cum
1437 3506 1576 3673 recepti
1597 3585 1684 3645 sunt
1704 3504 1751 3646 ad
1773 3568 1916 3655 dictum

494 3696 683 3785 ordinem,
701 3715 789 3774 sunt
809 3697 982 3802 professi;
1003 3698 1263 3802 promittentes
1283 3699 1513 3805 simpliciter,
1533 3726 1610 3776 non
1626 3701 1795 3825 jugantes
1815 3699 1916 3805 quod

493 3845 705 3932 susceptum
724 3828 897 3904 ordinem
913 3829 1060 3934 Templi
1077 3857 1144 3934 pro
1163 3828 1293 3936 quovis
1308 3829 1382 3905 alio
1400 3829 1545 3910 fortiori
1555 3829 1613 3906 vel
1621 3826 1751 3908 teriori
1766 3858 1842 3907 non
1858 3860 1916 3908 re·

493 3955 680 4062 linquent;
702 3976 853 4064 possent
876 3976 1016 4046 tamen,
1041 3987 1071 4035 s1
1062 3958 1247 4047 ',vellent
1269 3959 1422 4038 obtenta
1445 3960 1599 4036 licencia
1615 3960 1835 4065 superioris,
1856 3962 1915 4038 cui

494 4104 590 4165 esset
607 4087 762 4165 facultas
780 4088 898 4166 lihera
913 4068 1158 4170 concedendi.

548 4217 704 4296 Addidit
724 4220 841 4297 eciam
867 4220 971 4326 quod
989 4219 1036 4297 ad
1057 4219 1197 4296 dictum
1219 4220 1390 4297 ordinem
1414 4221 1563 4325 Templi
1587 4165 1631 4296 fit
1650 4171 1820 4326 recepcio
1843 4220 1915 4296 fra·

491 4365 590 4424 trum
618 4350 658 4424 in
679 4347 843 4427 ecclesiis
867 4379 935 4427 seu
957 4350 1107 4456 capellis
1123 4350 1325 4428 domorum
1352 4350 1439 4428 dicti
1461 4350 1618 4437 ordinis,
1642 4349 1804 4428 clausis
1790 4352 1914 4456 Jauuis

492 4477 731 4582 capellarum,
754 4497 791 4556 et
807 4480 964 4558 exclusis
979 4480 1155 4557 omnibus
1174 4497 1301 4586 preter
1319 4479 1450 4558 fratres
1468 4478 1609 4558 ordinis
1629 4478 1820 4560 antedicti.

547 4610 799 4717 Interrogatus
816 4640 930 4717 quare
953 4610 1178 4689 clauduntur
1192 4612 1309 4718 janue
1332 4610 1470 4716 capelle
1493 4611 1532 4687 in
1551 4639 1626 4717 qna
1640 4609 1772 4688 fratres
1791 4611 1840 4686 ad
1856 4639 1930 4688 or·.

493 4738 619 4814 dinem
632 4740 841 4845 predictum
856 4741 1059 4845 recipiendi
1074 4757 1178 4828 sunt,
1200 4742 1293 4818 dixit
1312 4742 1416 4849 quod
1432 4744 1485 4818 sic
1500 4771 1539 4818 se
1556 4741 1696 4819 habent
1709 4758 1912 4819 consuetu·

495 4868 602 4946 dines
623 4888 659 4947 et
678 4888 810 4948 statuta
830 4871 971 4947 ordinis
993 4871 1082 4948 dicti
1103 4870 1264 4976 Templi.
