4236 5948
341 537 416 606 no
719 509 914 603 ruocns
946 527 1040 599 nes
1072 525 1378 599 rennuens

341 676 542 765 dellerens,
573 701 659 749 cum
688 700 764 779 quo
792 670 1014 778 inquisitum
1044 668 1180 758 fuerat,
1213 667 1408 746 absolutus
1438 678 1475 743 et
1501 660 1762 745 reconciliatus

340 837 407 912 per
427 804 627 883 dominum
649 805 865 909 episcopum
891 803 1184 878 Xantonensem.
1208 799 1333 876 boetis
1349 815 1473 875 autern
1500 816 1537 874 et
1561 797 1766 906 diligenter

342 937 516 1042 expositis
537 935 607 1011 sibi
629 933 805 1010 omnibus
821 950 857 1009 et
871 932 1026 1039 singulis
1046 932 1226 1021 articulis,
1247 929 1443 1036 respondit
1462 957 1501 1006 se
1514 929 1676 1019 nescire,
1694 956 1767 1007 nec

344 1067 514 1151 credere,
538 1093 608 1141 nec
627 1063 809 1142 audivisse
838 1063 909 1139 dici
937 1064 984 1139 de
1012 1064 1197 1140 contentis
1224 1063 1263 1138 in
1287 1062 1341 1139 eis
1361 1060 1432 1137 nisi
1454 1060 1558 1168 quod
1581 1061 1767 1166 sequitur:

344 1197 428 1301 qnia
451 1225 527 1271 non
548 1195 749 1273 vocabatur
776 1194 823 1270 ad
843 1193 1001 1271 concilia
1026 1222 1179 1281 eorum,
1201 1222 1273 1299 pro
1300 1218 1344 1269 eo
1365 1192 1468 1298 quod
1490 1207 1569 1268 erat
1588 1188 1764 1297 simplex,

344 1343 381 1400 et
404 1326 567 1402 habebat
587 1354 714 1402 cruam
742 1324 1061 1401 molendinorum.
1093 1326 1194 1403 Dixit
1213 1341 1338 1400 amem
1360 1351 1399 1400 se
1419 1321 1533 1398 luisse
1550 1338 1764 1428 receptum,

344 1457 381 1531 in
398 1457 493 1533 sesto
507 1458 646 1533 Pasche
659 1456 832 1562 proximo
853 1457 1034 1561 preterito
1053 1455 1207 1532 bierunt
1222 1481 1292 1534 xxv
1308 1454 1394 1530 anni
1410 1450 1469 1529 vel
1486 1453 1594 1540 circa,
1618 1453 1657 1528 in
1672 1482 1769 1560 qna·

346 1587 430 1663 dam
460 1617 604 1664 camera
632 1586 767 1681 domus
793 1584 941 1691 Templi
971 1587 1017 1663 de
1040 1587 1203 1693 Espanas
1230 1585 1479 1662 xantonensis
1497 1583 1676 1675 diocesis,
1699 1613 1770 1690 per

344 1714 496 1793 fratrem
522 1714 769 1792 Amblardum
792 1716 839 1791 de
860 1715 1035 1793 Vienesio
1053 1716 1234 1805 militem,
1265 1715 1456 1822 quondam
1487 1731 1766 1821 preceptorem,

346 1845 584 1951 presentibus
614 1843 789 1920 fratribus
820 1843 959 1922 Jacobo
995 1846 1050 1921 de·
1071 1846 1189 1922 Noian
1225 1861 1443 1952 preceptore
1471 1844 1570 1920 dicte
1610 1845 1765 1933 domus,

347 1995 383 2052 et
410 1976 575 2053 Roberto
610 1974 666 2051 de·
683 1975 800 2080 patria
826 1975 915 2050 dicti
946 1975 1091 2066 Jacobi,
1124 1975 1233 2082 cujus
1257 2002 1480 2081 cognomen·
1497 1974 1660 2080 ignorat,
1687 2003 1769 2053 ser-

346 2106 486 2193 viente,
514 2105 561 2181 de
587 2122 750 2211 quorum
770 2106 842 2182 vita
866 2104 925 2182 vel
945 2123 1066 2182 morte
1087 2134 1164 2183 non
1186 2106 1299 2182 babet
1319 2104 1603 2193 certitudinem,
1626 2123 1664 2182 et
1679 2107 1767 2211 qui-

346 2236 506 2312 busdam
529 2233 609 2312 aliis
630 2235 839 2312 deffunctis.
862 2235 892 2311 A
912 2265 989 2342 quo
1010 2254 1201 2344 receptore
1224 2236 1339 2343 peciit
1365 2237 1548 2313 instanter
1571 2263 1709 2342 penem
1730 2253 1770 2313 et

349 2396 481 2472 aquam
505 2367 672 2455 ordinis:
693 2365 832 2471 quibus
855 2367 1038 2444 concessis
1066 2367 1207 2458 eidem,
1232 2366 1320 2443 lecit
1344 2395 1431 2443 eum
1454 2365 1576 2442 dictus
1595 2384 1770 2473 receptor

346 2525 479 2574 vovere
505 2514 541 2572 et
562 2497 688 2603 jurare
709 2496 937 2581 castitatem,
965 2498 1247 2587 obedienciam,
1278 2496 1401 2572 vivere
1430 2497 1509 2573 sine
1531 2497 1701 2602 proprio,
1731 2516 1771 2577 et

347 2627 523 2733 imposito
540 2627 573 2702 ei
590 2627 789 2714 mantello,
808 2627 885 2730 ipse
905 2643 942 2702 et
957 2627 1269 2705 omnes-astantes
1286 2627 1440 2704 osculati
1457 2626 1611 2702 luerunt
1628 2627 1667 2702 in
1681 2656 1769 2722 ore;

349 2759 447 2834 etde
465 2757 734 2865 abnegacione,
758 2756 972 2861 obprobriis
992 2757 1112 2833 crucis
1132 2773 1170 2832 et
1187 2756 1267 2832 aliis
1284 2755 1426 2832 illicitis
1445 2755 1484 2830 in
1499 2756 1666 2834 articulis
1681 2787 1773 2836 con·

349 2889 476 2976 tentis,
500 2916 568 2963 nec
583 2904 674 2964 tunc
688 2916 758 2963 nec
770 2905 855 2992 post
868 2887 939 2963 luit
951 2886 1045 2963 lacta
1060 2888 1208 2964 mencio
1227 2887 1374 2977 eidem;
1393 2915 1464 2962 nec
1477 2887 1560 2972 scit,
1575 2904 1646 2963 nec
1657 2888 1770 2978 uidit,

350 3046 419 3094 nec
443 3019 584 3095 audivit
612 3018 685 3093 dici
703 3018 810 3123 quod
835 3017 980 3122 aliquid
1008 3018 1181 3093 illicitum
1205 3016 1448 3093 interveniret
1475 3016 1513 3091 in
1547 3018 1772 3124 recepcione

349 3147 471 3225 fratris
484 3147 583 3223 Petri
597 3146 748 3224 Geraldi
765 3147 810 3223 de
824 3148 971 3223 Mursac
983 3149 1193 3236 servientis,
1209 3146 1460 3224 Xantonensis
1474 3147 1649 3235 diocesis,
1663 3149 1773 3224 testis

349 3308 460 3384 supra
482 3278 597 3385 jurati
631 3277 697 3353 sed
725 3275 896 3351 nondum
928 3277 1139 3366 examinati,
1173 3306 1287 3383 quem
1312 3277 1405 3352 vidit
1430 3276 1545 3381 recipi
1567 3277 1605 3351 in
1631 3277 1773 3383 capella

350 3409 448 3484 dicte
466 3408 602 3483 domus
622 3407 668 3482 de
684 3406 878 3512 Espaneis,
900 3433 967 3511 per
984 3406 1136 3483 fratrem
1153 3405 1421 3484 Theobaldum
1438 3407 1485 3482 de
1499 3407 1684 3494 Turonis,
1699 3408 1773 3483 mi-

349 3538 454 3614 litem
486 3536 695 3644 quondam,
725 3538 762 3612 in
789 3539 859 3613 isto
886 3555 1057 3643 tempore
1083 3538 1249 3614 Paschali
1277 3555 1365 3615 sunt
1385 3537 1531 3613 circiter
1555 3563 1635 3614 xnu·
1664 3539 1772 3630 anni,

349 3667 588 3773 presentibus
607 3667 785 3744 fratribus
804 3669 915 3745 Petro
936 3669 1084 3760 Auriol,
1107 3669 1262 3746 detento
1274 3668 1472 3754 Xantonis,
1490 3667 1699 3745 Guillelmo
1721 3669 1773 3745 de

350 3801 454 3876 Serie
466 3817 503 3875 et
512 3800 682 3875 Jobanne
694 3799 741 3876 dc
753 3800 899 3876 Mursae
911 3800 1172 3888 servientibus,
1189 3798 1405 3885 deffunctis3
1418 3826 1487 3874 nec
1500 3798 1538 3873 in
1549 3798 1772 3903 receptione

350 3930 438 4004 dicti
455 3928 624 4016 Roberti,
644 3930 709 4034 qui
733 3927 802 4004 fuit
822 3929 994 4005 similiter
1012 3929 1208 4006 abeodem
1227 3946 1264 4004 et
1278 3956 1349 4034 per
1363 3929 1527 4004 eundem
1548 3929 1705 4005 modum
1728 3958 1771 4004 ac

350 4059 492 4136 eisdem
509 4059 746 4165 presentibus
761 4077 952 4165 receptus,
976 4089 1062 4136 cum
1078 4061 1158 4165 ipso
1173 4075 1284 4152 teste3
1306 4087 1376 4134 nec
1391 4060 1511 4135 credit
1525 4059 1628 4165 quod
1645 4058 1770 4164 aliqua

348 4190 477 4266 illicita
498 4191 765 4267 intervenirent
790 4192 829 4265 in
850 4191 1136 4295 reccpcionibus
1160 4190 1321 4267 aliorum
1343 4188 1498 4265 fratrum
1531 4188 1674 4266 ordinis
1701 4216 1771 4265 nec

348 4337 449 4423 post,
477 4320 565 4426 quia
587 4349 668 4397 non
686 4320 796 4409 vidit,
824 4349 893 4395 nec
920 4321 1046 4411 scivit,
1074 4349 1143 4396 nec
1170 4320 1312 4396 audivit
1339 4318 1412 4396 dici
1438 4336 1525 4396 ante
1552 4318 1770 4424 cuprionem

349 4478 496 4538 eorum,
520 4451 608 4526 licet
620 4450 745 4556 aliqua
759 4449 887 4526 illicita
910 4450 1008 4526 dicat
1021 4478 1059 4526 se
1078 4450 1191 4527 luisse
1204 4449 1422 4527 confessum
1443 4476 1569 4525 coram
1586 4448 1687 4525 dictu
1702 4446 1772 4525 do-

349 4582 453 4656 mino
470 4583 644 4687 episcopo
660 4583 905 4669 Xantonensi,
929 4601 1082 4689 propter
1101 4583 1257 4659 carceris
1281 4581 1533 4686 asperitatem,
1556 4597 1594 4656 et
1616 4597 1770 4686 propter

348 4729 531 4786 terrorem
560 4713 625 4816 qui
656 4713 702 4788 ab
731 4712 812 4789 aliis
836 4741 948 4819 quarn
979 4742 997 4788 a
1024 4714 1125 4790 dicto
1151 4714 1309 4790 domino
1335 4712 1515 4817 episeopo
1536 4709 1770 4787 inferebatur

349 4841 484 4917 eidem.
501 4841 611 4933 Item,
626 4842 716 4918 dixit
731 4844 832 4949 quod
844 4845 924 4949 ipse
936 4843 1032 4919 bene
1047 4845 1224 4922 credebat
1235 4842 1494 4921 ecclesiasticis
1508 4841 1763 4930 sacramentis,
