4236 5948
729 529 925 625 procas
952 547 1048 620 nas
1074 546 1375 620 reuertens.
1691 549 1760 620 17³

345 722 419 804 quo
435 692 558 770 luerat
575 691 816 798 inquisitum,
843 688 1037 768 absolutus
1061 707 1098 766 et
1124 685 1382 766 reconciliatus
1400 710 1469 792 per
1489 684 1687 763 dominum
1708 716 1764 763 ar-

344 824 624 931 chiepiscopum
645 823 925 912 Turonensem,
947 818 1056 897 lectis
1077 836 1114 896 et
1134 806 1335 926 diligenter
1358 815 1533 923 expositis
1553 815 1623 893 sibi
1644 819 1764 895 omni-

342 953 412 1032 bus
444 969 484 1030 et
510 949 667 1058 singulis
697 950 880 1040 articulis,
910 949 1104 1057 respondit
1132 978 1172 1027 sc
1204 950 1365 1039 nescire,
1392 974 1462 1023 nec
1490 946 1662 1038 credere,
1694 977 1763 1025 nec

209 1145 213 1151 .
256 1095 261 1101 “
343 1082 524 1159 audivisse
553 1080 626 1157 dici
652 1080 700 1157 de
730 1081 917 1158 contentis
940 1081 980 1156 in
1008 1079 1115 1157 dictis
1147 1077 1313 1158 articulis
1342 1078 1412 1152 nisi
1448 1076 1552 1183 quod
1579 1077 1760 1184 sequitur.

342 1212 443 1291 Dixit
475 1210 594 1300 enim,
621 1211 894 1317 protestacione
916 1211 1095 1317 premissa
1115 1210 1222 1316 quod
1245 1237 1322 1288 non
1351 1207 1514 1285 intendit
1540 1208 1717 1286 recedere
1741 1239 1763 1287 a

343 1339 580 1449 deposicione
613 1368 681 1447 per
715 1369 804 1418 eum
839 1340 931 1418 lacta
972 1369 1096 1419 coram
1132 1340 1233 1417 dicto
1271 1340 1426 1419 domino
1461 1338 1759 1445 archiepiscopo,

342 1473 446 1580 quod
463 1470 542 1576 ipse
559 1468 683 1548 luerat
696 1487 869 1577 receptus
886 1471 925 1547 in
944 1469 1084 1578 capella
1104 1472 1201 1548 dicte
1221 1469 1357 1548 domus
1378 1470 1425 1546 de
1442 1471 1588 1576 Frotay,
1610 1470 1647 1544 in
1666 1470 1761 1548 lesto

341 1602 450 1680 beate
474 1601 678 1678 Katherine
703 1601 874 1709 proximo
901 1602 1080 1708 preterito
1100 1600 1256 1679 luerunt
1275 1627 1344 1679 xxv
1372 1599 1458 1677 anni
1480 1598 1539 1675 vel
1563 1599 1673 1690 circa,
1693 1630 1761 1707 per

343 1731 495 1808 fratrem
515 1731 725 1808 lohannem
747 1731 795 1808 de
821 1730 946 1840 Soday
966 1731 1128 1809 militem
1151 1731 1360 1837 quondam,
1378 1747 1637 1836 preceptorem
1662 1732 1760 1808 dicte

344 1861 495 1948 domus,
520 1859 758 1967 presentibus
789 1859 966 1939 fratribus
989 1861 1108 1939 Adam
1136 1859 1316 1966 clavigero
1348 1858 1445 1935 dicte
1473 1859 1626 1951 domus,
1653 1862 1761 1967 Hym-

343 1989 451 2068 berto
469 1991 607 2098 Boysso
631 2010 668 2067 et
687 1993 797 2069 Petro
816 1992 1009 2099 Fangeyro
1028 1991 1291 2079 servientibus,
1312 1989 1527 2079 deffunctis,
1544 2007 1582 2065 ct
1599 1990 1640 2065 in
1659 1991 1761 2068 hunc

344 2121 531 2198 modum:
560 2149 648 2198 nam
680 2149 766 2198 cum
796 2122 1048 2228 requisivisset
1075 2120 1293 2226 frequenter
1324 2147 1459 2227 panem
1491 2136 1528 2195 et
1554 2149 1689 2226 aquam
1724 2140 1762 2197 ct

343 2251 558 2329 societatem
578 2250 740 2342 ordinis,
763 2267 801 2328 et
820 2249 1017 2329 obtulisset
1032 2279 1071 2327 se
1089 2250 1184 2327 velle
1204 2249 1286 2327 fieri
1308 2277 1454 2326 servum
1471 2247 1656 2326 esclavum
1672 2250 1760 2343 Dei,

343 2381 451 2459 beate
466 2380 583 2458 Marie
604 2397 642 2458 et
659 2380 816 2471 ordinis,
846 2399 884 2459 et
905 2381 1074 2488 predicto
1102 2381 1134 2457 ei
1156 2380 1261 2487 quod
1284 2379 1383 2457 bene
1404 2378 1630 2457 deliberaret
1649 2409 1760 2487 supra

344 2511 458 2599 dicta,
480 2511 515 2587 ci
531 2510 773 2589 concessisset
793 2510 915 2588 dictus
935 2527 1119 2616 receptor,
1138 2508 1226 2586 lecit
1244 2537 1333 2586 eum
1351 2535 1481 2585 vovere
1501 2526 1538 2584 et
1553 2511 1682 2618 jurare
1703 2540 1762 2587 ca-

344 2642 524 2730 stitatem,
546 2639 824 2728 obedienciam,
845 2641 966 2719 vivere
986 2642 1066 2719 sine
1085 2640 1256 2748 proprio,
1278 2657 1317 2717 et
1332 2640 1436 2746 quod
1456 2656 1618 2717 servaret
1639 2639 1761 2719 bonos

344 2799 434 2847 usus
459 2770 528 2876 qui
556 2786 648 2846 tunc
677 2786 784 2847 erant
804 2770 842 2845 in
860 2771 1012 2859 ordine,
1039 2788 1077 2847 et
1100 2769 1166 2876 qui
1187 2770 1473 2875 imponerentur
1496 2770 1760 2848 cumconsilio

343 2899 552 3005 probomm
570 2898 729 2991 ordinis3
751 2915 790 2976 et
809 2899 984 3006 imposito
1005 2899 1038 2975 ei
1064 2898 1258 2989 mantello,
1285 2898 1363 3004 ipse
1391 2914 1429 2973 et
1450 2896 1581 2975 fratres
1600 2915 1761 2978 astantes

346 3030 501 3106 luerunt
521 3056 609 3106 eum
628 3027 785 3106 osculati
803 3028 843 3104 in
869 3057 952 3121 ore3
980 3046 1018 3106 et
1042 3056 1088 3106 eo
1106 3028 1288 3106 instructo
1310 3026 1470 3137 qualiter
1493 3046 1640 3136 regeret
1663 3031 1760 3106 sein

343 3147 492 3247 ordine,
522 3159 645 3236 dictus
680 3176 862 3266 receptor,
898 3161 1008 3238 certis
1045 3159 1325 3238 remanentibus
1360 3160 1399 3236 in
1437 3159 1591 3267 capella,
1627 3189 1760 3240 vocans

342 3290 465 3394 ipsum
492 3304 626 3367 testem
654 3307 756 3368 retro
786 3289 916 3381 altare,
949 3290 1116 3398 precepit
1135 3291 1169 3367 ei
1199 3293 1304 3398 quod
1330 3290 1533 3398 abnegaret
1557 3293 1695 3383 Deum,
1723 3315 1760 3373 et

342 3418 420 3524 ipse
440 3417 636 3526 abnegavit
659 3419 809 3510 dolens,
832 3448 898 3497 ore
918 3449 995 3498 non
1015 3421 1145 3511 corde,
1165 3438 1209 3498 ut
1236 3422 1339 3499 dixit.
1361 3422 1507 3500 Deinde
1539 3425 1708 3532 precepit
1725 3431 1759 3505 ei

342 3548 446 3655 quod
476 3566 629 3655 spueret
652 3578 766 3656 super
795 3550 998 3657 quamdam
1029 3579 1178 3629 crucem
1208 3551 1371 3662 ligneam
1401 3553 1440 3630 in
1470 3582 1544 3659 qua
1572 3582 1649 3632 non
1682 3575 1761 3634 erat

341 3705 475 3785 ymago
494 3678 685 3767 Crucifixi,
712 3680 752 3756 in
773 3696 912 3758 terram
932 3681 1108 3786 positam,
1136 3699 1173 3759 et
1198 3682 1277 3788 ipse
1301 3683 1405 3759 testis
1430 3684 1531 3789 spuit
1553 3711 1630 3762 non
1649 3714 1760 3794 supra

342 3809 409 3885 sed
425 3809 530 3916 juxta
559 3839 653 3888 eam.
676 3811 808 3890 Postea
828 3811 920 3888 dixit
940 3813 973 3888 ei
1003 3815 1108 3919 quod
1134 3829 1280 3920 poterat
1306 3813 1482 3892 fratribus
1509 3816 1652 3894 ordinis
1681 3844 1760 3896 car·
1887 3798 1892 3807 ’

342 3938 478 4017 naliter
499 3943 731 4020 commisceri
753 3959 792 4019 et
813 3942 884 4049 ipsi
905 3972 990 4019 cum
1015 3971 1078 4033 θος
1100 3944 1172 4022 hoc
1189 3960 1315 4021 tamen
1336 3973 1412 4023 non
1433 3945 1536 4038 lecit,
1558 3975 1628 4024 nec
1643 3951 1761 4028 credit

341 4067 445 4174 quod
458 4069 499 4146 in
518 4070 651 4149 ordine
669 4071 788 4150 lieret.
806 4073 909 4151 Dixit
926 4090 1053 4149 tamen
1072 4074 1194 4151 dictus
1214 4091 1386 4180 receptor
1405 4074 1528 4152 eidem
1549 4077 1634 4153 testi
1655 4078 1759 4183 quod

264 4304 276 4313 .
340 4199 508 4304 predicta
529 4220 636 4279 erant
664 4201 710 4279 de
735 4204 884 4309 punctis
907 4202 1066 4295 ordinis,
1097 4223 1134 4283 et
1166 4205 1258 4282 dixit
1284 4205 1387 4282 idem
1415 4205 1520 4282 testis
1543 4233 1582 4282 se
1607 4207 1759 4284 credere

341 4327 445 4433 quod
469 4327 585 4437 aliqui
618 4331 877 4438 reciperentur
904 4333 1112 4411 secundum
1144 4335 1302 4411 modum
1329 4334 1542 4441 predictum
1572 4353 1611 4413 et
1643 4336 1759 4443 aliqui

341 4485 435 4546 non,
459 4459 549 4566 quia
567 4461 708 4538 audivit
726 4462 800 4539 dici
829 4463 875 4540 ab
894 4461 1085 4570 aliquibus
1104 4463 1283 4541 fratribus
1310 4464 1453 4542 ordinis
1472 4466 1577 4570 quod
1595 4466 1761 4571 predicta

340 4587 468 4667 illicita
495 4590 766 4670 intervenirent
792 4593 831 4668 in
859 4593 1142 4700 recepcionibus
1172 4623 1304 4673 eorum
1331 4594 1390 4671 vel
1412 4611 1512 4701 post,
1540 4613 1577 4672 ct
1602 4596 1650 4673 ab
1678 4596 1760 4675 aliis

341 4712 570 4796 contrarium
588 4753 596 4799 ε
613 4721 662 4799 de
684 4721 873 4801 dictorum
902 4740 1029 4800 tamen
1049 4723 1205 4801 fratrum
1232 4722 1451 4801 nominibus
1482 4753 1559 4803 non
1587 4727 1759 4804 recorda·

341 4866 411 4927 tur.
435 4852 652 4959 Requisitus
678 4854 708 4931 si
729 4854 871 4932 viderat
895 4852 1042 4961 aliquos
1071 4854 1162 4934 alios
1182 4855 1295 4961 recipi
1325 4855 1364 4931 in
1385 4856 1537 4944 ordine,
1563 4857 1758 4963 respondit
