4236 5948
731 498 1049 607 procusum
1075 476 1372 606 murmuras}
1687 535 1760 607 sor

346 671 499 763 collum,
523 690 560 749 et
575 687 704 778 postea
716 671 821 749 duxit
832 703 918 753 eum
932 691 1032 750 retro
1046 672 1238 780 quoddam
1250 674 1378 762 altare,
1393 671 1473 748 aliis
1482 672 1763 750 remanentibus

345 822 383 885 et-
394 804 571 910 dispersis
586 829 654 908 per
669 803 863 908 capellam3
878 822 970 882 tunc
982 803 1071 882 facit
1086 830 1125 881 se
1139 803 1298 882 osculari
1313 803 1360 881 ab
1371 803 1452 910 ipso
1469 818 1621 908 recepto
1639 801 1762 908 primo

345 935 465 1012 inore
487 950 627 1038 etpost
646 933 685 1010 in
704 933 778 1010 fine
799 934 906 1040 spine
930 934 1049 1023 dorsi,
1071 935 1188 1011 tercio
1203 933 1241 1009 in
1257 933 1453 1021 umbilico,
1472 950 1509 1011 et
1527 948 1657 1038 postea
1677 932 1764 1010 fecit

344 1064 414 1144 sibi
429 1062 589 1142 osculari
603 1062 754 1141 librum.
773 1065 873 1142 Dixit
889 1066 1004 1142 eciam
1016 1092 1084 1171 per
1095 1064 1349 1170 juramentum
1363 1091 1474 1140 suum
1485 1063 1604 1169 quod,
1617 1081 1761 1141 ostensa

344 1195 415 1275 sibi
436 1195 599 1301 quadam
621 1223 729 1271 cruce
751 1195 788 1271 in
810 1224 883 1301 qua
904 1212 983 1273 erat
1001 1222 1133 1300 ymago
1155 1194 1337 1281 crucifixi,
1363 1193 1476 1300 peciit
1500 1191 1547 1270 ab
1568 1220 1613 1270 eo
1633 1210 1761 1269 utrum

345 1324 513 1403 crederet
530 1323 570 1399 in
590 1323 698 1401 illum
719 1325 825 1431 cujus
844 1353 976 1430 ymago
996 1325 1048 1402 ibi
1071 1343 1159 1401 erat.
1182 1326 1272 1418 Qui,
1295 1324 1382 1401 licet
1402 1321 1640 1429 responderit
1660 1323 1762 1428 quod

345 1455 411 1546 sic,
440 1453 707 1530 nichilominus
746 1453 961 1560 compulsus
989 1454 1061 1531 luit
1090 1483 1157 1560 per
1176 1482 1265 1531 eum
1290 1454 1337 1532 ad
1364 1452 1625 1559 abnegandum
1652 1452 1762 1532 Chri-

344 1601 460 1673 stum,
482 1584 587 1691 quod
605 1583 742 1661 invitus
761 1583 865 1674 lecit3
888 1586 954 1663 sed
974 1586 1053 1690 ipse
1073 1584 1286 1661 minabatur
1304 1585 1375 1662 sibi
1386 1583 1496 1690 quod
1512 1583 1583 1660 nisi
1604 1582 1758 1671 laceret,

345 1715 422 1821 ipse
436 1730 595 1819 poneret
610 1742 697 1791 eum
716 1715 756 1790 in
777 1742 920 1792 carcere
936 1733 1120 1822 perpetuo
1138 1747 1146 1790 ε
1164 1731 1202 1791 et
1220 1714 1307 1791 lecit
1322 1742 1408 1790 eum
1424 1715 1551 1822 jurare
1567 1713 1670 1820 quod
1691 1714 1761 1789 hoc
1868 1722 1871 1727 “

345 1871 536 1951 uunquam
556 1844 666 1921 alicui
686 1845 877 1922 revelaret.
903 1846 1003 1922 Dixit
1018 1846 1135 1921 eciam
1154 1871 1221 1950 per
1240 1845 1496 1951 jurameutum
1519 1871 1631 1920 suum
1658 1843 1761 1949 quod

345 1974 374 2051 si
384 1991 510 2080 posset
521 1975 691 2062 evadere,
705 2003 783 2053 non
795 1975 951 2052 lecisset.
963 1976 1063 2053 Dixit
1072 1975 1188 2052 eciam
1199 2002 1267 2080 per
1272 1977 1647 2082 juramentumsuum
1659 1972 1761 2078 quod

343 2102 430 2181 lecit
449 2131 538 2180 eum
558 2103 616 2180 bis
638 2133 774 2209 spuere
794 2133 905 2210 supra
926 2134 1091 2193 crucem;
1122 2122 1159 2181 et
1180 2104 1293 2182 tercia
1314 2105 1392 2181 vice
1420 2132 1496 2180 non
1523 2101 1624 2209 spuit
1650 2130 1761 2207 supra

345 2260 511 2320 crucem,
541 2233 608 2310 sed
635 2235 682 2310 ad
705 2253 855 2312 terram.
884 2236 986 2313 Dixit
1014 2237 1131 2312 eciam
1151 2263 1220 2340 per
1239 2235 1498 2342 juramentum
1521 2259 1636 2310 suum
1658 2232 1762 2339 quod

346 2361 464 2440 dictus
485 2363 670 2469 recipiens
694 2364 788 2442 dixit
812 2365 882 2442 sibi
908 2364 1011 2471 quod
1036 2394 1120 2442 cum
1142 2364 1337 2469 oportebat
1359 2364 1483 2467 ipsum
1509 2361 1702 2440 interdum
1721 2389 1761 2437 se

245 2492 249 2505 ”
344 2491 534 2570 absentare
550 2511 586 2570 et
606 2495 659 2569 ire
675 2494 723 2570 ad
741 2494 878 2571 multas
899 2495 1059 2572 diversas
1070 2511 1207 2601 partes,
1225 2494 1256 2570 si
1272 2494 1505 2601 contingeret
1519 2491 1622 2597 quod
1638 2490 1761 2597 aliqua

344 2620 511 2699 voluntas
530 2624 587 2698 vel
604 2623 736 2729 aliquis
755 2643 881 2701 motus
901 2625 1054 2701 carnalis
1075 2639 1243 2700 moveret
1262 2652 1366 2710 eum,
1389 2638 1515 2727 posset
1528 2619 1665 2696 habere
1680 2647 1760 2696 rem

344 2778 429 2829 cum
445 2750 570 2858 aliquo
587 2752 633 2829 de
649 2753 760 2830 sociis
779 2755 855 2830 suis
870 2754 1058 2842 iratribus,
1082 2769 1119 2830 et
1137 2780 1215 2829 non
1233 2781 1318 2829 cum
1334 2750 1570 2828 mulieribus.
1591 2749 1763 2854 Requisi-

343 2897 542 2959 tusutmm
563 2883 689 2960 credat
707 2884 812 2990 quod
826 2912 958 2962 omnes
978 2883 1038 2960 alii
1059 2885 1109 2960 ita
1129 2884 1364 2987 recipiantur,
1382 2882 1474 2958 dixit
1487 2908 1555 2986 per
1570 2880 1762 2987 juramen-

343 3028 425 3088 tum
440 3040 551 3089 suum
569 3013 673 3118 quod
692 3015 811 3090 credit
826 3015 930 3120 quod
949 3015 1012 3092 sic.

397 3141 648 3248 Interrogatus
658 3171 726 3248 por
736 3145 991 3249 juramentum
1000 3171 1112 3238 suum
1127 3159 1256 3219 utrum
1266 3142 1319 3229 vi,
1337 3140 1394 3217 vel
1409 3158 1514 3218 metu
1534 3140 1690 3217 carceris
1703 3140 1761 3216 vel

342 3286 631 3359 tormentorum,
654 3289 718 3349 aut
733 3273 802 3349 alia
818 3274 865 3350 de
882 3301 1005 3361 causa,
1020 3272 1183 3377 aliquam
1198 3270 1397 3348 falsitatem
1418 3269 1551 3348 dixerit
1563 3269 1622 3346 vel
1644 3270 1763 3346 immi-

341 3401 479 3479 scuerit
493 3401 531 3477 in
552 3403 793 3507 deposicione
814 3431 896 3490 sua,
913 3421 978 3480 aut
991 3402 1147 3478 tacuerit
1160 3402 1367 3490 veritatem,
1382 3400 1476 3477 dixit
1494 3428 1562 3505 per
1574 3400 1763 3506 juramen-

342 3547 422 3609 tum
441 3559 551 3608 suum
571 3532 676 3637 quod
700 3560 796 3620 non3
818 3532 934 3610 immo
956 3532 1047 3608 dixit
1065 3559 1198 3637 puram
1217 3531 1409 3608 veritatem
1432 3549 1584 3637 propter
1605 3529 1760 3606 salutem

345 3687 466 3737 anime
487 3689 565 3739 sue.

396 3920 491 3997 Item
511 3918 622 3995 srater
641 3921 771 3996 Petrus
795 3919 841 3995 de
870 3920 1029 4025 Arblayo
1062 3919 1275 3997 Parisiensis
1306 3919 1481 4008 diocesis,
1511 3919 1617 3995 etatis
1643 3919 1761 3996 xluutr

342 4073 539 4136 annorum,
560 4065 604 4125 ut
624 4048 785 4134 dicebat,
806 4047 941 4124 eodem
956 4048 1071 4125 modo
1082 4050 1227 4155 juratus
1243 4049 1341 4131 dese
1357 4065 1395 4124 et
1409 4048 1490 4124 aliis
1500 4049 1539 4125 in
1550 4074 1658 4123 causa
1670 4046 1759 4123 fidei

343 4175 467 4255 dicere
488 4179 697 4266 veritatem,
719 4179 923 4283 requisitus
947 4179 993 4254 de
1017 4195 1187 4283 ternpore
1216 4196 1254 4255 et
1276 4177 1392 4256 modo
1409 4162 1645 4283 'recepcionis
1667 4204 1754 4263 sue,

342 4305 436 4385 dixit
456 4335 523 4413 per
542 4309 798 4413 juramentum
826 4338 938 4385 suum
958 4309 1062 4415 quod
1086 4336 1205 4385 annus
1227 4325 1283 4385 est
1302 4309 1446 4414 elapsus
1468 4306 1572 4415 quod
1590 4324 1759 4412 receptus

342 4436 412 4514 luit
429 4439 530 4544 apud
551 4440 782 4545 Soysiacum,
799 4466 868 4544 per
888 4438 1037 4517 fratrem
1051 4439 1260 4518 Jobannem
1280 4439 1572 4523 thesaurarium,
1588 4454 1758 4542 presente

341 4566 452 4645 fratre
473 4568 672 4674 liudulpho
697 4587 891 4674 receptore
911 4570 1129 4676 Campanie‚
1156 4586 1194 4646 et
1212 4569 1291 4646 aliis
1310 4567 1487 4649 fratribus
1506 4567 1604 4644 dicte
1625 4566 1757 4645 domus

342 4698 389 4775 de
411 4726 576 4805 quorum
596 4701 811 4778 nominibus
831 4729 906 4780 non
926 4701 1068 4779 recolit.
1093 4702 1194 4781 Dixit
1223 4701 1339 4777 eciam
1366 4701 1485 4806 quod,
1515 4719 1598 4804 post
1622 4698 1758 4776 multas

342 4830 607 4944 promissiones
622 4830 669 4906 de
690 4829 928 4908 observandis
948 4833 1091 4908 statutis
1107 4848 1145 4908 et
1163 4830 1314 4909 secretis
1331 4829 1489 4918 ordinis,
1510 4828 1581 4910 luit
1600 4829 1670 4907 sibi
1687 4845 1761 4905 tra-

1539 4979 1589 5061 39.
