4236 5948
344 549 417 623 aas
739 528 935 621 Procas
960 543 1056 615 uns
1081 543 1381 616 rennuens,

336 690 501 796 juratus,
523 705 567 764 ut
587 686 800 793 principalis
821 686 869 763 de
889 686 1029 791 seipso,
1051 702 1089 761 et
1105 703 1149 763 ut
1168 685 1272 764 testis
1292 684 1339 760 de
1360 681 1458 773 aliis,
1479 711 1592 791 super
1611 685 1776 763 articulis

341 847 454 926 super
472 817 613 927 quibus
629 817 920 923 interrogabitur
939 815 1105 923 plenam,
1130 844 1271 893 meram
1290 832 1328 892 et
1350 842 1482 921 puram
1504 813 1629 892 dicere
1644 816 1777 893 verita·

233 996 236 1001 ·
341 953 437 1039 tem,
465 950 558 1027 dixit
577 967 615 1026 et
638 948 814 1054 deposuit
843 966 885 1024 ut
909 948 1101 1054 sequitur:

398 1081 583 1187 Expositis
596 1080 717 1185 primo
737 1079 809 1157 sibi
826 1078 990 1156 articulis
1004 1079 1042 1163 in
1057 1078 1200 1185 vulgari
1211 1110 1225 1179 z·
1236 1107 1350 1186 super
1368 1080 1493 1186 primo
1508 1074 1778 1176 articulo-dixit

344 1231 379 1291 et
398 1213 543 1319 negavit
563 1238 667 1300 eum,
692 1228 730 1287 et
744 1210 868 1288 omnia
889 1227 927 1286 et
942 1209 1086 1316 singula
1102 1226 1275 1287 contenta
1292 1211 1331 1287 in
1351 1238 1410 1287 ec.

398 1344 455 1420 Ad
475 1369 623 1419 rr—uu
643 1341 821 1419 articulos
844 1341 1023 1418 inclusive
1044 1340 1291 1447 respondens,
1317 1340 1566 1448 interrogatus
1588 1369 1675 1435 cum
1695 1340 1778 1419 dili-

317 1506 320 1511 <
341 1474 488 1580 gencia,
506 1473 651 1580 negavit
670 1500 736 1549 eos
756 1489 793 1548 et
812 1471 937 1549 omnia
957 1487 995 1547 et
1015 1470 1159 1577 singula
1179 1489 1351 1552 contenta
1370 1472 1410 1547 in
1430 1471 1496 1549 eis.
1603 1509 1607 1516 ·
1714 1578 1718 1585 Ι

397 1604 456 1682 ad
464 1629 595 1683 v-vu
605 1601 782 1680 articulos
792 1600 971 1678 inclusive
982 1592 1729 1709 respondensinterrogatus,negavit'eos
1739 1619 1777 1679 et

342 1734 467 1812 omnia
484 1752 521 1811 et
535 1733 677 1840 singula
691 1747 863 1811 contenta
878 1731 916 1807 in
926 1731 1003 1820 eis,
1024 1759 1191 1809 asserens
1207 1731 1407 1809 Christum·
1416 1760 1566 1840 passum
1582 1730 1697 1810 luisse
1705 1750 1774 1840 p'ro

341 1865 601 1973 redemptione
617 1864 771 1973 humani
787 1862 952 1971 generis,
966 1890 1043 1940 non
1059 1890 1129 1969 pro
1147 1862 1353 1942 sceleribus
1363 1863 1480 1971 ipsius
1489 1862 1628 1942 Christi
1643 1863 1772 1942 lhesu.

396 1994 455 2073 td
475 2022 537 2074 viu
557 1994 756 2072 articulum
774 1992 1021 2098 respondens,
1053 1994 1200 2100 negavit
1219 1996 1345 2101 ipsum
1372 1994 1556 2111 etompia
1577 2011 1614 2072 et
1630 1992 1775 2103 singula

342 2144 515 2223 contenta
534 2129 573 2204 in
592 2155 650 2205 eo.
1204 2111 1208 2122 ⁵
1625 2206 1628 2211 ,

398 2255 465 2341 Ad.
476 2284 631 2336 1x-xur
641 2256 818 2334 articulos
837 2256 1015 2334 inclusive
1036 2256 1237 2366 diligenter
1257 2257 1520 2367 interrogatus,
1542 2256 1690 2366 negavit
1709 2284 1774 2334 eos

343 2406 380 2465 et
399 2389 527 2467 omnia
547 2405 585 2464 et
606 2386 751 2494 singula
770 2404 943 2466 contenta
964 2387 1083 2468 ineis.
1232 2474 1233 2478 Ἴ
1584 2413 1586 2417 ’

398 2519 457 2596 Ad
476 2545 679 2596 xun--xrx
698 2517 873 2596 articulos
891 2517 1068 2596 inclusive
1090 2517 1292 2625 diligenter
1312 2535 1350 2596 et
1362 2517 1549 2626 sigillatim
1571 2518 1774 2626 interroga·

342 2668 417 2739 tus,
453 2649 600 2756 negavit
620 2675 685 2726 eos
695 2665 733 2724 et
742 2648 868 2727 omnia
886 2666 924 2726 et
935 2646 1081 2756 singula
1096 2667 1269 2726 contenta
1288 2650 1327 2726 in
1349 2650 1415 2727 eis.

398 2781 455 2858 Ad
482 2807 666 2859 xx—xxnt
692 2779 868 2867 articulos
888 2779 1064 2857 inclusive
1086 2780 1285 2888 diligenter
1307 2799 1345 2860 et
1366 2779 1551 2889 sigillatim
1572 2781 1774 2889 interroga-

306 2969 309 2973 ·
341 2930 418 3003 tus,
437 2912 586 3019 negavit
604 2940 669 2989 eos
685 2929 722 2988 et
740 2912 869 2990 omnia
889 2928 928 2988 et
944 2910 1091 3019 singula
1111 2929 1284 2990 contenta
1297 2913 1335 2993 in
1356 2912 1427 3002 eis,
1448 2911 1612 2990 adiciens
1625 2912 1730 3020 quod
1743 2913 1772 2988 si

342 3043 517 3150 Magister
534 3043 656 3152 major
680 3041 823 3121 ordinis
842 3042 990 3150 Templi
1012 3041 1204 3121 consessus
1224 3061 1281 3120 est
1300 3044 1499 3151 predicta„
1511 3043 1608 3145 sicut
1627 3044 1669 3120 in
1687 3044 1775 3121 arti·

342 3172 434 3252 culis
464 3175 686 3266 continetur,
708 3174 813 3280 quod
838 3202 916 3251 non
939 3174 1059 3251 credit
1079 3175 1182 3252 idern
1210 3174 1323 3252 frater
1346 3177 1493 3265 Petrus,
1519 3176 1701 3254 mentitus
1719 3192 1774 3252 est

341 3304 445 3409 idem
467 3307 643 3412 Magister
663 3305 782 3412 major
800 3303 950 3410 Templi
970 3333 1038 3411 per
1056 3306 1183 3413 gulam
1202 3335 1308 3384 suam
1324 3305 1422 3385 falso
1441 3305 1570 3386 modo.

366 3437 457 3513 ‘Ad
481 3463 720 3514 xxx—xxxin
745 3433 919 3512 articulos
942 3435 1120 3513 inclusive
1144 3437 1393 3544 respondens,
1421 3436 1513 3513 dixit
1539 3452 1714 3514 contenta
1733 3436 1772 3512 in

344 3567 399 3645 eis
420 3566 509 3643 falsa
529 3593 627 3658 esse,
648 3563 747 3643 salvo
767 3582 805 3642 et
824 3582 978 3673 excepto
997 3567 1103 3673 quod
1123 3566 1307 3674 recipiens
1327 3566 1517 3657 osculatur
1535 3563 1688 3644 fratrem
1705 3595 1773 3644 no-

342 3699 437 3774 viter
449 3716 641 3804 receptum
658 3698 698 3775 in
713 3683 778 3777 ore
799 3714 962 3787 tantum,
985 3699 1024 3775 in
1044 3699 1192 3807 signum
1212 3699 1313 3778 bone
1332 3698 1422 3777 fidei
1443 3717 1482 3777 et
1497 3697 1659 3777 fraterne
1678 3697 1775 3775 dile-

343 3830 486 3908 ctionis.

397 3959 456 4040 Ad
469 3986 595 4038 xxxun
611 3961 808 4040 articulum
827 3964 1075 4069 respondens,
1095 3963 1188 4041 dixit
1204 3962 1308 4071 quod
1327 3963 1466 4067 recepti
1480 3962 1520 4037 in
1535 3959 1667 4038 inatres
1682 3957 1771 4036 dicti

342 4091 484 4169 ordinis
498 4091 629 4198 jurant
647 4109 819 4198 tempore
839 4092 910 4170 sue
924 4094 1156 4200 recepeionis
1175 4094 1280 4200 quod
1295 4118 1373 4173 non
1394 4092 1551 4175 exibunt
1570 4092 1642 4173 nec
1659 4089 1774 4168 relin-

340 4240 459 4328 quent
479 4222 652 4300 ordinem
679 4223 977 4330 Templan'orum
1001 4254 1071 4332 pro
1094 4226 1168 4315 alio
1192 4225 1323 4331 majori
1344 4223 1402 4302 vel
1422 4222 1586 4315 fortiori,
1615 4221 1676 4300 vel
1703 4250 1792 4328 pro.

341 4354 479 4433 minori
493 4353 551 4433 ,vel
571 4352 751 4434 debiliori
768 4355 914 4433 ordine.
967 4384 970 4389 ’

397 4487 651 4593 Interrogatus
677 4514 792 4593 quare
815 4487 957 4567 dicum
976 4505 1247 4566 sacramentum
1268 4505 1448 4595 prestant,
1469 4512 1556 4582 eum
1576 4487 1624 4563 sit
1642 4502 1769 4564 contre

342 4616 584 4696 interdictum
590 4618 701 4727 juris,
718 4618 839 4695 dantis
853 4619 1048 4697 licenciam
1064 4620 1227 4728 receptis
1243 4620 1293 4698 ad
1304 4615 1534 4726 'religionem
1554 4615 1718 4723 aliquam
1728 4631 1769 4692 ut

342 4748 439 4825 intra
457 4776 614 4838 annum,
636 4750 693 4827 vel
714 4749 753 4826 iu
769 4748 845 4827 fine
860 4752 964 4841 anni,
985 4751 1141 4858 probata
1156 4751 1353 4858 asperitate
1372 4767 1542 4857 suscepto
1559 4745 1769 4853 religionis,

342 4877 444 4964 ittam
450 4879 671 4987 relinquant
680 4883 711 4958 si
722 4879 855 4971 velint,
868 4880 1143 4961 etadsecnlum
1157 4899 1390 4962 revertantur
1402 4882 1497 4959 iutra
1510 4906 1667 4970 annum,
1685 4893 1770 4986 post
