4236 5948
728 525 933 618 ruocts
960 543 1055 615 ons
1081 544 1384 635 annotinas.
1690 547 1764 621 aro

343 682 583 776 observandis
601 702 638 763 et
654 685 813 763 clamide
834 685 905 762 sibi
925 685 1044 790 posita
1062 685 1110 763 ad
1125 684 1281 774 collum,
1304 686 1401 791 ipse,
1421 684 1467 761 de
1486 703 1663 790 precepto
1677 688 1766 779 reci·

341 815 495 924 pientis,
520 815 708 902 osculatus
727 815 799 894 luit
815 815 957 907 dictum
971 814 1214 924 recipientem
1230 816 1354 922 primo
1376 816 1413 891 in
1430 813 1504 891 fine
1520 816 1627 920 spine
1646 795 1764 907 dorsi,

342 945 508 1035 secundo
526 946 565 1029 in
580 946 760 1035 umbilico
776 964 814 1025 et
826 946 937 1023 tertio
956 947 993 1023 in
1009 974 1086 1024 ore.
1100 946 1148 1023 Et
1162 964 1290 1052 postea
1304 945 1468 1051 prelatus
1483 946 1668 1052 recipiens
1680 944 1768 1047 lecit

344 1107 427 1157 eum
448 1078 633 1185 abnegare
660 1077 778 1167 semel
805 1105 954 1163 crucem
975 1074 1046 1154 sibi
1072 1094 1276 1171 ostensam,
1303 1094 1339 1153 et
1363 1076 1588 1183 propositam
1614 1077 1660 1153 ab
1686 1079 1767 1182 ipso

341 1209 544 1314 recipiente
560 1209 715 1293 nomine
731 1236 797 1286 seu
814 1207 964 1284 racione
982 1207 1142 1314 ejusqui
1161 1206 1233 1289 fuit
1248 1207 1291 1304 jn
1308 1235 1350 1282 ea
1366 1205 1580 1302 crucifixus,
1595 1207 1767 1304 videlicet

344 1340 521 1419 dominus
536 1338 671 1429 Jhesus
686 1336 875 1426 Christus,
892 1354 931 1414 et
942 1354 1000 1413 ter
1017 1366 1151 1443 spuere
1170 1365 1280 1443 supra
1297 1366 1391 1414 eam.
1413 1339 1460 1435 Et
1480 1337 1767 1436 decantaverunt

342 1470 524 1578 recipiens
544 1486 581 1546 at
598 1469 661 1557 alii
682 1469 813 1558 fratres
829 1468 920 1555 dicti
941 1469 1084 1546 ordinis
1105 1469 1171 1574 qui
1190 1468 1329 1546 adhoc
1351 1485 1455 1554 erant
1468 1485 1658 1574 presentes
1671 1469 1767 1574 psal·

341 1629 447 1687 mum
474 1602 566 1684 Ecce
592 1601 837 1703 quandonam
867 1614 900 1675 et
927 1627 1030 1701 quam
1051 1599 1238 1705 jocundum
1260 1599 1415 1676 habitere
1429 1600 1564 1702 smtrcs
1584 1606 1619 1675 in
1648 1603 1767 1676 unum!

341 1730 387 1807 Et
405 1730 499 1820 dixit
514 1729 578 1820 ille
599 1730 663 1835 qui
689 1728 869 1836 loquitur,
896 1757 965 1835 per
985 1729 1240 1837 juramentum
1261 1758 1389 1824 suum,
1412 1728 1517 1834 quod
1544 1729 1768 1825 intensionis

341 1887 405 1949 sue
423 1875 502 1947 erat
516 1859 619 1965 quod
639 1859 834 1950 cantabant
855 1858 965 1949 illum
986 1857 1189 1965 psalmum,
1213 1876 1251 1935 et
1270 1860 1343 1936 hoc
1359 1876 1606 1964 preceperunt
1620 1857 1690 1934 sibi
1707 1857 1768 1937 illa

341 1990 553 2079 intencione
569 1989 675 2096 quod
695 2018 794 2067 unus
813 1989 971 2066 haberet
990 2017 1070 2067 rem
1092 1989 1287 2067 carnaliter
1307 1988 1496 2067 eumalio.
1518 1988 1769 2095 Interrogatus

341 2139 468 2205 utrum
484 2120 619 2199 viderit
637 2119 831 2227 quoddam
847 2120 967 2225 capud
986 2120 1093 2228 quod
1114 2119 1301 2213 adoratur,
1325 2135 1368 2195 ut
1389 2118 1536 2207 dicitur,
1557 2118 1769 2201 alratrib'us

343 2250 430 2341 dicti
449 2251 594 2329 ordinis
613 2251 855 2341 existentibus
870 2252 909 2328 in
922 2250 1091 2358 capitulis
1109 2249 1365 2358 generalibus,
1386 2249 1478 2345 dixit
1497 2278 1566 2356 per
1578 2251 1770 2356 juramen·

343 2398 421 2470 urm
440 2410 551 2471 suum
568 2382 672 2488 quod
684 2382 752 2474 sic,
769 2381 970 2473 duodecim
990 2381 1135 2463 vicibus
1151 2383 1189 2459 in
1211 2381 1412 2479 duodecim
1435 2378 1621 2486 capitulis,
1639 2397 1676 2456 et
1691 2409 1770 2486 spe·

343 2510 482 2589 cialiter
496 2512 534 2589 in
555 2511 716 2617 capitulo
732 2512 835 2619 quod
851 2512 924 2601 luit
938 2512 1114 2619 Peridus,
1130 2513 1193 2589 die
1211 2512 1341 2590 Martis
1355 2529 1443 2617 post
1463 2509 1600 2609 festum
1623 2528 1769 2615 aposto·

342 2640 465 2731 lorum
493 2642 592 2733 Petri
619 2660 656 2719 et
682 2642 785 2718 Pauli
817 2642 952 2739 ultimo
985 2643 1220 2748 preteritum.
1259 2644 1512 2746 Interrogatus
1539 2639 1650 2746 quale
1673 2658 1766 2730 erat,

344 2769 432 2848 dixit
451 2772 555 2878 quod
576 2789 633 2849 est
651 2773 845 2880 quoddam
866 2772 986 2879 capud
1003 2802 1089 2865 cum
1110 2771 1225 2852 barba
1245 2770 1350 2879 quod
1366 2770 1536 2858 adorant,
1555 2769 1770 2847 osculantur

344 2918 379 2976 et
397 2917 530 2978 vocant
549 2901 767 2978 salvatorem
786 2931 912 2978 suum.
938 2903 1191 3009 Interrogatus
1211 2901 1275 2979 ubi
1300 2918 1414 2989 esset,
1444 2899 1638 3004 respondit
1663 2899 1768 3007 quod

342 3032 459 3111 nescit
472 3030 541 3109 ubi
554 3032 619 3121 sit,
635 3031 692 3108 vel
708 3031 774 3109 ubi
791 3032 1011 3122 custoditur.
1022 3032 1153 3110 Credit
1167 3049 1293 3108 temen
1311 3031 1417 3138 quod
1431 3058 1586 3137 magnus
1594 3030 1769 3136 Magister

344 3161 499 3253 ordinis,
516 3162 575 3240 ael
595 3161 660 3238 ille
677 3163 743 3268 qui
760 3178 864 3241 tenet
883 3162 1103 3268 capitulum,
1127 3161 1290 3239 custodit
1303 3160 1410 3239 illud.
1424 3161 1509 3254 Quo
1520 3159 1633 3247 sacto,
1647 3160 1769 3236 dictus

343 3291 520 3382 dominus
534 3291 735 3399 inquisitor
747 3292 862 3399 peciit
881 3293 927 3371 ab
943 3321 1011 3387 eo,
1036 3321 1104 3399 per
1115 3291 1372 3398 juramentum
1394 3320 1505 3369 suum
1526 3292 1631 3366 tactis
1649 3318 1770 3367 sacro·

342 3421 476 3511 sanctis
494 3420 701 3529 Evangeliis
721 3422 858 3498 iterum
885 3421 1040 3510 sactum,
1060 3440 1189 3517 ,utrum
1210 3422 1249 3497 in
1272 3421 1511 3528 deposicione
1533 3450 1595 3500 sua
1616 3439 1770 3527 propter

344 3569 543 3642 tormenta,
572 3551 631 3643 vel
650 3568 796 3643 metum
818 3570 1115 3642 tormentorum,
1138 3552 1196 3630 uel
1222 3551 1344 3658 aliqua
1366 3551 1434 3629 alia
1454 3580 1578 3639 causa,
1604 3551 1769 3658 aliquam

344 3682 535 3774 veritatem
559 3683 751 3776 tacuisset,
773 3682 830 3759 vel
848 3682 1050 3778 ¹falsitatem
1070 3683 1336 3771 immiscuisset
1359 3680 1415 3759 vel
1432 3682 1600 3771 dixissen
1622 3682 1688 3790 qui
1715 3708 1769 3758 re·

344 3813 514 3918 spondit,
535 3841 603 3922 per
621 3843 734 3908 suum
750 3813 962 3919 predictum
971 3815 1249 3921 juramentum,
1272 3812 1377 3920 quod
1391 3839 1485 3904 non,
1502 3812 1618 3907 immo
1635 3839 1768 3919 puram

344 3943 535 4034 veritatem
557 3943 697 4023 dixerat
719 3960 756 4033 et
776 3972 931 4031 meram.

398 4072 534 4165 Actum
548 4072 785 4180 presentibus
799 4073 901 4168 dicto
914 4073 1024 4161 fratre
1043 4075 1086 4152 R.
1102 4075 1230 4180 priqre
1252 4073 1299 4151 de
1315 4072 1492 4160 Pissiaco,
1510 4088 1550 4163 et
1563 4067 1769 4153 Guillelmo

343 4201 392 4293 tle
409 4205 618 4312 -llangesto,
640 4222 677 4281 et
693 4203 776 4298 aliis
790 4205 948 4301 testibus
968 4204 1016 4291 ad
1032 4204 1108 4287 boc
1127 4205 1276 4295 vacatis.

399 4466 494 4557 Item
516 4467 628 4547 frater
657 4467 882 4576 Reginaldus
901 4467 949 4562 de
968 4466 1194 4574 Tremblayo
1224 4465 1422 4572 presbiter,
1450 4464 1554 4571 prior
1580 4460 1678 4539 dicte
1704 4458 1771 4538 do·

343 4623 428 4683 mus
445 4597 598 4704 Templi
617 4600 795 4691 Parisius,
815 4600 852 4677 in
876 4599 965 4691 dicti
984 4599 1130 4677 domini
1146 4596 1393 4704 inquisitoris,
1419 4611 1589 4685 nostrum
1613 4590 1773 4669 notario·

345 4754 428 4817 rum
448 4727 689 4834 publicorum
715 4746 754 4806 et
780 4731 933 4807 testium
963 4728 1283 4834 inlmscriptorum
1312 4725 1502 4833 presencia
1525 4721 1772 4831 personaliter

347 4858 586 4949 constitutus,
594 4858 927 4952 annonadjcione,
939 4859 1172 4964 pontificatu,
1186 4885 1281 4951 anno
1292 4875 1329 4933 et
1342 4854 1603 4961 diepredictis,
1613 4853 1651 4929 in
1664 4851 1771 4930 dictis
