<?xml version="1.0" encoding="UTF-8"?>
<!DOCTYPE html PUBLIC "-//W3C//DTD XHTML 1.0 Transitional//EN"
    "http://www.w3.org/TR/xhtml1/DTD/xhtml1-transitional.dtd">
<html xmlns="http://www.w3.org/1999/xhtml" xml:lang="en" lang="en">
 <head>
  <title>
</title>
<meta http-equiv="Content-Type" content="text/html;charset=utf-8" />
  <meta name='ocr-system' content='tesseract 3.04.00' />
  <meta name='ocr-capabilities' content='ocr_page ocr_carea ocr_par ocr_line ocrx_word'/>
</head>
<body>
  <div class='ocr_page' id='page_1' title='image "./procsdestemplie00defegoog_0410.png"; bbox 0 0 4236 5948; ppageno 0'>
   <div class='ocr_carea' id='block_1_1' title="bbox 363 512 1392 610">
    <p class='ocr_par' dir='ltr' id='par_1_1' title="bbox 363 512 1392 610">
     <span class='ocr_line' id='line_1_1' title="bbox 363 512 1392 610; baseline -0.009 -1"><span class='ocrx_word' id='word_1_1' title='bbox 363 534 437 610; x_wconf 84' lang='lat' dir='ltr'>sss</span> <span class='ocrx_word' id='word_1_2' title='bbox 754 512 949 605; x_wconf 74' lang='lat' dir='ltr'>procus</span> <span class='ocrx_word' id='word_1_3' title='bbox 976 531 1070 602; x_wconf 80' lang='lat' dir='ltr'>nes</span> <span class='ocrx_word' id='word_1_4' title='bbox 1096 529 1392 602; x_wconf 80' lang='lat' dir='ltr'>rnnrsruns.</span> 
     </span>
    </p>
   </div>
   <div class='ocr_carea' id='block_1_2' title="bbox 357 668 1847 2213">
    <p class='ocr_par' dir='ltr' id='par_1_2' title="bbox 357 668 1787 1952">
     <span class='ocr_line' id='line_1_2' title="bbox 362 668 1786 780; baseline -0.003 -29"><span class='ocrx_word' id='word_1_5' title='bbox 362 701 473 751; x_wconf 92' lang='lat' dir='ltr'>suum</span> <span class='ocrx_word' id='word_1_6' title='bbox 492 672 596 780; x_wconf 90' lang='lat' dir='ltr'>quod</span> <span class='ocrx_word' id='word_1_7' title='bbox 612 673 815 750; x_wconf 91' lang='lat' dir='ltr'>inhibitum</span> <span class='ocrx_word' id='word_1_8' title='bbox 831 671 903 748; x_wconf 88' lang='lat' dir='ltr'>fuit</span> <span class='ocrx_word' id='word_1_9' title='bbox 917 671 989 748; x_wconf 90' lang='lat' dir='ltr'>sibi</span> <span class='ocrx_word' id='word_1_10' title='bbox 1008 699 1055 746; x_wconf 91' lang='lat' dir='ltr'>ne</span> <span class='ocrx_word' id='word_1_11' title='bbox 1073 671 1261 748; x_wconf 80' lang='lat' dir='ltr'>habitaret</span> <span class='ocrx_word' id='word_1_12' title='bbox 1280 699 1364 747; x_wconf 91' lang='lat' dir='ltr'>cum</span> <span class='ocrx_word' id='word_1_13' title='bbox 1380 668 1619 760; x_wconf 88' lang='lat' dir='ltr'>mulieribus,</span> <span class='ocrx_word' id='word_1_14' title='bbox 1642 689 1706 748; x_wconf 89' lang='lat' dir='ltr'>aut</span> <span class='ocrx_word' id='word_1_15' title='bbox 1720 670 1786 751; x_wconf 92' lang='lat' dir='ltr'>ali-</span> 
     </span>
     <span class='ocr_line' id='line_1_3' title="bbox 360 799 1787 913; baseline -0.001 -31"><span class='ocrx_word' id='word_1_16' title='bbox 360 804 465 913; x_wconf 85' lang='lat' dir='ltr'><strong>quod</strong></span> <span class='ocrx_word' id='word_1_17' title='bbox 486 802 679 881; x_wconf 81' lang='lat' dir='ltr'>servicium</span> <span class='ocrx_word' id='word_1_18' title='bbox 697 802 744 879; x_wconf 86' lang='lat' dir='ltr'>ab</span> <span class='ocrx_word' id='word_1_19' title='bbox 764 802 817 878; x_wconf 92' lang='lat' dir='ltr'>eis</span> <span class='ocrx_word' id='word_1_20' title='bbox 832 803 1030 908; x_wconf 90' lang='lat' dir='ltr'>acciperet,</span> <span class='ocrx_word' id='word_1_21' title='bbox 1047 819 1084 878; x_wconf 90' lang='lat' dir='ltr'>et</span> <span class='ocrx_word' id='word_1_22' title='bbox 1099 801 1310 907; x_wconf 89' lang='lat' dir='ltr'>injunctum</span> <span class='ocrx_word' id='word_1_23' title='bbox 1327 799 1398 877; x_wconf 88' lang='lat' dir='ltr'>fuit</span> <span class='ocrx_word' id='word_1_24' title='bbox 1417 799 1488 877; x_wconf 89' lang='lat' dir='ltr'>sibi</span> <span class='ocrx_word' id='word_1_25' title='bbox 1509 801 1613 906; x_wconf 92' lang='lat' dir='ltr'>quod</span> <span class='ocrx_word' id='word_1_26' title='bbox 1632 803 1664 880; x_wconf 90' lang='lat' dir='ltr'>si</span> <span class='ocrx_word' id='word_1_27' title='bbox 1685 802 1787 880; x_wconf 91' lang='lat' dir='ltr'>calor</span> 
     </span>
     <span class='ocr_line' id='line_1_4' title="bbox 360 930 1785 1038; baseline 0 -27"><span class='ocrx_word' id='word_1_28' title='bbox 360 934 539 1011; x_wconf 89' lang='lat' dir='ltr'>naturalis</span> <span class='ocrx_word' id='word_1_29' title='bbox 559 950 725 1011; x_wconf 89' lang='lat' dir='ltr'>moveret</span> <span class='ocrx_word' id='word_1_30' title='bbox 740 960 846 1023; x_wconf 92' lang='lat' dir='ltr'>eum,</span> <span class='ocrx_word' id='word_1_31' title='bbox 864 933 968 1038; x_wconf 94' lang='lat' dir='ltr'>quod</span> <span class='ocrx_word' id='word_1_32' title='bbox 981 932 1241 1009; x_wconf 90' lang='lat' dir='ltr'>commisceret</span> <span class='ocrx_word' id='word_1_33' title='bbox 1259 961 1298 1008; x_wconf 90' lang='lat' dir='ltr'>se</span> <span class='ocrx_word' id='word_1_34' title='bbox 1319 961 1402 1006; x_wconf 90' lang='lat' dir='ltr'>cum</span> <span class='ocrx_word' id='word_1_35' title='bbox 1414 930 1591 1009; x_wconf 82' lang='lat' dir='ltr'>fratribus</span> <span class='ocrx_word' id='word_1_36' title='bbox 1612 933 1702 1010; x_wconf 89' lang='lat' dir='ltr'>dicti</span> <span class='ocrx_word' id='word_1_37' title='bbox 1723 961 1785 1012; x_wconf 87' lang='lat' dir='ltr'>or-</span> 
     </span>
     <span class='ocr_line' id='line_1_5' title="bbox 364 1062 1784 1170; baseline -0.001 -28"><span class='ocrx_word' id='word_1_38' title='bbox 364 1066 477 1155; x_wconf 85' lang='lat' dir='ltr'>dinis,</span> <span class='ocrx_word' id='word_1_39' title='bbox 499 1082 535 1141; x_wconf 93' lang='lat' dir='ltr'>et</span> <span class='ocrx_word' id='word_1_40' title='bbox 555 1065 627 1141; x_wconf 94' lang='lat' dir='ltr'>hoc</span> <span class='ocrx_word' id='word_1_41' title='bbox 639 1064 685 1140; x_wconf 89' lang='lat' dir='ltr'>ab</span> <span class='ocrx_word' id='word_1_42' title='bbox 702 1063 783 1140; x_wconf 91' lang='lat' dir='ltr'>aliis</span> <span class='ocrx_word' id='word_1_43' title='bbox 797 1080 1000 1168; x_wconf 89' lang='lat' dir='ltr'>pateretur.</span> <span class='ocrx_word' id='word_1_44' title='bbox 1017 1063 1232 1170; x_wconf 86' lang='lat' dir='ltr'>Requisitus</span> <span class='ocrx_word' id='word_1_45' title='bbox 1247 1079 1373 1140; x_wconf 87' lang='lat' dir='ltr'>utrum</span> <span class='ocrx_word' id='word_1_46' title='bbox 1388 1062 1480 1138; x_wconf 92' lang='lat' dir='ltr'>vidit</span> <span class='ocrx_word' id='word_1_47' title='bbox 1495 1063 1640 1168; x_wconf 89' lang='lat' dir='ltr'>aliquos</span> <span class='ocrx_word' id='word_1_48' title='bbox 1653 1064 1784 1142; x_wconf 81' lang='lat' dir='ltr'>fratres</span> 
     </span>
     <span class='ocr_line' id='line_1_6' title="bbox 362 1191 1782 1301; baseline 0 -31"><span class='ocrx_word' id='word_1_49' title='bbox 362 1195 491 1301; x_wconf 84' lang='lat' dir='ltr'>recipi,</span> <span class='ocrx_word' id='word_1_50' title='bbox 522 1194 614 1270; x_wconf 87' lang='lat' dir='ltr'>dixit</span> <span class='ocrx_word' id='word_1_51' title='bbox 632 1193 734 1300; x_wconf 91' lang='lat' dir='ltr'>quod</span> <span class='ocrx_word' id='word_1_52' title='bbox 760 1193 813 1269; x_wconf 90' lang='lat' dir='ltr'>sic</span> <span class='ocrx_word' id='word_1_53' title='bbox 831 1221 968 1282; x_wconf 90' lang='lat' dir='ltr'>unum,</span> <span class='ocrx_word' id='word_1_54' title='bbox 996 1210 1034 1269; x_wconf 88' lang='lat' dir='ltr'>et</span> <span class='ocrx_word' id='word_1_55' title='bbox 1057 1192 1150 1268; x_wconf 89' lang='lat' dir='ltr'>vidit</span> <span class='ocrx_word' id='word_1_56' title='bbox 1170 1192 1274 1298; x_wconf 94' lang='lat' dir='ltr'>quod</span> <span class='ocrx_word' id='word_1_57' title='bbox 1293 1208 1466 1298; x_wconf 88' lang='lat' dir='ltr'>receptus</span> <span class='ocrx_word' id='word_1_58' title='bbox 1489 1191 1561 1269; x_wconf 83' lang='lat' dir='ltr'>fuit</span> <span class='ocrx_word' id='word_1_59' title='bbox 1587 1194 1782 1298; x_wconf 90' lang='lat' dir='ltr'>perillum</span> 
     </span>
     <span class='ocr_line' id='line_1_7' title="bbox 361 1321 1786 1432; baseline 0.002 -31"><span class='ocrx_word' id='word_1_60' title='bbox 361 1325 516 1402; x_wconf 91' lang='lat' dir='ltr'>modum</span> <span class='ocrx_word' id='word_1_61' title='bbox 539 1352 608 1432; x_wconf 90' lang='lat' dir='ltr'>per</span> <span class='ocrx_word' id='word_1_62' title='bbox 627 1353 742 1431; x_wconf 89' lang='lat' dir='ltr'>quem</span> <span class='ocrx_word' id='word_1_63' title='bbox 757 1322 849 1400; x_wconf 82' lang='lat' dir='ltr'>dixit</span> <span class='ocrx_word' id='word_1_64' title='bbox 872 1351 912 1402; x_wconf 92' lang='lat' dir='ltr'>se</span> <span class='ocrx_word' id='word_1_65' title='bbox 939 1321 1052 1400; x_wconf 85' lang='lat' dir='ltr'>luisse</span> <span class='ocrx_word' id='word_1_66' title='bbox 1073 1340 1281 1428; x_wconf 89' lang='lat' dir='ltr'>receptum,</span> <span class='ocrx_word' id='word_1_67' title='bbox 1304 1340 1456 1428; x_wconf 84' lang='lat' dir='ltr'>excepto</span> <span class='ocrx_word' id='word_1_68' title='bbox 1472 1322 1575 1427; x_wconf 93' lang='lat' dir='ltr'>quod</span> <span class='ocrx_word' id='word_1_69' title='bbox 1594 1352 1672 1402; x_wconf 91' lang='lat' dir='ltr'>uon</span> <span class='ocrx_word' id='word_1_70' title='bbox 1693 1324 1786 1403; x_wconf 83' lang='lat' dir='ltr'>vidit</span> 
     </span>
     <span class='ocr_line' id='line_1_8' title="bbox 360 1452 1784 1561; baseline -0.001 -29"><span class='ocrx_word' id='word_1_71' title='bbox 360 1454 455 1561; x_wconf 85' lang='lat' dir='ltr'>quid</span> <span class='ocrx_word' id='word_1_72' title='bbox 472 1454 610 1532; x_wconf 89' lang='lat' dir='ltr'>sactum</span> <span class='ocrx_word' id='word_1_73' title='bbox 634 1453 706 1532; x_wconf 86' lang='lat' dir='ltr'>luit</span> <span class='ocrx_word' id='word_1_74' title='bbox 724 1454 794 1531; x_wconf 91' lang='lat' dir='ltr'>sibi</span> <span class='ocrx_word' id='word_1_75' title='bbox 817 1454 855 1529; x_wconf 91' lang='lat' dir='ltr'>in</span> <span class='ocrx_word' id='word_1_76' title='bbox 881 1452 1117 1543; x_wconf 80' lang='lat' dir='ltr'>abscondit03</span> <span class='ocrx_word' id='word_1_77' title='bbox 1149 1469 1185 1529; x_wconf 89' lang='lat' dir='ltr'>et</span> <span class='ocrx_word' id='word_1_78' title='bbox 1205 1452 1297 1530; x_wconf 84' lang='lat' dir='ltr'>dixit</span> <span class='ocrx_word' id='word_1_79' title='bbox 1315 1480 1383 1560; x_wconf 89' lang='lat' dir='ltr'>per</span> <span class='ocrx_word' id='word_1_80' title='bbox 1394 1455 1647 1560; x_wconf 84' lang='lat' dir='ltr'>juramentum</span> <span class='ocrx_word' id='word_1_81' title='bbox 1670 1483 1784 1532; x_wconf 90' lang='lat' dir='ltr'>suum</span> 
     </span>
     <span class='ocr_line' id='line_1_9' title="bbox 360 1582 1782 1690; baseline 0.001 -29"><span class='ocrx_word' id='word_1_82' title='bbox 360 1584 591 1690; x_wconf 90' lang='lat' dir='ltr'>quodcredit</span> <span class='ocrx_word' id='word_1_83' title='bbox 599 1585 703 1690; x_wconf 93' lang='lat' dir='ltr'>quod</span> <span class='ocrx_word' id='word_1_84' title='bbox 718 1610 847 1662; x_wconf 89' lang='lat' dir='ltr'>omnes</span> <span class='ocrx_word' id='word_1_85' title='bbox 863 1584 924 1661; x_wconf 90' lang='lat' dir='ltr'>alii</span> <span class='ocrx_word' id='word_1_86' title='bbox 936 1584 1066 1660; x_wconf 81' lang='lat' dir='ltr'>fratres</span> <span class='ocrx_word' id='word_1_87' title='bbox 1079 1583 1126 1659; x_wconf 95' lang='lat' dir='ltr'>de</span> <span class='ocrx_word' id='word_1_88' title='bbox 1143 1582 1276 1660; x_wconf 88' lang='lat' dir='ltr'>ordine</span> <span class='ocrx_word' id='word_1_89' title='bbox 1289 1583 1403 1659; x_wconf 88' lang='lat' dir='ltr'>simili</span> <span class='ocrx_word' id='word_1_90' title='bbox 1414 1583 1529 1661; x_wconf 95' lang='lat' dir='ltr'>modo</span> <span class='ocrx_word' id='word_1_91' title='bbox 1542 1585 1782 1690; x_wconf 91' lang='lat' dir='ltr'>recipiantur,</span> 
     </span>
     <span class='ocr_line' id='line_1_10' title="bbox 360 1712 1781 1821; baseline 0.001 -29"><span class='ocrx_word' id='word_1_92' title='bbox 360 1715 449 1821; x_wconf 82' lang='lat' dir='ltr'>quia</span> <span class='ocrx_word' id='word_1_93' title='bbox 464 1743 541 1793; x_wconf 92' lang='lat' dir='ltr'>non</span> <span class='ocrx_word' id='word_1_94' title='bbox 561 1714 681 1792; x_wconf 90' lang='lat' dir='ltr'>credit</span> <span class='ocrx_word' id='word_1_95' title='bbox 695 1715 798 1820; x_wconf 90' lang='lat' dir='ltr'>quod</span> <span class='ocrx_word' id='word_1_96' title='bbox 817 1743 935 1792; x_wconf 89' lang='lat' dir='ltr'>novus</span> <span class='ocrx_word' id='word_1_97' title='bbox 951 1715 1089 1792; x_wconf 90' lang='lat' dir='ltr'>modus</span> <span class='ocrx_word' id='word_1_98' title='bbox 1110 1712 1227 1792; x_wconf 88' lang='lat' dir='ltr'>lactus</span> <span class='ocrx_word' id='word_1_99' title='bbox 1241 1712 1372 1791; x_wconf 88' lang='lat' dir='ltr'>fuisset</span> <span class='ocrx_word' id='word_1_100' title='bbox 1386 1743 1454 1821; x_wconf 95' lang='lat' dir='ltr'>pro</span> <span class='ocrx_word' id='word_1_101' title='bbox 1471 1742 1528 1791; x_wconf 89' lang='lat' dir='ltr'>eo.</span> <span class='ocrx_word' id='word_1_102' title='bbox 1547 1715 1650 1792; x_wconf 84' lang='lat' dir='ltr'>Dixit</span> <span class='ocrx_word' id='word_1_103' title='bbox 1665 1716 1781 1793; x_wconf 88' lang='lat' dir='ltr'>eciam</span> 
     </span>
     <span class='ocr_line' id='line_1_11' title="bbox 357 1843 1782 1952; baseline 0.001 -30"><span class='ocrx_word' id='word_1_104' title='bbox 357 1874 425 1952; x_wconf 93' lang='lat' dir='ltr'>per</span> <span class='ocrx_word' id='word_1_105' title='bbox 439 1845 698 1952; x_wconf 86' lang='lat' dir='ltr'>juramentum</span> <span class='ocrx_word' id='word_1_106' title='bbox 717 1874 826 1922; x_wconf 91' lang='lat' dir='ltr'>suum</span> <span class='ocrx_word' id='word_1_107' title='bbox 845 1845 1048 1952; x_wconf 88' lang='lat' dir='ltr'>requisitus</span> <span class='ocrx_word' id='word_1_108' title='bbox 1068 1844 1173 1951; x_wconf 91' lang='lat' dir='ltr'>quod</span> <span class='ocrx_word' id='word_1_109' title='bbox 1194 1843 1233 1921; x_wconf 91' lang='lat' dir='ltr'>in</span> <span class='ocrx_word' id='word_1_110' title='bbox 1252 1873 1318 1921; x_wconf 93' lang='lat' dir='ltr'>sua</span> <span class='ocrx_word' id='word_1_111' title='bbox 1340 1844 1577 1949; x_wconf 89' lang='lat' dir='ltr'>deposicioue</span> <span class='ocrx_word' id='word_1_112' title='bbox 1600 1846 1651 1934; x_wconf 91' lang='lat' dir='ltr'>vi,</span> <span class='ocrx_word' id='word_1_113' title='bbox 1677 1863 1782 1923; x_wconf 88' lang='lat' dir='ltr'>metu</span> 
     </span>
    </p>

    <p class='ocr_par' dir='ltr' id='par_1_3' title="bbox 357 1961 1847 2213">
     <span class='ocr_line' id='line_1_12' title="bbox 358 1961 1847 2080; baseline 0 -28"><span class='ocrx_word' id='word_1_114' title='bbox 358 1976 512 2053; x_wconf 85' lang='lat' dir='ltr'>carceris</span> <span class='ocrx_word' id='word_1_115' title='bbox 535 1975 593 2053; x_wconf 87' lang='lat' dir='ltr'>vel</span> <span class='ocrx_word' id='word_1_116' title='bbox 619 1992 911 2065; x_wconf 90' lang='lat' dir='ltr'>tormentorum,</span> <span class='ocrx_word' id='word_1_117' title='bbox 932 1975 991 2051; x_wconf 90' lang='lat' dir='ltr'>vel</span> <span class='ocrx_word' id='word_1_118' title='bbox 1017 1974 1088 2051; x_wconf 92' lang='lat' dir='ltr'>alia</span> <span class='ocrx_word' id='word_1_119' title='bbox 1107 2001 1344 2080; x_wconf 88' lang='lat' dir='ltr'>quacumque</span> <span class='ocrx_word' id='word_1_120' title='bbox 1366 1973 1414 2050; x_wconf 91' lang='lat' dir='ltr'>de</span> <span class='ocrx_word' id='word_1_121' title='bbox 1434 2002 1559 2064; x_wconf 91' lang='lat' dir='ltr'>causa,</span> <span class='ocrx_word' id='word_1_122' title='bbox 1581 2003 1658 2052; x_wconf 90' lang='lat' dir='ltr'>non</span> <span class='ocrx_word' id='word_1_123' title='bbox 1689 1974 1782 2052; x_wconf 83' lang='lat' dir='ltr'>dixit</span> <span class='ocrx_word' id='word_1_124' title='bbox 1845 1961 1847 1965; x_wconf 70' lang='lat'>‚</span> 
     </span>
     <span class='ocr_line' id='line_1_13' title="bbox 357 2103 1781 2213; baseline -0.001 -31"><span class='ocrx_word' id='word_1_125' title='bbox 357 2106 415 2185; x_wconf 87' lang='lat' dir='ltr'>vel</span> <span class='ocrx_word' id='word_1_126' title='bbox 436 2106 641 2185; x_wconf 86' lang='lat' dir='ltr'>immiscuit</span> <span class='ocrx_word' id='word_1_127' title='bbox 668 2104 879 2193; x_wconf 85' lang='lat' dir='ltr'>salsitatem,</span> <span class='ocrx_word' id='word_1_128' title='bbox 904 2105 970 2181; x_wconf 91' lang='lat' dir='ltr'>sed</span> <span class='ocrx_word' id='word_1_129' title='bbox 996 2103 1101 2211; x_wconf 93' lang='lat' dir='ltr'>quod</span> <span class='ocrx_word' id='word_1_130' title='bbox 1119 2133 1250 2209; x_wconf 88' lang='lat' dir='ltr'>puram</span> <span class='ocrx_word' id='word_1_131' title='bbox 1271 2121 1308 2181; x_wconf 92' lang='lat' dir='ltr'>et</span> <span class='ocrx_word' id='word_1_132' title='bbox 1328 2104 1509 2213; x_wconf 88' lang='lat' dir='ltr'>integram</span> <span class='ocrx_word' id='word_1_133' title='bbox 1526 2104 1669 2183; x_wconf 85' lang='lat' dir='ltr'>dixerat</span> <span class='ocrx_word' id='word_1_134' title='bbox 1687 2106 1781 2182; x_wconf 88' lang='lat' dir='ltr'>veri-</span> 
     </span>
    </p>
   </div>
   <div class='ocr_carea' id='block_1_3' title="bbox 357 2254 483 2314">
    <p class='ocr_par' dir='ltr' id='par_1_4' title="bbox 357 2254 483 2314">
     <span class='ocr_line' id='line_1_14' title="bbox 357 2254 483 2314; baseline 0 -2"><span class='ocrx_word' id='word_1_135' title='bbox 357 2254 483 2314; x_wconf 89' lang='lat' dir='ltr'>tatem.</span> 
     </span>
    </p>
   </div>
   <div class='ocr_carea' id='block_1_4' title="bbox 342 2497 1780 4960">
    <p class='ocr_par' dir='ltr' id='par_1_5' title="bbox 342 2497 1780 4960">
     <span class='ocr_line' id='line_1_15' title="bbox 413 2497 1780 2605; baseline 0.002 -30"><span class='ocrx_word' id='word_1_136' title='bbox 413 2500 504 2575; x_wconf 88' lang='lat' dir='ltr'>Item</span> <span class='ocrx_word' id='word_1_137' title='bbox 518 2497 630 2575; x_wconf 87' lang='lat' dir='ltr'>lrater</span> <span class='ocrx_word' id='word_1_138' title='bbox 642 2499 828 2575; x_wconf 84' lang='lat' dir='ltr'>lohannes</span> <span class='ocrx_word' id='word_1_139' title='bbox 846 2499 893 2576; x_wconf 89' lang='lat' dir='ltr'>de</span> <span class='ocrx_word' id='word_1_140' title='bbox 913 2498 1082 2588; x_wconf 88' lang='lat' dir='ltr'>Bersees,</span> <span class='ocrx_word' id='word_1_141' title='bbox 1104 2499 1208 2576; x_wconf 89' lang='lat' dir='ltr'>etatis</span> <span class='ocrx_word' id='word_1_142' title='bbox 1221 2525 1279 2576; x_wconf 80' lang='lat' dir='ltr'>xxi</span> <span class='ocrx_word' id='word_1_143' title='bbox 1293 2524 1495 2587; x_wconf 88' lang='lat' dir='ltr'>annorum,</span> <span class='ocrx_word' id='word_1_144' title='bbox 1514 2527 1662 2577; x_wconf 91' lang='lat' dir='ltr'>morans</span> <span class='ocrx_word' id='word_1_145' title='bbox 1679 2501 1780 2605; x_wconf 91' lang='lat' dir='ltr'>apud</span> 
     </span>
     <span class='ocr_line' id='line_1_16' title="bbox 354 2625 1775 2736; baseline 0.003 -32"><span class='ocrx_word' id='word_1_146' title='bbox 354 2626 557 2706; x_wconf 86' lang='lat' dir='ltr'>Feritatem</span> <span class='ocrx_word' id='word_1_147' title='bbox 571 2627 761 2716; x_wconf 89' lang='lat' dir='ltr'>Galcheri,</span> <span class='ocrx_word' id='word_1_148' title='bbox 780 2625 915 2705; x_wconf 90' lang='lat' dir='ltr'>eodem</span> <span class='ocrx_word' id='word_1_149' title='bbox 926 2627 1041 2705; x_wconf 92' lang='lat' dir='ltr'>modo</span> <span class='ocrx_word' id='word_1_150' title='bbox 1051 2628 1214 2735; x_wconf 86' lang='lat' dir='ltr'>juratus,</span> <span class='ocrx_word' id='word_1_151' title='bbox 1232 2629 1455 2706; x_wconf 89' lang='lat' dir='ltr'>constitutus</span> <span class='ocrx_word' id='word_1_152' title='bbox 1465 2630 1775 2736; x_wconf 86' lang='lat' dir='ltr'>etinterrogatus,</span> 
     </span>
     <span class='ocr_line' id='line_1_17' title="bbox 354 2756 1777 2866; baseline 0.001 -32"><span class='ocrx_word' id='word_1_153' title='bbox 354 2756 445 2836; x_wconf 86' lang='lat' dir='ltr'>dixit</span> <span class='ocrx_word' id='word_1_154' title='bbox 465 2788 534 2865; x_wconf 93' lang='lat' dir='ltr'>per</span> <span class='ocrx_word' id='word_1_155' title='bbox 545 2760 802 2866; x_wconf 89' lang='lat' dir='ltr'>juramentum</span> <span class='ocrx_word' id='word_1_156' title='bbox 822 2786 934 2834; x_wconf 91' lang='lat' dir='ltr'>suum</span> <span class='ocrx_word' id='word_1_157' title='bbox 954 2756 1057 2864; x_wconf 90' lang='lat' dir='ltr'>quod</span> <span class='ocrx_word' id='word_1_158' title='bbox 1077 2775 1250 2862; x_wconf 88' lang='lat' dir='ltr'>receptus</span> <span class='ocrx_word' id='word_1_159' title='bbox 1275 2757 1346 2836; x_wconf 88' lang='lat' dir='ltr'>suit</span> <span class='ocrx_word' id='word_1_160' title='bbox 1368 2759 1408 2835; x_wconf 91' lang='lat' dir='ltr'>in</span> <span class='ocrx_word' id='word_1_161' title='bbox 1430 2759 1545 2836; x_wconf 92' lang='lat' dir='ltr'>domo</span> <span class='ocrx_word' id='word_1_162' title='bbox 1566 2758 1613 2836; x_wconf 94' lang='lat' dir='ltr'>de</span> <span class='ocrx_word' id='word_1_163' title='bbox 1633 2758 1777 2865; x_wconf 90' lang='lat' dir='ltr'>Campo</span> 
     </span>
     <span class='ocr_line' id='line_1_18' title="bbox 351 2887 1773 2997; baseline 0.001 -32"><span class='ocrx_word' id='word_1_164' title='bbox 351 2889 510 2980; x_wconf 88' lang='lat' dir='ltr'>Florito,</span> <span class='ocrx_word' id='word_1_165' title='bbox 538 2918 606 2997; x_wconf 90' lang='lat' dir='ltr'>per</span> <span class='ocrx_word' id='word_1_166' title='bbox 627 2887 778 2965; x_wconf 81' lang='lat' dir='ltr'>fratrem</span> <span class='ocrx_word' id='word_1_167' title='bbox 802 2887 1011 2967; x_wconf 89' lang='lat' dir='ltr'>Gerardum</span> <span class='ocrx_word' id='word_1_168' title='bbox 1034 2888 1081 2964; x_wconf 91' lang='lat' dir='ltr'>de</span> <span class='ocrx_word' id='word_1_169' title='bbox 1101 2887 1304 2966; x_wconf 86' lang='lat' dir='ltr'>Villaribus</span> <span class='ocrx_word' id='word_1_170' title='bbox 1325 2905 1582 2995; x_wconf 83' lang='lat' dir='ltr'>preceptorem</span> <span class='ocrx_word' id='word_1_171' title='bbox 1601 2890 1773 2979; x_wconf 80' lang='lat' dir='ltr'>Francis,</span> 
     </span>
     <span class='ocr_line' id='line_1_19' title="bbox 352 3018 1775 3124; baseline 0 -27"><span class='ocrx_word' id='word_1_172' title='bbox 352 3047 388 3098; x_wconf 83' lang='lat' dir='ltr'>tx</span> <span class='ocrx_word' id='word_1_173' title='bbox 413 3038 501 3098; x_wconf 88' lang='lat' dir='ltr'>sunt</span> <span class='ocrx_word' id='word_1_174' title='bbox 530 3048 679 3098; x_wconf 89' lang='lat' dir='ltr'>menses</span> <span class='ocrx_word' id='word_1_175' title='bbox 712 3019 771 3096; x_wconf 90' lang='lat' dir='ltr'>vel</span> <span class='ocrx_word' id='word_1_176' title='bbox 796 3018 890 3095; x_wconf 88' lang='lat' dir='ltr'>circa</span> <span class='ocrx_word' id='word_1_177' title='bbox 916 3018 1046 3124; x_wconf 90' lang='lat' dir='ltr'>elapsi,</span> <span class='ocrx_word' id='word_1_178' title='bbox 1077 3019 1315 3124; x_wconf 88' lang='lat' dir='ltr'>presentibus</span> <span class='ocrx_word' id='word_1_179' title='bbox 1345 3018 1456 3097; x_wconf 86' lang='lat' dir='ltr'>lratre</span> <span class='ocrx_word' id='word_1_180' title='bbox 1488 3019 1690 3098; x_wconf 88' lang='lat' dir='ltr'>Lamberto</span> <span class='ocrx_word' id='word_1_181' title='bbox 1728 3021 1775 3097; x_wconf 90' lang='lat' dir='ltr'>de</span> 
     </span>
     <span class='ocr_line' id='line_1_20' title="bbox 351 3148 1774 3256; baseline 0.001 -31"><span class='ocrx_word' id='word_1_182' title='bbox 351 3151 471 3239; x_wconf 87' lang='lat' dir='ltr'>Toisi,</span> <span class='ocrx_word' id='word_1_183' title='bbox 493 3149 604 3228; x_wconf 83' lang='lat' dir='ltr'>fratre</span> <span class='ocrx_word' id='word_1_184' title='bbox 624 3150 793 3227; x_wconf 87' lang='lat' dir='ltr'>Johanne</span> <span class='ocrx_word' id='word_1_185' title='bbox 819 3164 1037 3254; x_wconf 91' lang='lat' dir='ltr'>preceptore</span> <span class='ocrx_word' id='word_1_186' title='bbox 1058 3149 1106 3226; x_wconf 89' lang='lat' dir='ltr'>de</span> <span class='ocrx_word' id='word_1_187' title='bbox 1128 3148 1286 3239; x_wconf 89' lang='lat' dir='ltr'>Trefou,</span> <span class='ocrx_word' id='word_1_188' title='bbox 1310 3167 1348 3227; x_wconf 90' lang='lat' dir='ltr'>et</span> <span class='ocrx_word' id='word_1_189' title='bbox 1367 3150 1591 3256; x_wconf 85' lang='lat' dir='ltr'>quibusdam</span> <span class='ocrx_word' id='word_1_190' title='bbox 1619 3150 1701 3228; x_wconf 90' lang='lat' dir='ltr'>aliis</span> <span class='ocrx_word' id='word_1_191' title='bbox 1727 3152 1774 3229; x_wconf 90' lang='lat' dir='ltr'>de</span> 
     </span>
     <span class='ocr_line' id='line_1_21' title="bbox 349 3278 1773 3388; baseline 0.002 -31"><span class='ocrx_word' id='word_1_192' title='bbox 349 3309 514 3387; x_wconf 90' lang='lat' dir='ltr'>quorum</span> <span class='ocrx_word' id='word_1_193' title='bbox 533 3279 751 3358; x_wconf 88' lang='lat' dir='ltr'>nominibus</span> <span class='ocrx_word' id='word_1_194' title='bbox 770 3308 847 3357; x_wconf 91' lang='lat' dir='ltr'>non</span> <span class='ocrx_word' id='word_1_195' title='bbox 869 3278 1010 3357; x_wconf 89' lang='lat' dir='ltr'>recolit.</span> <span class='ocrx_word' id='word_1_196' title='bbox 1037 3280 1138 3357; x_wconf 88' lang='lat' dir='ltr'>Dixit</span> <span class='ocrx_word' id='word_1_197' title='bbox 1163 3282 1279 3358; x_wconf 88' lang='lat' dir='ltr'>eciam</span> <span class='ocrx_word' id='word_1_198' title='bbox 1300 3309 1368 3387; x_wconf 90' lang='lat' dir='ltr'>per</span> <span class='ocrx_word' id='word_1_199' title='bbox 1381 3282 1640 3388; x_wconf 88' lang='lat' dir='ltr'>juramentum</span> <span class='ocrx_word' id='word_1_200' title='bbox 1661 3309 1773 3360; x_wconf 89' lang='lat' dir='ltr'>suum</span> 
     </span>
     <span class='ocr_line' id='line_1_22' title="bbox 349 3409 1774 3518; baseline 0.001 -31"><span class='ocrx_word' id='word_1_201' title='bbox 349 3411 470 3518; x_wconf 93' lang='lat' dir='ltr'>quod,</span> <span class='ocrx_word' id='word_1_202' title='bbox 490 3427 576 3517; x_wconf 89' lang='lat' dir='ltr'>post</span> <span class='ocrx_word' id='word_1_203' title='bbox 595 3409 732 3486; x_wconf 86' lang='lat' dir='ltr'>multas</span> <span class='ocrx_word' id='word_1_204' title='bbox 750 3409 1017 3516; x_wconf 82' lang='lat' dir='ltr'>promissiones</span> <span class='ocrx_word' id='word_1_205' title='bbox 1032 3411 1078 3488; x_wconf 91' lang='lat' dir='ltr'>de</span> <span class='ocrx_word' id='word_1_206' title='bbox 1094 3410 1241 3489; x_wconf 89' lang='lat' dir='ltr'>statutis</span> <span class='ocrx_word' id='word_1_207' title='bbox 1255 3430 1292 3488; x_wconf 87' lang='lat' dir='ltr'>et</span> <span class='ocrx_word' id='word_1_208' title='bbox 1310 3412 1462 3490; x_wconf 90' lang='lat' dir='ltr'>secretis</span> <span class='ocrx_word' id='word_1_209' title='bbox 1481 3411 1626 3488; x_wconf 91' lang='lat' dir='ltr'>ordinis</span> <span class='ocrx_word' id='word_1_210' title='bbox 1646 3410 1774 3489; x_wconf 85' lang='lat' dir='ltr'>obser·</span> 
     </span>
     <span class='ocr_line' id='line_1_23' title="bbox 349 3538 1769 3648; baseline 0.004 -34"><span class='ocrx_word' id='word_1_211' title='bbox 349 3540 476 3619; x_wconf 77' lang='lat' dir='ltr'>randis</span> <span class='ocrx_word' id='word_1_212' title='bbox 496 3541 542 3616; x_wconf 94' lang='lat' dir='ltr'>ab</span> <span class='ocrx_word' id='word_1_213' title='bbox 558 3567 604 3618; x_wconf 92' lang='lat' dir='ltr'>eo</span> <span class='ocrx_word' id='word_1_214' title='bbox 624 3538 752 3627; x_wconf 87' lang='lat' dir='ltr'>factas,</span> <span class='ocrx_word' id='word_1_215' title='bbox 769 3538 923 3645; x_wconf 90' lang='lat' dir='ltr'>quidam</span> <span class='ocrx_word' id='word_1_216' title='bbox 936 3538 1060 3628; x_wconf 88' lang='lat' dir='ltr'>frater,</span> <span class='ocrx_word' id='word_1_217' title='bbox 1083 3540 1130 3616; x_wconf 88' lang='lat' dir='ltr'>de</span> <span class='ocrx_word' id='word_1_218' title='bbox 1151 3541 1256 3648; x_wconf 89' lang='lat' dir='ltr'>cujus</span> <span class='ocrx_word' id='word_1_219' title='bbox 1276 3542 1430 3618; x_wconf 90' lang='lat' dir='ltr'>nomine</span> <span class='ocrx_word' id='word_1_220' title='bbox 1445 3570 1522 3619; x_wconf 90' lang='lat' dir='ltr'>non</span> <span class='ocrx_word' id='word_1_221' title='bbox 1540 3542 1769 3632; x_wconf 88' lang='lat' dir='ltr'>recordatur,</span> 
     </span>
     <span class='ocr_line' id='line_1_24' title="bbox 349 3668 1772 3778; baseline 0.001 -32"><span class='ocrx_word' id='word_1_222' title='bbox 349 3670 529 3777; x_wconf 80' lang='lat' dir='ltr'>aportavit</span> <span class='ocrx_word' id='word_1_223' title='bbox 549 3669 621 3747; x_wconf 90' lang='lat' dir='ltr'>sihi</span> <span class='ocrx_word' id='word_1_224' title='bbox 640 3668 841 3776; x_wconf 90' lang='lat' dir='ltr'>quamdam</span> <span class='ocrx_word' id='word_1_225' title='bbox 859 3698 1007 3776; x_wconf 89' lang='lat' dir='ltr'>parvam</span> <span class='ocrx_word' id='word_1_226' title='bbox 1026 3698 1176 3747; x_wconf 88' lang='lat' dir='ltr'>crucem</span> <span class='ocrx_word' id='word_1_227' title='bbox 1197 3672 1244 3747; x_wconf 93' lang='lat' dir='ltr'>de</span> <span class='ocrx_word' id='word_1_228' title='bbox 1261 3670 1378 3778; x_wconf 89' lang='lat' dir='ltr'>ligno,</span> <span class='ocrx_word' id='word_1_229' title='bbox 1397 3688 1433 3749; x_wconf 89' lang='lat' dir='ltr'>et</span> <span class='ocrx_word' id='word_1_230' title='bbox 1445 3689 1537 3749; x_wconf 91' lang='lat' dir='ltr'>tunc</span> <span class='ocrx_word' id='word_1_231' title='bbox 1555 3671 1678 3750; x_wconf 88' lang='lat' dir='ltr'>dictus</span> <span class='ocrx_word' id='word_1_232' title='bbox 1699 3669 1772 3748; x_wconf 83' lang='lat' dir='ltr'>fra-</span> 
     </span>
     <span class='ocr_line' id='line_1_25' title="bbox 347 3799 1769 3909; baseline 0.001 -32"><span class='ocrx_word' id='word_1_233' title='bbox 347 3816 405 3877; x_wconf 90' lang='lat' dir='ltr'>ter</span> <span class='ocrx_word' id='word_1_234' title='bbox 419 3799 609 3879; x_wconf 88' lang='lat' dir='ltr'>Gerardus</span> <span class='ocrx_word' id='word_1_235' title='bbox 622 3800 751 3907; x_wconf 89' lang='lat' dir='ltr'>petivit</span> <span class='ocrx_word' id='word_1_236' title='bbox 766 3800 871 3879; x_wconf 90' lang='lat' dir='ltr'>abeo</span> <span class='ocrx_word' id='word_1_237' title='bbox 886 3819 1016 3879; x_wconf 91' lang='lat' dir='ltr'>utrum</span> <span class='ocrx_word' id='word_1_238' title='bbox 1031 3801 1201 3879; x_wconf 88' lang='lat' dir='ltr'>crederet</span> <span class='ocrx_word' id='word_1_239' title='bbox 1219 3801 1258 3879; x_wconf 92' lang='lat' dir='ltr'>in</span> <span class='ocrx_word' id='word_1_240' title='bbox 1273 3830 1362 3880; x_wconf 90' lang='lat' dir='ltr'>eum</span> <span class='ocrx_word' id='word_1_241' title='bbox 1378 3803 1443 3909; x_wconf 92' lang='lat' dir='ltr'>qui</span> <span class='ocrx_word' id='word_1_242' title='bbox 1456 3831 1586 3909; x_wconf 85' lang='lat' dir='ltr'>passus</span> <span class='ocrx_word' id='word_1_243' title='bbox 1597 3801 1720 3879; x_wconf 86' lang='lat' dir='ltr'>fuerat</span> <span class='ocrx_word' id='word_1_244' title='bbox 1731 3803 1769 3879; x_wconf 91' lang='lat' dir='ltr'>in</span> 
     </span>
     <span class='ocr_line' id='line_1_26' title="bbox 347 3930 1767 4037; baseline 0 -30"><span class='ocrx_word' id='word_1_245' title='bbox 347 3930 446 4008; x_wconf 85' lang='lat' dir='ltr'>dicta</span> <span class='ocrx_word' id='word_1_246' title='bbox 465 3960 593 4019; x_wconf 88' lang='lat' dir='ltr'>cruce,</span> <span class='ocrx_word' id='word_1_247' title='bbox 623 3948 660 4007; x_wconf 90' lang='lat' dir='ltr'>et</span> <span class='ocrx_word' id='word_1_248' title='bbox 686 3931 766 4036; x_wconf 89' lang='lat' dir='ltr'>ipse</span> <span class='ocrx_word' id='word_1_249' title='bbox 793 3930 886 4008; x_wconf 85' lang='lat' dir='ltr'>dixit</span> <span class='ocrx_word' id='word_1_250' title='bbox 905 3930 1010 4037; x_wconf 91' lang='lat' dir='ltr'>quod</span> <span class='ocrx_word' id='word_1_251' title='bbox 1038 3931 1101 4007; x_wconf 88' lang='lat' dir='ltr'>sic.</span> <span class='ocrx_word' id='word_1_252' title='bbox 1129 3933 1176 4008; x_wconf 89' lang='lat' dir='ltr'>Et</span> <span class='ocrx_word' id='word_1_253' title='bbox 1193 3948 1284 4009; x_wconf 90' lang='lat' dir='ltr'>tunc</span> <span class='ocrx_word' id='word_1_254' title='bbox 1304 3932 1425 4011; x_wconf 90' lang='lat' dir='ltr'>dictus</span> <span class='ocrx_word' id='word_1_255' title='bbox 1452 3932 1565 4010; x_wconf 86' lang='lat' dir='ltr'>frater</span> <span class='ocrx_word' id='word_1_256' title='bbox 1585 3932 1679 4009; x_wconf 86' lang='lat' dir='ltr'>dixit</span> <span class='ocrx_word' id='word_1_257' title='bbox 1698 3931 1767 4009; x_wconf 91' lang='lat' dir='ltr'>sibi</span> 
     </span>
     <span class='ocr_line' id='line_1_27' title="bbox 346 4059 1768 4168; baseline 0.001 -30"><span class='ocrx_word' id='word_1_258' title='bbox 346 4060 450 4167; x_wconf 93' lang='lat' dir='ltr'>quod</span> <span class='ocrx_word' id='word_1_259' title='bbox 470 4060 566 4138; x_wconf 88' lang='lat' dir='ltr'>male</span> <span class='ocrx_word' id='word_1_260' title='bbox 582 4059 771 4168; x_wconf 80' lang='lat' dir='ltr'>credebat,</span> <span class='ocrx_word' id='word_1_261' title='bbox 801 4076 838 4137; x_wconf 88' lang='lat' dir='ltr'>et</span> <span class='ocrx_word' id='word_1_262' title='bbox 856 4060 960 4167; x_wconf 92' lang='lat' dir='ltr'>quod</span> <span class='ocrx_word' id='word_1_263' title='bbox 976 4059 1136 4138; x_wconf 90' lang='lat' dir='ltr'>debebat</span> <span class='ocrx_word' id='word_1_264' title='bbox 1156 4062 1308 4140; x_wconf 91' lang='lat' dir='ltr'>credere</span> <span class='ocrx_word' id='word_1_265' title='bbox 1327 4061 1568 4141; x_wconf 83' lang='lat' dir='ltr'>solummodo</span> <span class='ocrx_word' id='word_1_266' title='bbox 1587 4063 1625 4138; x_wconf 92' lang='lat' dir='ltr'>in</span> <span class='ocrx_word' id='word_1_267' title='bbox 1644 4063 1768 4140; x_wconf 89' lang='lat' dir='ltr'>Deum</span> 
     </span>
     <span class='ocr_line' id='line_1_28' title="bbox 344 4189 1769 4298; baseline 0.002 -31"><span class='ocrx_word' id='word_1_268' title='bbox 344 4191 596 4296; x_wconf 89' lang='lat' dir='ltr'>superiorem,</span> <span class='ocrx_word' id='word_1_269' title='bbox 614 4206 652 4267; x_wconf 89' lang='lat' dir='ltr'>et</span> <span class='ocrx_word' id='word_1_270' title='bbox 666 4207 795 4295; x_wconf 89' lang='lat' dir='ltr'>postea</span> <span class='ocrx_word' id='word_1_271' title='bbox 813 4190 979 4297; x_wconf 88' lang='lat' dir='ltr'>precepit</span> <span class='ocrx_word' id='word_1_272' title='bbox 991 4189 1063 4268; x_wconf 89' lang='lat' dir='ltr'>sibi</span> <span class='ocrx_word' id='word_1_273' title='bbox 1076 4191 1182 4297; x_wconf 92' lang='lat' dir='ltr'>quod</span> <span class='ocrx_word' id='word_1_274' title='bbox 1192 4192 1348 4270; x_wconf 88' lang='lat' dir='ltr'>Jbesum</span> <span class='ocrx_word' id='word_1_275' title='bbox 1362 4193 1552 4271; x_wconf 88' lang='lat' dir='ltr'>Christum</span> <span class='ocrx_word' id='word_1_276' title='bbox 1566 4191 1769 4298; x_wconf 79' lang='lat' dir='ltr'>abnegaret</span> 
     </span>
     <span class='ocr_line' id='line_1_29' title="bbox 343 4322 1767 4429; baseline 0 -31"><span class='ocrx_word' id='word_1_277' title='bbox 343 4340 413 4411; x_wconf 88' lang='lat' dir='ltr'>ter,</span> <span class='ocrx_word' id='word_1_278' title='bbox 433 4339 470 4398; x_wconf 87' lang='lat' dir='ltr'>et</span> <span class='ocrx_word' id='word_1_279' title='bbox 484 4339 636 4427; x_wconf 88' lang='lat' dir='ltr'>spueret</span> <span class='ocrx_word' id='word_1_280' title='bbox 655 4350 765 4427; x_wconf 86' lang='lat' dir='ltr'>supra</span> <span class='ocrx_word' id='word_1_281' title='bbox 780 4339 1013 4411; x_wconf 86' lang='lat' dir='ltr'>crucemter,</span> <span class='ocrx_word' id='word_1_282' title='bbox 1030 4323 1118 4429; x_wconf 90' lang='lat' dir='ltr'>quia</span> <span class='ocrx_word' id='word_1_283' title='bbox 1134 4323 1217 4401; x_wconf 90' lang='lat' dir='ltr'>talis</span> <span class='ocrx_word' id='word_1_284' title='bbox 1232 4341 1311 4401; x_wconf 90' lang='lat' dir='ltr'>erat</span> <span class='ocrx_word' id='word_1_285' title='bbox 1324 4324 1462 4402; x_wconf 90' lang='lat' dir='ltr'>modus</span> <span class='ocrx_word' id='word_1_286' title='bbox 1478 4324 1640 4411; x_wconf 84' lang='lat' dir='ltr'>ordinis,</span> <span class='ocrx_word' id='word_1_287' title='bbox 1655 4339 1701 4400; x_wconf 91' lang='lat' dir='ltr'>ut</span> <span class='ocrx_word' id='word_1_288' title='bbox 1710 4322 1767 4398; x_wconf 92' lang='lat' dir='ltr'>di·</span> 
     </span>
     <span class='ocr_line' id='line_1_30' title="bbox 344 4450 1767 4559; baseline 0 -31"><span class='ocrx_word' id='word_1_289' title='bbox 344 4452 461 4530; x_wconf 86' lang='lat' dir='ltr'>cebat.</span> <span class='ocrx_word' id='word_1_290' title='bbox 475 4452 523 4528; x_wconf 85' lang='lat' dir='ltr'>Et</span> <span class='ocrx_word' id='word_1_291' title='bbox 536 4471 643 4541; x_wconf 90' lang='lat' dir='ltr'>tunc,</span> <span class='ocrx_word' id='word_1_292' title='bbox 662 4450 709 4528; x_wconf 91' lang='lat' dir='ltr'>de</span> <span class='ocrx_word' id='word_1_293' title='bbox 729 4469 904 4557; x_wconf 89' lang='lat' dir='ltr'>precepto</span> <span class='ocrx_word' id='word_1_294' title='bbox 921 4452 1009 4529; x_wconf 89' lang='lat' dir='ltr'>dicti</span> <span class='ocrx_word' id='word_1_295' title='bbox 1029 4452 1257 4559; x_wconf 88' lang='lat' dir='ltr'>recipientis,</span> <span class='ocrx_word' id='word_1_296' title='bbox 1274 4455 1430 4532; x_wconf 85' lang='lat' dir='ltr'>Jhesum</span> <span class='ocrx_word' id='word_1_297' title='bbox 1446 4454 1637 4534; x_wconf 89' lang='lat' dir='ltr'>Christum</span> <span class='ocrx_word' id='word_1_298' title='bbox 1649 4451 1767 4530; x_wconf 87' lang='lat' dir='ltr'>abne-</span> 
     </span>
     <span class='ocr_line' id='line_1_31' title="bbox 342 4580 1765 4691; baseline 0.001 -34"><span class='ocrx_word' id='word_1_299' title='bbox 342 4580 439 4689; x_wconf 86' lang='lat' dir='ltr'>gavit</span> <span class='ocrx_word' id='word_1_300' title='bbox 457 4599 527 4670; x_wconf 87' lang='lat' dir='ltr'>ter,</span> <span class='ocrx_word' id='word_1_301' title='bbox 549 4609 613 4658; x_wconf 88' lang='lat' dir='ltr'>ore</span> <span class='ocrx_word' id='word_1_302' title='bbox 633 4597 672 4657; x_wconf 90' lang='lat' dir='ltr'>ct</span> <span class='ocrx_word' id='word_1_303' title='bbox 691 4609 769 4659; x_wconf 90' lang='lat' dir='ltr'>non</span> <span class='ocrx_word' id='word_1_304' title='bbox 792 4584 921 4672; x_wconf 90' lang='lat' dir='ltr'>corde,</span> <span class='ocrx_word' id='word_1_305' title='bbox 951 4600 989 4661; x_wconf 90' lang='lat' dir='ltr'>et</span> <span class='ocrx_word' id='word_1_306' title='bbox 1014 4581 1120 4660; x_wconf 88' lang='lat' dir='ltr'>linxit</span> <span class='ocrx_word' id='word_1_307' title='bbox 1140 4613 1272 4690; x_wconf 90' lang='lat' dir='ltr'>spuere</span> <span class='ocrx_word' id='word_1_308' title='bbox 1292 4603 1350 4662; x_wconf 89' lang='lat' dir='ltr'>ter</span> <span class='ocrx_word' id='word_1_309' title='bbox 1371 4613 1480 4691; x_wconf 89' lang='lat' dir='ltr'>supra</span> <span class='ocrx_word' id='word_1_310' title='bbox 1506 4612 1675 4672; x_wconf 88' lang='lat' dir='ltr'>crucem,</span> <span class='ocrx_word' id='word_1_311' title='bbox 1698 4582 1765 4660; x_wconf 89' lang='lat' dir='ltr'>sed</span> 
     </span>
     <span class='ocr_line' id='line_1_32' title="bbox 342 4709 1767 4823; baseline 0 -35"><span class='ocrx_word' id='word_1_312' title='bbox 342 4728 468 4788; x_wconf 88' lang='lat' dir='ltr'>tamen</span> <span class='ocrx_word' id='word_1_313' title='bbox 488 4709 586 4787; x_wconf 90' lang='lat' dir='ltr'>nihil</span> <span class='ocrx_word' id='word_1_314' title='bbox 603 4710 739 4788; x_wconf 91' lang='lat' dir='ltr'>cecidit</span> <span class='ocrx_word' id='word_1_315' title='bbox 757 4741 869 4819; x_wconf 91' lang='lat' dir='ltr'>supra</span> <span class='ocrx_word' id='word_1_316' title='bbox 886 4741 981 4790; x_wconf 90' lang='lat' dir='ltr'>eam.</span> <span class='ocrx_word' id='word_1_317' title='bbox 1001 4716 1251 4823; x_wconf 86' lang='lat' dir='ltr'>Interrogatus</span> <span class='ocrx_word' id='word_1_318' title='bbox 1270 4717 1317 4793; x_wconf 91' lang='lat' dir='ltr'>de</span> <span class='ocrx_word' id='word_1_319' title='bbox 1337 4714 1484 4805; x_wconf 91' lang='lat' dir='ltr'>osculo,</span> <span class='ocrx_word' id='word_1_320' title='bbox 1507 4714 1600 4791; x_wconf 89' lang='lat' dir='ltr'>dixit</span> <span class='ocrx_word' id='word_1_321' title='bbox 1619 4741 1689 4820; x_wconf 91' lang='lat' dir='ltr'>per</span> <span class='ocrx_word' id='word_1_322' title='bbox 1704 4712 1767 4819; x_wconf 86' lang='lat' dir='ltr'>ju·</span> 
     </span>
     <span class='ocr_line' id='line_1_33' title="bbox 342 4835 1763 4960; baseline -0.001 -41"><span class='ocrx_word' id='word_1_323' title='bbox 342 4835 555 4919; x_wconf 83' lang='lat' dir='ltr'>ramentum</span> <span class='ocrx_word' id='word_1_324' title='bbox 570 4869 681 4919; x_wconf 91' lang='lat' dir='ltr'>suum</span> <span class='ocrx_word' id='word_1_325' title='bbox 694 4842 798 4948; x_wconf 92' lang='lat' dir='ltr'>quod</span> <span class='ocrx_word' id='word_1_326' title='bbox 809 4843 930 4921; x_wconf 89' lang='lat' dir='ltr'>dictus</span> <span class='ocrx_word' id='word_1_327' title='bbox 947 4846 1130 4953; x_wconf 90' lang='lat' dir='ltr'>recipiens</span> <span class='ocrx_word' id='word_1_328' title='bbox 1144 4848 1311 4953; x_wconf 86' lang='lat' dir='ltr'>precepit</span> <span class='ocrx_word' id='word_1_329' title='bbox 1324 4846 1394 4926; x_wconf 92' lang='lat' dir='ltr'>sibi</span> <span class='ocrx_word' id='word_1_330' title='bbox 1406 4846 1509 4954; x_wconf 90' lang='lat' dir='ltr'>quod</span> <span class='ocrx_word' id='word_1_331' title='bbox 1528 4843 1763 4960; x_wconf 82' lang='lat' dir='ltr'>osctdaretur</span> 
     </span>
    </p>
   </div>
   <div class='ocr_carea' id='block_1_5' title="bbox 0 0 2122 5948">
    <p class='ocr_par' dir='ltr' id='par_1_6' title="bbox 0 0 2122 5948">
     <span class='ocr_line' id='line_1_34' title="bbox 0 0 2122 5948; baseline 0 2"><span class='ocrx_word' id='word_1_332' title='bbox 0 0 2122 5948; x_wconf 95' lang='lat' dir='ltr'> </span> 
     </span>
    </p>
   </div>
  </div>
 </body>
</html>
