4236 5948
342 525 415 598 roe
734 506 932 598 ruocts
959 525 1054 596 uns
1080 524 1379 597 rnurtrxus.

342 695 425 742 cum
449 665 678 742 bominibus.
704 665 805 742 Dixit
824 684 947 742 tamen
970 695 1037 771 per
1059 665 1317 771 juramentum
1336 664 1440 772 quod
1460 693 1650 772 nunquam
1671 666 1769 744 fecit.

398 801 649 905 Interrogatus
665 797 695 872 si
712 823 843 873 omnes
864 796 924 872 alii
945 796 1179 902 recipiuntur
1194 826 1263 903 per
1276 797 1391 874 istum
1405 796 1578 885 modum,
1602 795 1693 877 dixit
1704 825 1773 904 per

339 929 595 1035 juramentum
615 956 724 1003 suum
747 927 850 1033 quod
870 929 1005 1018 nescit,
1026 929 1112 1034 quia
1130 957 1321 1035 nunquam
1336 927 1429 1005 vidit
1448 926 1614 1035 aliquem
1635 926 1770 1034 rccipi3

343 1077 467 1135 tamen
489 1059 606 1135 credit
624 1059 728 1164 quod
740 1059 792 1135 sic
812 1058 1043 1164 recipiuntur
1065 1058 1139 1135 alii.
1154 1060 1368 1165 Requisitus
1389 1058 1437 1135 de
1454 1058 1623 1165 predicto
1639 1059 1770 1163 capite,

297 1188 299 1193 ’
344 1190 436 1266 dixit
455 1219 521 1296 per
535 1193 790 1297 juramentum
806 1217 914 1265 suum
934 1188 1037 1294 quod
1059 1219 1254 1297 nunquam
1275 1190 1367 1267 vidit
1387 1188 1496 1267 illud.

399 1323 648 1428 Interrogatus
667 1350 735 1426 per
748 1322 1005 1427 juramentum
1025 1349 1135 1397 suum
1155 1339 1281 1400 utrum
1298 1323 1349 1411 vi,
1374 1321 1429 1397 vel
1444 1339 1548 1398 metu
1568 1337 1775 1398 tormento·

342 1481 443 1541 rum,
467 1450 673 1536 veltimore
696 1452 849 1559 alicujus
869 1477 981 1557 pene,
1001 1480 1068 1528 seu
1088 1452 1212 1560 aliqua
1233 1481 1470 1559 quacumque
1491 1452 1539 1528 de
1560 1480 1684 1540 causa,
1707 1451 1775 1528 ali·

213 1614 217 1623 ·
343 1613 454 1692 quam
466 1582 659 1661 salsitatem
672 1583 836 1672 dixisset,
855 1583 911 1659 vel
927 1583 1118 1660 veritatem
1132 1584 1322 1673 tacuisset,
1336 1583 1428 1659 dixit
1441 1584 1774 1691 perjuramentum

344 1745 454 1792 suum
476 1714 580 1822 quod
599 1743 691 1804 nou,
714 1717 832 1792 immo
844 1743 967 1792 veram
988 1731 1025 1790 et
1044 1743 1183 1792 meram
1204 1716 1395 1792 veritatem
1416 1714 1523 1803 dixit,
1545 1732 1698 1821 propter
1717 1742 1774 1791 aa·

344 1847 459 1923 lutem
482 1847 604 1922 anime
625 1875 702 1924 sue.
1461 1835 1464 1841 ’

401 2110 495 2186 Item
516 2137 630 2197 anno,
653 2109 858 2197 indicione,
880 2139 1023 2198 mense,
1047 2110 1108 2186 die
1125 2172 1133 2197 ,
1153 2109 1374 2216 pontificatu
1394 2127 1430 2186 et
1457 2137 1552 2185 anno
1578 2107 1771 2215 predictiS,

346 2240 383 2314 in
404 2240 501 2316 dicta
516 2240 765 2347 inquisitoris,
787 2258 956 2317 nostrum
977 2242 1207 2318 notariorum
1224 2259 1261 2319 et
1281 2239 1599 2346 infrascriptomm
1619 2234 1774 2316 testium

345 2369 534 2475 presencia
567 2371 812 2476 personaliter
840 2371 1064 2447 constitutus
1091 2370 1202 2447 frater
1231 2370 1476 2449 Theobaldus
1506 2371 1552 2446 de
1578 2368 1776 2447 Bafemont

345 2500 583 2578 Carnotensis
599 2501 775 2590 diocesis,
798 2500 911 2578 frater
928 2502 1016 2579 dicti
1037 2502 1196 2591 ordinis,
1220 2521 1257 2579 et
1276 2503 1512 2608 dispeusator
1528 2501 1625 2578 dicte
1641 2502 1775 2578 domus

345 2630 490 2736 Templi
506 2632 681 2719 Parisins,
705 2633 810 2710 etatis
824 2633 973 2739 triginta
995 2662 1178 2711 annorum
1195 2633 1253 2710 vel
1273 2634 1383 2724 circa,
1404 2653 1446 2711 ut
1461 2634 1625 2724 dicebat,
1642 2632 1775 2710 eodem

346 2763 461 2838 modo
477 2763 624 2869 juratus
646 2763 691 2838 de
713 2793 752 2838 se
774 2780 812 2839 et
830 2763 913 2841 aliis
933 2764 970 2838 iu
991 2793 1099 2841 causa
1117 2763 1206 2841 fidei
1230 2765 1355 2841 dicere
1376 2764 1583 2853 veritatem,
1606 2780 1642 2840 et
1662 2763 1776 2839 iuter-

346 2912 495 3000 rogatus
515 2893 562 2970 de
581 2911 750 3000 ternpore
772 2911 810 2970 et
828 2894 942 2971 modo
966 2923 1032 2972 sue
1057 2895 1302 3001 recepcionis,
1326 2894 1419 2972 dixit
1437 2924 1504 3001 per
1518 2896 1774 3003 juramentum

347 3053 458 3102 suum
471 3024 577 3129 quod
591 3042 733 3129 septem
752 3026 837 3100 anni
859 3043 947 3102 sunt
967 3025 1082 3131 elapsi
1100 3024 1157 3101 vel
1179 3025 1275 3101 circa
1290 3025 1395 3131 quod
1414 3024 1492 3128 ipse
1513 3022 1584 3099 suit
1604 3039 1776 3129 receptus

348 3157 385 3231 in
407 3156 520 3232 domo
541 3154 588 3230 de
610 3155 710 3231 Malo
732 3158 892 3261 Repastu
907 3156 1011 3263 juxta
1026 3157 1181 3261 Trapas,
1198 3185 1266 3261 per
1285 3154 1436 3232 fratrem
1457 3153 1673 3232 Guidouem
1700 3181 1777 3259 pre·

348 3305 537 3392 ceptorem
561 3286 818 3375 Carnutensis,
844 3288 1079 3394 presentibus
1099 3287 1263 3394 quodam
1283 3285 1392 3363 fratre
1420 3285 1587 3361 nacionis
1606 3283 1777 3360 Picardo-

348 3446 452 3503 rum,
476 3432 604 3492 vocato
629 3417 737 3493 Petro
762 3417 934 3504 Picardo,
961 3417 1157 3523 clavigerio
1184 3417 1281 3494 dicte
1311 3417 1461 3503 domus,
1489 3433 1527 3492 et
1553 3413 1776 3521 quibusdam

349 3545 430 3624 aliis
450 3545 497 3623 de
516 3575 678 3651 quorum
697 3548 913 3627 nominibus
934 3577 1009 3626 non
1029 3547 1171 3625 recolit.
1190 3548 1289 3625 Dixit
1304 3549 1420 3624 eciam
1440 3575 1508 3653 pcr
1517 3547 1775 3654 juramentum

349 3704 458 3754 suum
476 3678 596 3784 quod,
613 3697 697 3785 post
712 3678 844 3757 multas
863 3680 1129 3787 promissiones
1149 3709 1217 3786 per
1237 3708 1323 3757 eunx
1345 3679 1456 3755 saetas
1476 3678 1525 3755 de
1546 3676 1775 3754 observando

351 3826 484 3885 statuta
505 3827 542 3885 et
561 3828 701 3887 secreta
720 3811 880 3900 ordinis,
902 3811 974 3889 fuit
999 3829 1185 3917 receptus,
1215 3829 1253 3886 et
1278 3811 1443 3916 positum
1467 3808 1539 3887 fuit
1567 3807 1614 3883 ad
1640 3806 1777 3884 collum
1885 3912 1888 3917 Ι

350 3970 460 4019 suum
480 3941 700 4019 mantellum
721 3943 880 4032 ordinis,
904 3961 941 4020 et
960 3972 1027 4050 per
1049 3942 1156 4019 illum
1179 3943 1244 4049 qui
1270 3941 1410 4047 recepit
1433 3967 1521 4016 eum
1545 3937 1617 4015 suit
1647 3937 1777 4014 ductus

350 4072 398 4149 ad
416 4091 576 4180 partem,
606 4092 643 4149 et
669 4072 739 4151 fuit
765 4073 890 4151 eidem
916 4073 1078 4150 exhibita
1104 4072 1267 4180 quedam
1293 4101 1382 4149 crux
1407 4099 1491 4147 cum
1518 4067 1640 4176 effigie
1664 4068 1778 4144 Jhesu

349 4203 500 4281 Christi.
525 4206 631 4282 Tunc
656 4205 756 4281 idem
781 4205 964 4309 recipiens
988 4204 1155 4310 precepit
1182 4203 1216 4278 ei
1241 4201 1345 4308 quod
1369 4199 1568 4306 abnegaret
1586 4197 1696 4274 illum
1715 4197 1777 4304 qui

349 4364 478 4440 passus
505 4334 575 4412 brit
605 4336 642 4411 in
668 4334 733 4412 illa
758 4364 883 4424 cruce,
909 4353 1000 4412 tunc
1029 4335 1076 4413 de
1104 4351 1279 4439 precepto
1307 4360 1375 4409 suo
1408 4331 1600 4436 abnegavit
1622 4329 1777 4406 Jhesum

350 4465 541 4543 Christum
558 4483 628 4555 ter,
647 4484 683 4542 et
695 4465 860 4573 qualibet
877 4467 953 4543 vice
972 4465 1072 4572 spuit
1085 4494 1196 4570 supra
1211 4493 1371 4541 crucem.
1388 4462 1490 4540 Dixit
1501 4462 1617 4537 eciam
1634 4458 1699 4536 ille
1716 4458 1778 4564 qui

353 4595 520 4702 loquitur
539 4625 606 4701 per
619 4591 874 4704 juramentum
900 4625 1010 4673 suum
1037 4596 1137 4702 quod
1161 4596 1216 4672 'de
1237 4610 1413 4701 precepto
1441 4591 1543 4668 illius
1570 4589 1779 4694 recipientis

353 4724 539 4802 osculatus
557 4726 627 4802 fuit
648 4755 733 4803 eum
755 4727 792 4802 in
812 4725 992 4804 mubilico
1013 4744 1051 4802 et
1070 4727 1109 4801 in
1128 4754 1204 4809 ore.
1227 4726 1312 4817 Quo
1333 4723 1446 4809 sacto,
1469 4720 1637 4826 precepit
1658 4719 1779 4796 eidem

353 4857 456 4963 quod
479 4859 632 4933 omnino
659 4857 859 4941 abstineret
884 4889 903 4932 a
924 4856 1160 4945 mulieribus,
1188 4873 1226 4931 et
1248 4856 1279 4931 si
1300 4854 1401 4931 calor
1421 4852 1596 4931 naturalis
1616 4868 1781 4929 moveret
