4236 5948
660 546 667 562 ‘
730 555 925 647 moces
951 574 1047 645 nus
1073 574 1372 645 rnurmms.
1688 570 1757 645 aci

344 713 488 820 Templi
509 742 577 790 nec
596 715 695 818 apud
714 713 844 793 Iratres
863 716 1007 821 aliquos
1029 715 1123 819 ejus,
1152 743 1221 790 uec
1241 714 1309 790 scit
1330 742 1398 788 nec
1418 711 1536 787 credit
1552 709 1760 823 quodcum

342 845 549 920 reverencia
569 843 691 950 aliqua
710 863 918 951 portentur,
941 874 1011 922 nec
1030 873 1216 952 equoque
1237 844 1326 920 dicti
1345 842 1485 919 ordinis
1505 840 1761 922 custodiantur

344 972 399 1049 vel
418 973 639 1064 habeantur3
666 976 733 1052 sed
751 993 856 1081 putat
874 976 1009 1053 Ialsum
1029 975 1132 1081 quod
1153 975 1200 1050 dc
1223 973 1343 1080 ydolis
1364 990 1401 1049 et
1424 970 1604 1076 capitibus
1624 971 1762 1047 dicitur

342 1104 547 1181 antedictis.

397 1218 644 1341 Interrogatus
677 1237 769 1311 siin
797 1236 921 1342 aliquo
952 1209 1226 1312 vult‹.conliteri
1256 1234 1465 1310 secundum
1501 1230 1693 1306 veritatem
1723 1247 1760 1305 et

342 1362 465 1439 dicere
486 1394 615 1441 verum
635 1393 714 1441 esse
733 1367 837 1472 quod
851 1366 948 1443 forte
964 1366 1124 1471 negavit,
1146 1363 1348 1469 respondet
1367 1362 1495 1451 dicens
1513 1360 1761 1438 severitatem

341 1521 472 1595 puram
498 1494 631 1571 dixisse
662 1496 761 1571 etin
786 1496 971 1602 responsis
995 1526 1021 1571 a
1042 1524 1081 1570 se
1105 1494 1206 1570 velle
1224 1493 1439 1599 persistere,
1467 1519 1553 1569 cum
1578 1489 1703 1567 omnia
1726 1507 1764 1565 et

342 1621 485 1727 singula
507 1621 596 1698 salsa
620 1651 698 1700 esse
724 1625 943 1732 credatque
968 1625 1007 1700 in
1026 1624 1134 1700 dictis
1154 1624 1345 1701 erroribus
1365 1641 1403 1699 et
1427 1620 1589 1699 articulis
1610 1622 1684 1696 sint
1706 1648 1765 1695 ex-

342 1778 478 1853 pressa.
608 1811 620 1820 .

374 1935 375 1938 ,
398 1879 518 1984 Super
535 1880 615 1957 aliis
633 1911 719 1959 vero
730 1884 917 1959 contentis
932 1884 971 1959 in
989 1884 1095 1960 dictis
1113 1881 1294 1972 articulis,
1313 1881 1404 1957 dixit
1420 1910 1459 1956 se
1474 1879 1591 1957 nichil
1606 1879 1764 1985 amplius

342 2008 452 2094 scire,
470 2011 540 2086 nisi
555 2027 681 2087 tamen
697 2041 738 2087 ea
759 2040 833 2117 que
850 2041 960 2116 supra
979 2012 1198 2089 testificatus
1219 2029 1285 2087 est.

399 2269 505 2346 Anno
527 2287 564 2345 et
579 2270 640 2344 die
658 2269 795 2374 quibus
816 2299 937 2373 supra.
1407 2341 1409 2344 ,

398 2399 522 2476 XVIII.
577 2400 704 2474 Frater
730 2397 913 2474 Arnaldus
946 2398 1056 2475 Calis‘
1083 2399 1225 2475 ordinis
1258 2398 1347 2474 dicti
1386 2399 1534 2502 Templi
1566 2416 1605 2475 ct
1632 2398 1767 2476 domus

343 2528 462 2606 Mansi
486 2528 573 2615 Dei,
595 2529 698 2604 testis
714 2528 861 2634 juratus
886 2527 934 2603 ad
951 2544 1073 2603 sancta
1094 2528 1164 2603 Dei
1184 2526 1379 2632 Evangelia
1405 2555 1520 2631 super
1536 2526 1713 2630 predictis
1730 2546 1767 2603 et

344 2686 473 2735 corum
486 2657 656 2763 quolibet
666 2657 737 2734 sibi
749 2656 924 2762 expositis
940 2656 978 2731 in
992 2655 1150 2761 vulgari,
1167 2672 1209 2731 ut
1218 2654 1429 2760 principalis
1442 2655 1491 2730 de
1507 2683 1545 2731 se
1557 2656 1655 2758 ipso,
1672 2675 1710 2732 et
1724 2673 1767 2732 ut

342 2786 445 2862 testis
461 2786 509 2862 de
524 2786 621 2873 aliis,
640 2785 838 2892 diligenter
852 2801 890 2861 et
904 2783 1092 2890 sigillatim
1107 2784 1371 2888 interrogatus,
1390 2784 1622 2888 respondens
1632 2786 1680 2859 ad
1693 2785 1768 2889 pri-

344 2944 464 3002 mum,
487 2942 659 2991 rr—xxix
679 2913 855 2991 articulos
869 2914 1069 3002 inclusive,
1093 2913 1294 3019 diligenter
1314 2930 1351 2990 et
1362 2913 1549 3018 sigillatim
1561 2914 1767 3020 interroga-

343 3061 420 3131 tus,
439 3045 585 3150 negavit
598 3045 698 3149 ipsos
714 3043 889 3120 articulos
904 3060 941 3120 et
956 3044 1080 3120 omnia
1093 3061 1131 3119 et
1143 3043 1286 3149 singula
1305 3060 1473 3120 contenta
1488 3044 1527 3118 in
1539 3043 1608 3132 eis;
1626 3044 1767 3120 addens

344 3172 447 3276 quod
467 3173 513 3249 de
538 3202 643 3253 more
665 3191 702 3251 et
724 3175 868 3251 statutis
895 3191 951 3250 est
968 3173 1085 3279 ipsius
1109 3173 1254 3249 ordinis
1276 3190 1459 3279 perpetuo
1478 3173 1697 3261 observatis,
1718 3191 1768 3250 >ut

344 3301 456 3388 dixit,
475 3320 517 3379 ut
530 3304 635 3383 annis
658 3303 829 3411 singulis,
850 3304 910 3379 die
925 3303 1080 3390 Veneris
1096 3320 1236 3390 sancta,
1258 3303 1308 3379 ob
1323 3304 1573 3380 reverenciam
1582 3304 1768 3382 Passionis
1830 3385 1836 3392 ,

343 3433 495 3519 Domini
519 3434 635 3512 nostri
660 3434 776 3510 Jhesu
797 3433 937 3512 Christi
964 3437 1025 3512 die
1046 3435 1210 3540 predicta
1230 3434 1419 3525 crucifixi,
1441 3462 1591 3510 crucem
1609 3435 1767 3539 positam

343 3578 424 3637 ante
450 3561 562 3638 altare
583 3565 626 3638 in
652 3592 747 3668 pane
773 3565 916 3641 mundo
942 3565 1092 3675 cerico,
1105 3563 1265 3668 pedibus
1291 3564 1507 3641 discalciatis
1529 3582 1566 3641 et
1589 3564 1768 3672 depositis

344 3689 567 3766 sotularibus
589 3708 627 3768 et
641 3692 751 3767 nudis
767 3691 943 3797 pedibus,
966 3709 1004 3769 et
1021 3691 1179 3769 cultellis
1195 3719 1342 3768 necnon
1354 3693 1448 3771 colis
1461 3695 1642 3799 capitum,
1663 3694 1768 3770 flexis

344 3817 518 3923 genibus,
533 3847 620 3895 cum
638 3820 833 3897 devotione
848 3821 1107 3897 ethumilitate
1123 3850 1194 3926 qua
1210 3839 1366 3925 possunt
1381 3821 1529 3927 majori,
1545 3823 1683 3929 singuli
1698 3823 1770 3898 Ira·

345 3966 420 4025 tres
441 3947 610 4055 ejusdem
627 3949 774 4026 ordinis,
790 3950 947 4027 adorent
966 3979 1115 4028 crucem
1139 3952 1363 4055 predictam,
1392 3951 1577 4033 dicendo:
1600 3951 1770 4026 «Adora-

346 4106 429 4153 mus
449 4094 503 4166 te,
527 4078 690 4167 Christe,
721 4096 759 4155 et
774 4079 1033 4157 benedicimus
1051 4081 1140 4168 tibi,
1166 4079 1254 4185 quia
1278 4107 1349 4183 per.
1368 4108 1517 4157 crucem
1538 4097 1640 4156 tuam
1660 4080 1769 4156 rede-

346 4208 445 4284 misti
466 4208 663 4286 mundum.
681 4247 693 4276 ι
1033 4279 1038 4286 ,

399 4338 492 4414 Item
506 4408 508 4410 .
522 4337 667 4415 duabus
699 4356 823 4415 autem
847 4340 1105 4418 festivitatibus
1133 4341 1270 4418 Sancte
1293 4341 1424 4418 Crucis
1455 4340 1593 4442 mensis
1613 4338 1700 4415 maii
1727 4356 1765 4415 et

343 4467 580 4571 septembris,
596 4496 672 4545 non
684 4469 863 4575 depositis
873 4470 1112 4558 sotularibus,
1130 4470 1201 4546 nisi
1216 4470 1348 4561 velint,
1364 4471 1432 4547 sed
1447 4469 1607 4546 cultellis
1620 4487 1657 4547 et
1673 4467 1764 4546 colis

343 4580 505 4702 capitum
525 4597 698 4708 duntaxat
718 4602 892 4678 extractis
907 4619 945 4678 et
971 4602 1117 4707 positis,
1143 4618 1356 4678 reverenter
1385 4627 1536 4676 crucem
1559 4599 1766 4704 predictam

344 4727 509 4802 adorant.
523 4728 569 4802 Et
583 4748 808 4807 sacramenta
827 4732 951 4808 omnia
971 4749 1092 4808 sancte
1107 4732 1176 4807 Dei
1197 4731 1377 4818 Ecclesie,
1401 4731 1496 4808 sicut
1511 4729 1589 4836 ipsa
1606 4727 1766 4835 precipit

347 4874 383 4932 et
402 4857 587 4945 observat,
610 4859 662 4934 sic
683 4877 720 4936 et
738 4861 809 4965 ipsi
827 4859 956 4940 iratres
972 4878 1010 4940 ct
1028 4879 1129 4940 totus
1144 4861 1238 4938 ordo
1251 4861 1369 4938 credit
1384 4888 1478 4965 pure
1498 4877 1536 4948 et
1548 4858 1766 4965 simpliciter

1529 5005 1579 5070 62.
