4236 5948
483 552 556 626 uso
684 490 687 497 ’
870 521 1064 625 procus
1091 550 1186 622 uus
1212 549 1517 622 ruurcruss.

481 694 623 771 vocavit
643 719 765 770 coram
787 720 852 769 sua
868 691 1056 799 presencia
1072 692 1110 767 iu
1130 690 1267 798 capella
1285 691 1401 794 ipsius
1416 691 1548 768 domus
1563 690 1713 767 fratrem
1726 693 1906 798 Raymun-

482 825 571 901 dum
603 825 649 901 de
681 824 816 903 Gardia
842 795 1098 929 preceptorem
1128 822 1226 898 dicte
1251 822 1401 912 domus,
1430 842 1466 899 et
1489 821 1617 898 fratres
1638 821 1904 929 infrascriptos,

481 957 545 1063 qui
562 957 600 1031 in
616 955 712 1031 dicta
732 955 845 1030 domo
865 971 1054 1060 presentes
1068 970 1187 1041 erant,
1208 971 1245 1028 et
1269 954 1436 1059 exposuit
1463 953 1515 1029 eis
1538 950 1779 1059 solempniter
1800 970 1906 1058 pote-

481 1105 628 1174 statem,
650 1085 903 1163 auctoritatem
930 1102 966 1161 et
984 1084 1283 1193 jurisdictionem
1303 1084 1374 1161 sibi
1395 1085 1589 1162 comissam
1609 1101 1646 1162 et
1658 1084 1817 1161 datama
1840 1084 1907 1161 do-

482 1217 582 1291 mino
603 1233 727 1291 nostro
744 1243 890 1290 summo
905 1216 1081 1320 pontifice
1102 1244 1213 1321 super
1230 1215 1391 1291 articulis
1416 1214 1596 1291 contentis
1624 1213 1662 1289 in
1686 1213 1806 1290 littera
1827 1215 1906 1322 ejus

481 1345 695 1451 apostolica,
729 1372 840 1449 super
866 1346 1002 1451 quibus
1035 1345 1136 1422 idem
1168 1344 1341 1422 dominus
1377 1372 1543 1428 summus
1572 1343 1736 1450 pontifex
1767 1344 1905 1449 inquiri

480 1476 665 1552 mandevit
684 1475 813 1553 fratres
828 1475 1060 1581 Templarios
1079 1477 1117 1551 in
1136 1474 1284 1552 Elnensi
1301 1473 1440 1551 diocesi
1461 1472 1694 1563 constitutos,
1716 1493 1752 1551 et
1766 1475 1905 1580 recepit

481 1606 526 1682 ab
547 1605 687 1682 eisdem
709 1623 746 1681 et
772 1604 925 1712 singulis
945 1605 1164 1682 eorumdem
1182 1605 1391 1711 juramenta
1411 1603 1458 1680 ad
1482 1621 1604 1681 sancta
1625 1603 1695 1681 Dei
1711 1602 1905 1710 Evangelia

480 1735 720 1843 corporaliter
739 1764 817 1812 ase
837 1753 946 1826 tacta,
968 1735 1072 1841 quod
1086 1764 1198 1840 super
1217 1735 1389 1812 omnibus
1404 1734 1579 1840 predictis
1599 1735 1760 1811 articulis
1779 1753 1816 1810 et
1832 1735 1905 1811 sin-

479 1866 574 1972 gulis
589 1867 807 1944 eorumdem
827 1865 949 1942 dicant
966 1895 1098 1972 puram
1117 1882 1154 1942 et
1173 1863 1378 1970 simplicem
1398 1864 1588 1942 veritatem
1603 1883 1678 1940 tam
1694 1865 1741 1941 de
1762 1895 1801 1942 se
1817 1866 1905 1971 ipsis

480 1997 638 2104 quilibet
652 2015 693 2073 ut
711 1994 938 2103 principalis,
957 2018 1073 2103 'quum
1094 1996 1140 2071 de
1157 1994 1237 2072 aliis
1257 1996 1351 2072 sicut
1374 1995 1488 2072 testis.
1512 1995 1668 2072 Nomina
1692 2013 1816 2073 autem
1845 1996 1902 2071 di-

480 2144 623 2203 ctorum
644 2125 795 2201 fratrum
816 2143 901 2201 sunt
914 2125 985 2201 hec
1006 2154 1015 2199 ε

537 2254 757 2333 Guillelmus
784 2254 830 2331 de
860 2255 1035 2332 Tamarit.
1053 2301 1109 2312 —
1136 2256 1374 2362 Raymundus
1391 2258 1513 2362 Supte.
1539 2302 1593 2313 —-·
1612 2255 1771 2333 lacobus
1794 2257 1901 2363 Boys.

480 2385 762 2464 *Guillelmus
778 2385 824 2461 de
836 2386 969 2463 Sancto
983 2384 1381 2492 Ipolito.-Johannes
1397 2389 1563 2464 Sacome.
1578 2434 1634 2443 —
1644 2385 1826 2464 Arnaldus
1844 2389 1904 2465 Se-

479 2516 670 2621 ptembris.
679 2514 977 2622 —Raymundus
988 2515 1115 2593 Vilert.
1130 2516 1429 2623 -Raymundus
1441 2515 1602 2592 Remilli.
1612 2562 1667 2573 —-
1683 2515 1904 2595 Guillelmus

480 2646 701 2723 Marcurelli.
727 2690 783 2703 -
802 2648 930 2722 Petrus
950 2646 997 2722 de
1015 2647 1104 2723 Sant
1119 2645 1253 2741 Amac,
1278 2694 1332 2705 -
1355 2648 1593 2755 Raymundus
1616 2649 1826 2726 Descanne.
1849 2696 1904 2707 --

480 2778 839 2856 Petrusservientis.
865 2824 919 2835 -
940 2777 1121 2853 Amaldus
1142 2776 1252 2854 Cufis.
1274 2823 1331 2837 --
1349 2778 1539 2856 Ferrarius
1557 2780 1652 2856 Boti.
1672 2825 1728 2836 --
1747 2778 1904 2858 &sillet-

480 2937 563 2983 mus
581 2907 629 2984 de
650 2908 823 3013 Terratis.
845 2956 901 2965 —
915 2907 1126 2986 Bernardus
1146 2908 1385 3014 Septembris.
1407 2956 1463 2966 -
1483 2910 1622 3015 Symon
1649 2909 1826 2987 de’l'urri.
1850 2955 1905 2969 -

479 3039 632 3143 Egidius
653 3040 699 3115 de
720 3038 844 3117 Vilert..
863 3085 921 3099 -
933 3039 1091 3117 lacobus
1107 3040 1323 3116 Mascaroni.

534 3302 811 3407 Consequenter
832 3302 868 3375 in
892 3300 1025 3378 eodem
1045 3302 1191 3378 instanti
1213 3301 1313 3377 idem
1335 3300 1508 3378 dominus
1534 3302 1729 3408 episcopus
1754 3301 1901 3408 publice

478 3429 565 3504 fecit
583 3431 701 3505 vocari
724 3447 760 3505 et
779 3430 896 3505 adsui
916 3431 1144 3535 presenciam
1166 3431 1292 3507 uenire
1318 3459 1448 3516 omnes
1475 3432 1628 3509 clericos
1654 3431 1838 3510 seculares
1867 3449 1904 3506 et

478 3559 591 3636 laicos
609 3588 766 3637 necnon
786 3561 883 3636 viros
902 3560 994 3637 elios
1011 3557 1206 3666 cujuslibet
1224 3561 1413 3669 religionis
1433 3563 1497 3668 qui
1524 3562 1575 3639 ibi
1596 3563 1763 3649 aderant,
1783 3562 1903 3668 preci-

478 3691 583 3792 piens
604 3691 656 3765 eis
672 3708 709 3766 et
725 3719 880 3767 monens
900 3721 964 3768 eos
984 3693 1193 3770 monicione
1217 3695 1390 3772 canonica
1415 3695 1518 3801 quod
1539 3697 1568 3771 si
1590 3695 1683 3772 forte
1705 3695 1901 3800 quisquam

479 3850 606 3897 eorum
628 3823 737 3898 sciret
754 3822 875 3928 aliqua
901 3853 1013 3929 super
1037 3824 1314 3930 inquisitionem
1336 3824 1540 3930 predictam
1555 3826 1634 3931 jam
1654 3855 1674 3900 a
1699 3854 1742 3902 se.
1759 3826 1902 3932 incepta

477 3969 601 4027 contra
619 3953 789 4028 ordinem
806 3972 843 4029 et
861 3953 1062 4060 singulares
1076 3982 1250 4060 personas
1263 3955 1430 4061 ejusdem
1455 3955 1596 4033 ordinis
1613 3956 1781 4061 Templi,
1800 3957 1901 4062 quod

478 4082 537 4157 illa
565 4083 705 4158 diceret
731 4101 767 4159 et
790 4083 996 4188 publicaret
1021 4102 1057 4162 et
1081 4085 1311 4191 aliquatenus
1340 4116 1415 4163 non
1440 4087 1574 4163 celaret
1597 4087 1721 4163 eidem
1747 4086 1901 4164 domino

478 4214 651 4319 episcopo
672 4215 870 4320 inquirenti
892 4245 912 4291 a
932 4216 994 4291 die
1013 4217 1194 4321 presentis
1211 4217 1433 4295 monicionis
1450 4246 1569 4323 usque
1585 4217 1632 4295 ud
1648 4216 1729 4293 dies
1746 4235 1830 4293 octo
1845 4247 1902 4294 se-

476 4364 649 4448 quentes,
678 4345 842 4451 alioquin
868 4346 966 4451 ipsos
986 4347 1141 4422 scientes
1163 4364 1199 4423 et
1218 4348 1377 4425 celantes
1398 4367 1434 4425 et
1457 4377 1530 4424 non
1551 4348 1752 4427 revelantes
1776 4347 1902 4424 eidem

477 4473 629 4551 domino
646 4477 820 4581 episcopo
837 4476 929 4553 infm
943 4477 1142 4552 terminum
1156 4478 1364 4583 predictum
1382 4498 1521 4555 extunc
1535 4480 1574 4553 in
1588 4478 1662 4555 hiis
1677 4478 1821 4584 scriptis
1843 4509 1902 4555 ex-

477 4607 825 4685 communicacionis
853 4606 998 4684 vinculo
1021 4608 1222 4685 innodavit.
1252 4611 1291 4685 ln
1318 4611 1508 4716 presencia
1524 4627 1561 4686 et
1584 4610 1799 4687 testimonio
1814 4610 1902 4686 Ber-

477 4735 583 4808 nardi
596 4734 643 4810 de
666 4737 832 4813 Priciano
851 4755 887 4813 et
906 4737 1095 4815 Guillelmi
1110 4737 1383 4829 Bonihominis‚
1401 4741 1607 4847 Raymundi
1622 4742 1748 4847 Troyn
1767 4758 1803 4816 et
1814 4739 1899 4846 plu-

476 4863 573 4938 rium
593 4864 747 4941 aliorum
769 4866 1308 4974 clericorum‚presbiterorum
1327 4887 1363 4947 et
1378 4869 1579 4978 laycorum,
