4236 5948
524 600 526 604 »
634 542 830 638 raocss
855 565 950 638 oss
976 566 1280 641 remissus.
1625 570 1675 642 so

244 707 404 815 sumptis
420 704 670 812 cingebantur
689 735 802 814 supra
817 706 984 786 camisias
999 736 1087 785 cum
1102 706 1243 816 quibus
1256 706 1444 816 jacebant.
1461 708 1676 816 lnjunctum

243 839 367 920 fuitei
395 867 464 946 per
479 853 717 944 receptorem
738 837 844 944 quod
866 867 944 916 non
963 837 1145 917 revelaret
1164 857 1307 917 secreta
1328 838 1581 946 capitulorum
1609 868 1679 919 nec

245 974 402 1053 modurn
422 969 657 1077 recepcionis
677 998 762 1058 sue,
792 988 830 1048 et
852 970 972 1049 credit
991 972 1095 1077 quod
1115 970 1343 1079 perdidisset
1365 973 1591 1052 mantellum
1611 976 1678 1080 qui

243 1104 451 1184 revelasset.
487 1101 779 1181 Confitebantur
809 1103 950 1210 quibus
975 1103 1162 1214 volebant.
1197 1105 1421 1212 Superiores
1452 1106 1615 1196 ordinis,
1647 1107 1678 1187 si

244 1239 411 1318 sciebant
436 1264 600 1328 errores,
624 1235 781 1313 luerunt
800 1235 1036 1346 negligentes
1053 1238 1143 1344 quia
1161 1267 1238 1317 non
1258 1255 1505 1317 correxerunt
1524 1267 1588 1317 eos
1608 1267 1678 1317 nec

244 1369 568 1449 denunciaverunt
588 1366 766 1445 Ecclesie.
783 1366 1040 1447 Eleemosinas
1056 1385 1094 1445 et
1108 1368 1403 1475 hospitalitatem
1420 1370 1518 1447 vidit
1543 1398 1677 1451 conve·

243 1503 390 1581 nienter
416 1499 500 1579 fieri
522 1517 559 1580 et
582 1499 719 1577 servari
743 1498 783 1576 in
808 1498 988 1578 domibus
1014 1499 1158 1578 ordinis
1180 1500 1220 1576 in
1246 1500 1388 1608 quibus
1411 1501 1552 1579 exstitit
1576 1529 1678 1581 com·

240 1649 422 1712 moratus.
441 1634 489 1709 Et
508 1657 643 1709 omnes
663 1629 892 1709 curialitates
909 1647 948 1708 et
962 1631 1128 1710 bonores
1142 1648 1250 1710 erant
1265 1631 1319 1709 eis
1339 1632 1522 1723 concessi,
1545 1651 1583 1710 et
1596 1650 1680 1712 tun

236 1763 435 1870 pitudines
462 1761 642 1850 inbibite,
669 1779 708 1838 et
728 1760 1007 1868 precipiebatur
1029 1762 1083 1838 eis
1100 1763 1207 1868 quod
1225 1762 1349 1842 bonos
1372 1792 1464 1841 usus
1489 1782 1679 1843 servarent

235 1913 276 1973 et
296 1895 418 1974 malos
443 1921 644 2002 proposse
674 1922 745 1973 suo
772 1891 1033 2001 reprobarent.
1060 1895 1176 1988 Quod
1201 1923 1361 2002 magnus
1386 1895 1565 2003 Magister
1587 1925 1676 1979 cum

231 2043 426 2106 conventu
457 2054 527 2105 suo
556 2025 769 2105 ordinasset
799 2043 979 2105 servasset
1007 2042 1112 2108 totus
1136 2026 1248 2118 ordo,
1278 2043 1407 2107 contra
1433 2056 1549 2135 quem
1575 2056 1677 2107 nunc

226 2157 394 2265 grandia
417 2157 606 2249 scandala,
633 2157 798 2264 suspicio
824 2175 863 2235 et
887 2155 1041 2237 infamia
1065 2173 1154 2237 sunt
1172 2175 1316 2247 exorta,
1343 2174 1382 2237 et
1406 2176 1537 2239 eontra
1559 2189 1676 2266 quem

228 2288 384 2367 audivit
404 2289 477 2368 dici
498 2317 680 2397 magnum
697 2289 920 2396 Magistrum
935 2307 975 2368 et
991 2288 1083 2367 alios
1103 2288 1228 2397 aliqua
1243 2288 1356 2369 fuisse
1375 2289 1576 2371 confessos.
1727 2267 1729 2271 i

294 2420 512 2528 Requisitus
541 2421 571 2499 si
602 2421 655 2499 sic
687 2420 914 2528 deposuerat
943 2448 1073 2526 prece,
1104 2437 1301 2527 precepto,
1337 2420 1492 2510 timore,
1526 2450 1674 2512 amore,

226 2552 345 2642 odio,
360 2550 421 2631 vel
431 2552 632 2660 temporali
648 2550 811 2630 comodo
825 2549 957 2631 habito
971 2550 1030 2629 vel
1040 2552 1237 2640 habendo,
1251 2553 1448 2660 respondit
1458 2554 1565 2660 quod
1578 2582 1673 2649 non,

223 2682 306 2762 sed
319 2710 390 2790 pro
402 2683 557 2762 veritate
574 2682 753 2774 dicenda3
771 2681 831 2761 eui
845 2679 918 2760 luit
930 2682 1146 2790 injunctum
1165 2683 1271 2789 quod
1288 2711 1367 2761 non
1381 2683 1564 2763 revelaret
1578 2683 1676 2765 hanc

222 2843 344 2895 suam
358 2815 642 2923 deposicionem
656 2822 857 2922 quousque
873 2815 1136 2895 attestaciones
1150 2813 1291 2895 suerint
1306 2816 1517 2923 publieate;
1532 2816 1676 2897 deffen-

222 2948 336 3027 sioni
356 2945 503 3026 ordinis
522 2975 562 3025 se
582 2973 661 3025 non
679 2943 880 3024 obtulerat.

294 3212 424 3291 Frater
442 3210 603 3289 lacobus
623 3208 671 3288 de
691 3207 790 3287 Villa
803 3207 942 3285 Parisia
960 3207 1125 3286 serviens
1141 3206 1358 3287 Parisiensis
1374 3207 1549 3303 diocesis,
1566 3213 1673 3292 testis

220 3373 352 3452 supra
365 3343 533 3452 juratus,
556 3369 635 3420 non
651 3320 839 3421 defferens
859 3338 1085 3417 mantellum
1104 3338 1265 3431 ordinis,
1285 3337 1376 3446 quia
1400 3340 1526 3447 ipsum
1540 3344 1673 3423 volun·

217 3476 330 3553 tan‘e
356 3475 550 3553 dimiserat
570 3489 754 3552 vetustate
776 3488 1062 3578 consumptum,
1087 3487 1127 3549 et
1144 3471 1226 3549 radi
1246 3469 1386 3551 fecerat
1405 3471 1477 3552 sibi
1496 3474 1671 3570 barbam,

222 3631 372 3688 xxxvrn
396 3585 584 3684 annorum
603 3603 661 3682 vel
680 3602 793 3695 cirea,
815 3601 882 3709 qui
903 3599 1115 3680 Aurelianis
1135 3601 1331 3684 absolutus
1354 3620 1394 3683 ct
1411 3605 1674 3687 reconciliatus

220 3738 360 3816 fuerat
388 3765 457 3844 per
484 3735 685 3815 dominum
710 3735 930 3840 episcopum
953 3732 1264 3813 Aurelianensem
1288 3734 1469 3840 inquisito
1492 3767 1581 3816 cum
1606 3765 1669 3828 ec,

220 3866 345 3947 lectis
370 3886 408 3947 et
430 3868 631 3977 diligenter
651 3866 828 3975 expositis
848 3865 921 3945 sibi
941 3866 1121 3949 omnibus
1145 3882 1184 3945 et
1207 3867 1365 3975 singulis
1383 3869 1570 3961 articulis,
1593 3898 1674 3951 res*

220 4000 380 4106 pondit
393 4029 434 4079 se
453 4028 651 4107 nunquam
666 3997 880 4076 interfuisse
898 3999 1111 4105 recepcioni
1131 3998 1291 4107 alicujus
1311 3998 1465 4080 alterius
1484 4029 1555 4080 nec
1574 4002 1674 4110 capi·

222 4133 329 4211 tulis
349 4160 502 4222 eorum,
530 4160 601 4210 nee
624 4144 780 4209 steterat
799 4129 839 4209 in
860 4129 995 4210 ordine
1015 4131 1087 4210 nisi
1105 4159 1173 4237 per
1193 4131 1396 4210 dimidium
1418 4142 1579 4220 annbm,
1602 4159 1672 4210 seu

220 4265 344 4370 quasi
366 4279 453 4342 ante
473 4264 692 4370 capcionem
713 4290 863 4353 eorum,
886 4261 991 4340 unde
1011 4262 1204 4343 nesciebat
1223 4262 1273 4343 dc
1296 4264 1481 4342 contentis
1500 4263 1541 4340 in
1562 4263 1673 4342 dictis

224 4379 420 4486 articulis,
442 4425 513 4473 nec
537 4395 715 4474 credebat
737 4423 809 4472 nec
831 4394 1026 4472 audiverat
1041 4394 1115 4473 dici
1142 4395 1215 4475 nisi
1233 4395 1338 4503 quod
1360 4394 1541 4500 sequitur.
1570 4395 1676 4476 Dixit

228 4527 342 4604 enirn
357 4557 397 4607 se
412 4528 528 4607 luisse
547 4545 743 4637 receptum
766 4529 806 4604 in
827 4528 968 4633 capella
987 4527 1125 4607 domus
1140 4527 1290 4635 Templi
1309 4528 1357 4605 de
1375 4527 1520 4633 Campo
1536 4528 1672 4607 Bubali

228 4656 470 4738 senonensis
499 4658 675 4748 diocesis,
703 4687 772 4766 per
800 4657 953 4738 fratrem
980 4659 1192 4739 lobannem
1215 4657 1263 4737 de
1289 4660 1386 4737 Tara
1410 4676 1672 4767 preceptorem

232 4789 339 4870 dicte
359 4790 515 4881 domus,
533 4807 671 4870 testem
691 4819 803 4900 supra
819 4789 1091 4879 examinatum,
1113 4789 1153 4868 in
1170 4789 1485 4898 Quadragessima
1502 4792 1671 4897 proximu

233 4940 325 5002 ante
355 4924 574 5032 capcionem
602 4951 755 5013 eorum,
783 4921 1023 5030 presentibus
1048 4920 1227 5003 fratribus
1253 4920 1412 5063 Dpniele
1438 4925 1485 5001 de
1509 4923 1671 5001 Parisios
