4236 5948
728 541 926 633 rnocts
958 557 1053 629 oss
1085 556 1389 627 rsnrtmns.
1688 553 1764 625 ass

340 704 516 787 volebant
530 703 729 807 assumptis
744 701 988 807 cingebantur
1003 727 1115 803 super
1133 698 1301 775 camisias
1320 725 1407 774 cum
1422 694 1561 804 quibus
1573 693 1762 801 jacebant,

341 837 408 916 sed
423 836 472 913 de
493 833 616 942 ydolis
637 850 675 911 et
691 833 875 939 capitibus
894 829 1111 938 ydolorum,
1135 830 1236 905 etde
1258 830 1340 905 aliis
1355 826 1540 933 capitibus
1564 826 1765 932 dequibus

341 968 602 1075 deposuerunt
632 964 809 1068 magister
841 959 1054 1038 Anthonius
1083 958 1131 1034 de
1157 958 1340 1036 Vercellis
1369 975 1406 1035 et
1432 956 1546 1033 frater
1577 958 1686 1062 Hugo
1718 956 1764 1032 de

341 1098 478 1188 Fuuro,
497 1124 575 1173 nou
591 1093 732 1170 audivit
751 1092 850 1169 ultra
868 1119 986 1177 mare,
1006 1089 1072 1166 ubi
1089 1088 1161 1165 tuit
1176 1118 1238 1165 sex
1253 1089 1359 1164 annis
1380 1105 1580 1196 antequam
1593 1087 1765 1163 intrasset

342 1226 515 1303 ordinem
530 1222 697 1328 Templi,
720 1250 790 1297 nec
817 1222 907 1296 citra
927 1217 1008 1296 lieri
1034 1218 1199 1324 aliquam
1219 1218 1468 1294 mencionem.
1491 1215 1668 1293 Promisit
1690 1244 1765 1291 non

342 1354 504 1433 revelare
516 1369 657 1430 secreta
672 1351 945 1457 capitulorum;
960 1351 990 1426 si
1002 1349 1216 1437 revelasset,
1238 1348 1358 1424 credit
1377 1347 1480 1454 quod
1501 1347 1654 1453 punitus
1674 1345 1765 1422 luis-

344 1502 410 1563 set.
434 1484 587 1590 Absque
611 1481 766 1559 licencia
791 1510 867 1557 non
887 1497 1062 1586 poterant
1090 1480 1172 1557 aliis
1199 1507 1311 1587 quam
1339 1477 1598 1555 sacerdotibus
1622 1476 1766 1553 ordinis

344 1614 528 1693 confiteri.
549 1614 697 1689 Fratres
723 1611 881 1688 scientes
905 1638 1050 1686 errores
1073 1609 1301 1686 consessatos
1326 1638 1393 1714 per
1413 1636 1502 1684 eum
1522 1608 1676 1684 luerunt
1701 1635 1765 1683 ne·

343 1744 545 1853 gligentes,
567 1741 654 1849 quia
672 1769 748 1818 non
774 1759 1016 1817 correxerunt
1042 1768 1124 1827 eos,
1152 1767 1220 1815 nec
1242 1739 1561 1815 denunciaverunt
1588 1739 1764 1815 Ecclesie.

343 1874 595 1952 Elemosinam
621 1890 659 1949 et
678 1872 970 1977 hospitalitatem
996 1871 1087 1947 vidit
1112 1872 1377 1948 convenienter
1403 1870 1484 1946 lieri
1508 1888 1546 1946 et
1567 1871 1701 1947 servari
1727 1872 1765 1948 in

310 2083 314 2091 ,
345 2003 521 2083 domibus
551 2003 694 2080 ordinis
718 2005 758 2078 in
776 2001 917 2110 quibus
939 2003 1078 2078 exstitit
1100 2018 1363 2077 commoratus.
1392 2000 1574 2078 Ordinata
1594 2030 1661 2106 per
1691 2003 1767 2078 Ma·

344 2135 501 2238 gistrum
517 2161 602 2208 cum
620 2149 807 2209 conventu
834 2150 1027 2221 servasset,
1042 2150 1085 2208 ut
1099 2132 1236 2217 credit,
1257 2148 1361 2207 totus
1377 2130 1489 2221 ordo,
1506 2147 1635 2206 contra
1651 2159 1764 2238 quem

344 2290 445 2340 nunc
465 2278 616 2369 propter
645 2263 810 2366 predicta
836 2262 992 2366 grandia
1018 2262 1214 2351 scandala,
1249 2261 1411 2364 suspicio
1436 2276 1473 2336 et
1502 2259 1653 2336 iufamia
1679 2280 1767 2338 sunt

345 2409 486 2482 exortas
499 2409 537 2468 et
550 2393 692 2469 audivit
706 2390 780 2465 dici
792 2391 896 2496 quod
907 2391 1084 2497 Magister
1096 2407 1133 2466 et
1148 2390 1211 2465 alii
1225 2390 1382 2467 confessi
1399 2407 1486 2466 sunt
1499 2390 1625 2494 aliqua
1637 2408 1764 2467 contra

346 2522 537 2613 ordinem,
563 2522 610 2598 ad
627 2520 733 2627 cujus
753 2519 1025 2597 deffensionem
1042 2548 1081 2596 se
1103 2547 1179 2595 non
1200 2518 1398 2596 obtulerat.

399 2651 616 2758 Requisitus
651 2651 679 2726 si
713 2650 765 2725 sic
792 2649 1018 2754 deposuerat
1046 2676 1174 2756 prece,
1208 2667 1406 2753 precepto,
1436 2650 1592 2740 timore,
1618 2678 1761 2741 amore,

347 2783 451 2871 odio,
468 2781 527 2858 vel
537 2779 736 2887 temporali
753 2779 1053 2857 comodohabito
1064 2778 1120 2857 vel
1140 2778 1334 2871 habendo,
1347 2778 1540 2883 respondit
1555 2780 1658 2886 quod
1674 2809 1763 2871 nou,

345 2911 411 2991 sed
431 2939 500 3018 pro
527 2910 681 2986 veritate
712 2909 893 2997 dicenda;
921 2908 980 2985 cui
1009 2906 1081 2984 luit
1104 2908 1313 3015 injunctum
1341 2909 1444 3015 quod
1477 2937 1554 2985 nou
1585 2910 1766 2988 revelaret

346 3043 440 3118 banc
460 3070 565 3118 suam
590 3040 887 3146 deposicionem,
910 3066 1107 3146 quousque
1127 3039 1385 3116 attestaciones
1404 3039 1545 3116 fuerint
1563 3039 1762 3145 publicate.

400 3171 488 3249 Acta
499 3170 652 3248 fuertmt
662 3170 732 3246 hec
746 3170 808 3246 die
822 3169 955 3247 iuloco
966 3168 1155 3275 predictis,
1170 3169 1406 3274 presentibus
1420 3170 1595 3277 magistro
1608 3169 1762 3264 Amisio,

345 3328 406 3379 me
423 3301 680 3378 Floriamontc
694 3300 915 3390 Dondedei,
935 3317 973 3376 et
992 3299 1073 3375 aliis
1090 3300 1243 3376 notariis
1267 3329 1376 3406 supra
1392 3300 1528 3378 ultimo
1549 3302 1760 3381 nominatis.

398 3566 488 3644 Post
507 3565 593 3652 hec,
622 3595 708 3641 cum
733 3560 867 3673 prelati
894 3565 1038 3645 domini
1065 3563 1309 3645 commissarii
1334 3563 1474 3645 vellent
1503 3566 1619 3645 finem
1644 3568 1766 3674 impo-

344 3718 434 3771 nere
462 3694 703 3800 inquisicioni
731 3697 896 3801 presenti
929 3715 967 3773 et
993 3697 1218 3773 concludere
1248 3698 1286 3773 in
1317 3698 1466 3788 eadem,
1500 3716 1537 3774 et
1565 3700 1764 3805 negocium

344 3824 535 3900 remittere
556 3824 713 3902 domino
732 3827 875 3932 Pappe,
894 3827 998 3933 juxta
1015 3826 1175 3903 sormam
1195 3828 1471 3903 commissionis
1489 3826 1583 3905 lacte
1604 3829 1763 3919 eisdem,

344 3967 399 4042 et,
416 3969 461 4028 ut
476 3952 664 4045 dixerunt,
680 3955 910 4060 scripsissent
924 3957 1131 4032 reverendo
1143 3958 1237 4061 patri
1254 3958 1293 4032 in
1303 3956 1452 4034 Christo
1470 3958 1626 4034 domino
1637 3957 1681 4035 G.
1694 3959 1765 4035 Dei

344 4082 464 4187 gracia
494 4083 684 4189 Bajocensi
718 4085 913 4190 episcopo,
936 4114 1068 4162 eorum
1090 4086 1251 4195 college,
1279 4104 1371 4162 tunc
1401 4087 1440 4162 in
1469 4088 1636 4162 Romana
1664 4087 1765 4162 curia

344 4213 533 4304 existenti,
555 4231 598 4291 ut
622 4216 889 4293 certificaretur
912 4244 998 4292 cum
1020 4215 1121 4293 dicto
1148 4217 1305 4295 domino
1331 4218 1444 4323 Papa,
1474 4245 1520 4292 an
1541 4217 1614 4293 hoc
1641 4216 1764 4322 place·

342 4358 400 4419 ret
427 4341 569 4434 eidem,
593 4362 631 4420 et
650 4345 752 4422 idem
774 4345 953 4424 dominus
978 4347 1189 4452 Bajocensis
1213 4349 1459 4454 rescripsisset
1484 4347 1628 4425 eisdem
1660 4350 1763 4455 quod

343 4488 422 4549 aeta
441 4500 510 4578 per
532 4474 652 4551 dictos
679 4475 857 4553 dominos
884 4477 1159 4555 commissarios
1189 4505 1303 4583 super
1326 4480 1490 4584 presenti
1515 4478 1764 4586 inquisicioue

343 4599 389 4676 ad
414 4604 562 4710 negocii
591 4605 883 4683 iustrucciouem
910 4607 997 4684 satis
1023 4607 1148 4684 eidem
1180 4607 1337 4684 domino
1363 4606 1478 4714 Pape,
1512 4625 1549 4686 et
1577 4608 1765 4718 aliquibus

344 4728 510 4810 dominis
532 4734 784 4813 cardinalibus
808 4737 856 4813 ad
880 4735 952 4813 hoc
977 4736 1165 4843 deputatis
1193 4736 1402 4842 specialiter
1428 4767 1495 4844 per
1526 4769 1633 4828 eum,
1662 4740 1764 4819 suffi-

343 4886 426 4938 cere
445 4862 680 4956 videbantur,
709 4866 783 4943 nisi
810 4865 858 4943 de
878 4868 1038 4974 receptis
1068 4865 1166 4947 ultra
1192 4895 1294 4946 mare
1323 4886 1476 4976 possent
1505 4871 1628 4949 adhuc
1648 4871 1765 4950 infor-
