4236 5948
1478 381 1524 447 3.-

351 525 420 598 iss
724 499 921 592 proces
951 515 1048 590 ons
1079 515 1387 589 rnnrnrsns.

345 660 525 740 revelaret
543 660 640 736 hanc
663 685 767 736 suam
789 655 1088 764 deposicionem,
1116 684 1315 764 quousque
1342 654 1601 733 attestaciones
1626 655 1771 736 suerint

373 794 546 871 ublicate.

346 823 371 899 p
401 924 511 1010 ltem,
542 921 635 998 dixit
660 919 784 1028 quod,
811 947 898 996 cum
924 935 1020 996 esset
1044 935 1213 1024 gravatus
1238 917 1396 1008 debitis,
1425 918 1531 996 dedit
1552 945 1593 994 se
1614 934 1651 994 et
1669 917 1772 995 bona

346 1081 431 1140 sna,
453 1081 529 1158 que
549 1068 654 1128 erant
673 1050 771 1127 bene
790 1048 925 1125 valoris
943 1048 1047 1125 mille
1068 1048 1252 1126 librarum
1265 1049 1564 1139 Turonensium,
1585 1048 1688 1167 dicto
1712 1077 1774 1126 or·

346 1183 443 1271 dini,
467 1200 651 1259 ettamen
678 1181 771 1259 ordo
800 1195 930 1285 postea
957 1207 1033 1258 non
1060 1178 1237 1257 satisfecit
1264 1178 1513 1257 creditoribus
1538 1178 1634 1271 suis,
1663 1178 1772 1285 quod

346 1317 424 1421 ipse
444 1314 563 1401 scivit,
586 1313 714 1389 dicens
734 1339 773 1387 se
794 1309 946 1388 credere
972 1309 1078 1417 quod
1105 1339 1182 1390 non
1207 1309 1436 1416 recepissent
1458 1338 1546 1387 eum
1570 1308 1621 1386 in¹
1636 1308 1771 1388 ordine

345 1445 416 1523 nisi
438 1444 603 1522 dedisset
621 1442 721 1520 bona
743 1469 821 1519 sua.

401 1710 529 1785 Frater
553 1708 684 1784 Petrus
709 1707 757 1783 de
784 1709 930 1816 Lanoys
954 1710 1134 1798 serviens,
1163 1707 1420 1786 Macloviensis
1453 1706 1633 1794 diocesis,
1665 1707 1772 1784 testis

345 1867 456 1946 supra
476 1839 642 1946 juratus,
669 1838 986 1946 quadragenarius
1004 1839 1062 1915 vel
1083 1839 1193 1928 circa,
1221 1837 1442 1915 mantellum
1468 1836 1611 1912 ordinis
1632 1853 1670 1912 et
1688 1836 1772 1914 bar·

344 1969 431 2046 bam
452 1968 660 2055 defferens,
682 1997 769 2044 cum
790 1997 867 2074 quo
887 1968 1110 2075 inquisitum
1130 1967 1271 2057 luerat,
1294 1966 1488 2045 absolutus
1505 1983 1542 2042 et
1557 1966 1773 2061 reconcilia-

344 2116 406 2176 tus
430 2128 497 2205 per
526 2097 723 2174 officialem
750 2097 1022 2190 Pictavensem,
1053 2102 1326 2204 protestacione
1354 2097 1532 2204 premissa
1558 2098 1664 2204 quod
1692 2124 1770 2176 non

345 2228 507 2305 intendit
527 2229 703 2305 recedere
724 2256 744 2302 a
765 2225 1005 2333 dep0sicione
1025 2256 1093 2333 per
1114 2256 1202 2305 eum
1222 2226 1315 2304 lacta
1335 2255 1459 2303 coram
1480 2225 1580 2303 dicto
1602 2225 1769 2314 officiali,

345 2359 450 2435 lectis
483 2374 520 2433 et
548 2357 747 2465 diligenter
768 2357 943 2464 expositis
969 2358 1040 2435 sibi
1069 2356 1246 2436 omnibus
1272 2373 1309 2434 et
1328 2356 1485 2464 singulis
1504 2356 1688 2445 articulis,
1712 2384 1771 2432 re·

345 2488 499 2595 spondit
522 2489 626 2594 quod
650 2490 801 2566 nullum
829 2489 947 2566 alium
972 2488 1115 2566 viderat
1134 2488 1249 2595 recipi
1278 2487 1318 2563 in
1330 2486 1485 2573 ordine,
1512 2514 1582 2562 nec
1600 2485 1772 2564 adfuerat

343 2618 580 2727 generalibus
600 2619 770 2725 capitulis
791 2620 1030 2709 eorumdem,
1056 2619 1159 2695 unde
1177 2617 1382 2706 nesciebat,
1403 2646 1472 2694 nec
1486 2618 1677 2706 credebat,
1701 2647 1773 2696 nec

344 2751 534 2829 audiverat
554 2750 627 2827 dici
644 2751 691 2826 de
708 2750 893 2828 contentis
909 2751 949 2826 in
965 2749 1018 2827 eis
1034 2750 1105 2826 nisi
1127 2748 1232 2857 quod
1251 2750 1441 2855 sequitur:
1458 2749 1560 2826 Dixit
1572 2779 1710 2856 nempe
1731 2779 1772 2828 se

344 2881 459 2958 luisse
478 2898 671 2987 receptum
692 2882 732 2956 in
753 2881 893 2987 capella
913 2880 1048 2957 domus
1063 2879 1214 2986 Templi
1235 2881 1283 2957 de
1304 2881 1499 2987 Lannoys,
1520 2880 1614 2957 circa
1633 2880 1772 2958 festum

344 3010 528 3087 Omnium
554 3013 777 3088 Sanctorum
806 3010 975 3115 proximo
1001 3011 1222 3116 preteritum
1246 3010 1400 3087 luerunt
1426 3011 1572 3088 circiter
1592 3039 1654 3089 xur
1681 3012 1771 3088 anni

343 3169 410 3244 per
438 3139 588 3216 fratrem
625 3142 778 3217 Petrum
805 3140 852 3216 de
872 3139 1075 3218 Villaribus
1105 3141 1265 3218 militem
1295 3141 1502 3248 quondam,
1530 3141 1771 3246 presentibus

343 3269 521 3347 fratribus
540 3273 699 3377 Hugone
715 3273 861 3347 Ponhet
873 3269 921 3346 de
935 3269 1125 3361 Alvernia,
1141 3300 1257 3378 quem
1274 3271 1395 3348 credit
1407 3271 1541 3359 vivere,
1564 3269 1771 3350 Guillelmo

344 3399 473 3474 Battan
488 3416 525 3475 et
541 3401 710 3476 lohanne
730 3399 778 3477 de
795 3400 986 3506 Fangeriis
999 3401 1263 3490 servientibus,
1284 3401 1500 3490 deffunctis,
1517 3401 1555 3476 in
1572 3401 1674 3478 hunc
1691 3432 1772 3481 mo-

345 3529 465 3605 dum:
486 3559 573 3605 nam
593 3559 678 3607 cum
705 3531 885 3608 instanter
910 3532 1163 3638 requisivisset
1187 3561 1207 3607 a
1230 3532 1331 3609 dicto
1356 3548 1548 3639 receptore
1572 3541 1711 3637 panem
1734 3551 1773 3609 et

344 3689 479 3766 aquam
490 3662 649 3750 ordinis,
672 3680 708 3740 et
729 3662 763 3738 ei
784 3663 1043 3750 concessisset,
1067 3680 1104 3739 et
1125 3663 1356 3770 prescivissct
1372 3663 1417 3740 ab
1438 3691 1483 3740 co
1503 3692 1571 3770 per
1581 3664 1773 3771 juramen·

342 3807 424 3867 tum
446 3792 550 3898 quod
566 3821 641 3869 non
662 3810 740 3870 erat
750 3793 1011 3883 matrimonio,
1029 3793 1135 3871 alteri
1152 3794 1344 3901 religioni,
1366 3793 1422 3871 vel
1440 3794 1577 3870 debitis
1597 3821 1672 3898 que
1693 3820 1773 3869 non

341 3938 469 4026 posset
492 3924 634 4000 solvere
660 3923 865 4030 obligatus,
894 3953 963 4001 nec
987 3924 1150 4001 habebat
1170 3924 1427 4001 infirmitatem
1452 3923 1653 4011 latentem,
1680 3920 1772 3998 fecit

342 4079 431 4131 eum
451 4080 582 4129 vovere
603 4071 641 4130 et
659 4053 786 4160 jurare
808 4055 1030 4143 castitatem,
1053 4055 1332 4145 obedienciam,
1356 4054 1477 4130 vivere
1499 4055 1579 4131 sine
1600 4052 1767 4160 proprio,

341 4211 485 4260 servare
504 4184 624 4263 bonos
643 4213 735 4262 usus
754 4201 792 4262 et
810 4185 929 4264 bonas
954 4186 1249 4263 consuetudines
1276 4184 1441 4277 ordinis,
1472 4203 1510 4261 et
1528 4185 1677 4291 juvaret
1697 4211 1769 4289 pro

342 4343 449 4419 posse
477 4342 546 4392 suo
568 4315 617 4391 ad
636 4316 911 4422 acquirendum
930 4319 1087 4394 Terram
1111 4334 1293 4405 sanctam,
1317 4334 1355 4393 et
1375 4315 1551 4422 imposito
1572 4314 1643 4392 sibi
1664 4341 1770 4391 man-

340 4445 451 4531 tello,
479 4462 651 4552 receptor
677 4463 715 4522 et
741 4463 909 4527 astantes,
927 4448 1083 4524 osculati
1109 4446 1263 4525 luerunt
1288 4476 1375 4524 eum
1400 4446 1440 4523 in
1469 4475 1545 4523 ore.
1577 4446 1665 4522 Post
1694 4473 1769 4553 que

342 4573 445 4650 idem
464 4595 635 4684 receptor
652 4579 822 4685 precepit
841 4579 963 4656 eidem
983 4579 1089 4672 testi,
1111 4580 1151 4656 in
1170 4579 1361 4685 presencia
1381 4578 1561 4667 aliorum,
1583 4575 1693 4683 quod
1705 4575 1769 4653 ab·

342 4723 494 4811 negaret
518 4724 576 4784 ter
602 4710 776 4802 Jlresnm,
806 4710 948 4817 etipse
976 4712 1082 4788 testis
1105 4711 1301 4817 abnegavit
1326 4728 1385 4786 ter
1412 4709 1567 4786 Jhesum
1596 4736 1661 4785 ore
1690 4734 1768 4785 non

342 4835 474 4924 corde,
506 4854 550 4913 ut
578 4838 680 4917 dixit.
712 4841 960 4920 Postmodum
989 4841 1156 4947 precepit
1186 4841 1219 4917 ei
1251 4839 1356 4947 quod
1386 4856 1539 4946 spueret
1567 4855 1626 4914 ter
1654 4864 1767 4941 super
