4236 5948
349 528 418 598 190
725 506 920 601 Procas
952 525 1047 599 nas
1078 524 1385 598 Tauranus.

343 666 592 744 Xantonensis
608 666 787 759 diocesis,
805 696 874 774 per
885 666 1039 743 lratrem
1055 665 1209 742 Petrum
1232 666 1279 742 de
1297 664 1442 743 Madito
1464 666 1626 744 militem
1650 699 1775 776 quon-

344 798 452 888 dam,
481 797 576 873 circa
600 795 738 873 lestum
762 798 968 874 Nativitatis
991 796 1145 874 Domini
1172 796 1344 902 proximo
1367 798 1590 903 preteritum
1618 800 1775 878 luerunt

345 929 491 1006 circiter
510 956 573 1006 run
599 929 702 1019 anni,
728 928 968 1034 presentibus
992 927 1169 1007 fratribus
1197 930 1308 1007 Petro
1332 929 1511 1018 Danbon,
1540 948 1577 1006 et
1601 931 1773 1011 Gerardo

345 1062 392 1138 de
409 1062 444 1138 la
456 1060 623 1147 Vernha‚
639 1078 858 1166 preceptore
876 1059 1189 1168 Petragoricensi‚
1204 1077 1242 1136 et
1256 1058 1466 1138 Guillelmo
1493 1061 1539 1137 de
1560 1061 1685 1140 Planis
1700 1092 1775 1142 ser-

345 1190 550 1281 vientibus,
567 1189 783 1277 dellunctis,
799 1191 837 1265 in
863 1191 965 1267 hunc
986 1191 1167 1267 modum:
1190 1219 1276 1266 nam
1292 1219 1378 1267 cum
1393 1191 1565 1297 peciisset
1580 1223 1718 1300 panem
1736 1215 1774 1273 et

345 1352 480 1431 aquam
502 1321 666 1409 ordinis,
685 1338 722 1397 et
737 1319 771 1396 ei
786 1321 951 1398 concessi
968 1318 1143 1412 luissent,
1166 1318 1254 1397 lecit
1274 1349 1361 1397 eum
1382 1321 1506 1399 dictus
1521 1342 1693 1431 receptor
1707 1354 1773 1403 vo-

343 1482 428 1532 vere
451 1472 488 1530 et
505 1454 633 1561 jurare
656 1452 880 1543 castitatem,
907 1451 1189 1540 obedienciam,
1218 1468 1256 1527 et
1281 1452 1404 1528 vivere
1432 1453 1511 1529 sine
1538 1457 1711 1561 proprio,
1736 1476 1774 1533 et

344 1584 521 1690 imposito
543 1583 614 1661 sibi
638 1581 832 1673 mantello,
855 1600 1026 1688 receptor
1041 1599 1078 1658 et
1093 1588 1254 1659 astantes
1270 1581 1425 1659 osculati
1446 1581 1599 1661 luerunt
1619 1614 1708 1662 eum
1733 1588 1772 1662 in

345 1738 422 1793 ore.
439 1716 615 1821 Postque
632 1713 735 1790 idem
755 1730 928 1826 receptor
942 1713 1108 1819 precepit
1124 1713 1177 1800 ei,
1200 1712 1239 1788 in
1255 1713 1446 1818 presencia
1463 1712 1642 1802 aliorum,
1665 1717 1773 1822 quod

344 1864 496 1952 spueret
510 1846 548 1922 in
564 1863 722 1932 terram,
733 1845 839 1952 juxta
854 1843 1056 1950 quamdam
1076 1872 1225 1920 crucem
1243 1843 1406 1950 ligneam
1423 1844 1462 1919 in
1478 1860 1575 1922 terra
1590 1847 1769 1951 positam,

344 1981 382 2055 in
404 2008 479 2085 qua
500 2005 577 2054 non
600 1994 678 2052 erat
696 2003 832 2082 ymago
857 1973 1052 2062 Crucifixi,
1076 1974 1194 2050 nescit
1218 2002 1420 2081 perquem
1447 1974 1610 2063 allatam,
1635 1977 1772 2082 etipse

342 2110 447 2187 testis
472 2108 573 2214 spuit
600 2106 639 2183 in
667 2123 805 2183 terram
828 2106 934 2214 juxta
960 2106 1098 2182 dictam
1123 2134 1283 2182 crucem.
1307 2105 1521 2211 Requisitus
1540 2106 1570 2182 si
1592 2106 1694 2183 idem
1713 2137 1773 2184 re-

345 2257 473 2345 ceptor
491 2238 549 2315 vel
574 2237 636 2313 alii
664 2236 838 2352 dixerunt
860 2237 894 2313 ei
919 2236 1026 2343 quod
1050 2253 1202 2341 spueret
1225 2236 1264 2311 in
1288 2236 1506 2341 despectum
1530 2236 1629 2313 dicte
1651 2240 1773 2315 crucis

343 2369 401 2447 vel
422 2366 614 2457 Crucifixi,
636 2367 694 2446 vel
715 2367 859 2474 aliquid
885 2367 990 2443 aliud
1011 2365 1185 2444 illicitum
1206 2366 1264 2443 vel
1287 2367 1548 2454 inhonestum,
1574 2371 1772 2475 respondit

344 2500 448 2610 quod
463 2526 557 2589 non,
576 2515 614 2575 et
630 2498 736 2605 quod
751 2526 828 2575 non
843 2498 962 2575 credit
977 2497 1081 2605 quod
1097 2497 1243 2604 aliquid
1258 2497 1432 2574 illicitum
1450 2498 1507 2574 vel
1524 2499 1770 2577 inhonestum

269 2695 274 2701 .
343 2631 585 2709 interveniret
603 2630 642 2705 in
657 2630 942 2734 recepcionibus
961 2629 1121 2706 aliorum
1139 2627 1296 2705 fratrum
1316 2629 1461 2705 ordinis
1478 2628 1535 2705 vel
1556 2647 1659 2735 post,
1681 2632 1772 2737 quia

343 2791 419 2840 non
439 2760 582 2838 audivit
602 2759 675 2836 dici
695 2788 766 2836 nec
785 2760 877 2839 vidit
897 2759 1061 2867 aliquem
1084 2760 1201 2835 alium
1221 2760 1348 2866 recipi.
1367 2761 1478 2846 Item,
1499 2759 1590 2836 dixit
1610 2789 1650 2837 se
1669 2761 1772 2838 bene

344 2893 497 2970 credere
519 2891 774 2969 ecclesiasticis
791 2890 1048 2977 sacramentis,
1071 2907 1108 2966 et
1122 2888 1228 2996 quod
1243 2889 1305 2965 alii
1324 2888 1456 2966 lratres
1473 2889 1616 2966 ordinis
1632 2892 1772 2969 eodem

343 3023 458 3100 modo
474 3021 688 3113 crederent,
707 3038 744 3097 et
760 3021 864 3126 quod
882 3047 1012 3097 eorum
1029 3019 1242 3098 sacerdotes
1257 3019 1384 3095 debite
1401 3018 1646 3097 celebrarent.
1662 3021 1772 3100 Clan-

343 3154 488 3232 destine
507 3152 795 3259 recipiebantur,
810 3151 927 3228 nullis
940 3151 1176 3258 presentibus
1192 3151 1261 3227 nisi
1278 3150 1456 3228 fratribus
1477 3150 1632 3227 ordinis.
1650 3149 1772 3229 Audi-

343 3286 393 3361 vit
416 3283 489 3358 dici
510 3299 730 3388 antequam
756 3282 911 3358 intraret
933 3281 1077 3358 dictum
1103 3279 1294 3371 ordinem,
1321 3278 1367 3356 ab
1388 3279 1564 3357 Arnaudo
1587 3280 1634 3357 de
1658 3280 1772 3358 Auri-

343 3413 434 3489 lolio
448 3412 495 3489 de
510 3411 645 3490 Coerel
659 3411 951 3518 Engolismensis
965 3412 1135 3499 diocesis,
1152 3427 1286 3517 patruo
1298 3410 1416 3516 ipsius
1428 3411 1543 3501 testis,
1560 3409 1767 3504 dellunct0,

344 3544 381 3619 in
391 3543 554 3650 quadam
563 3541 1020 3631 tabernavilledeGoerta,
1033 3541 1138 3647 quod
1150 3543 1272 3618 dictus
1282 3541 1682 3619 Arnaudusaudiverat
1695 3543 1769 3620 dici

344 3702 363 3748 a
383 3672 611 3780 quibusdam
629 3672 710 3751 aliis
730 3671 980 3762 secularibus,
1003 3701 1166 3778 quorum
1186 3673 1340 3748 nomina
1361 3689 1399 3748 et
1418 3672 1642 3780 cognomina
1661 3674 1770 3779 igno-

344 3822 417 3896 rat,
441 3803 546 3910 quod
570 3804 609 3879 in
633 3804 749 3882 domo
770 3804 921 3911 Templi
943 3804 990 3881 de
1011 3803 1168 3909 Rupella
1188 3822 1267 3880 erat
1287 3802 1479 3909 quoddam
1499 3803 1677 3909 ydolum,
1700 3806 1771 3882 sed

343 3934 497 4011 nescivit
518 3933 703 4010 declarare
726 3934 848 4011 dictus
861 3935 967 4011 testis
984 3933 1146 4040 amplius
1162 3933 1209 4009 dc
1233 3933 1524 4010 circumstanciis
1538 3932 1626 4008 dicti
1644 3933 1767 4040 ydoli,

342 4091 412 4141 nec
430 4064 698 4141 recordabatur
719 4064 783 4171 qui
811 4063 961 4141 luerant
980 4083 1172 4170 presentes
1191 4091 1278 4139 cum
1306 4063 1429 4139 dictus
1451 4063 1652 4139 Amaudus
1675 4063 1771 4142 dixit

342 4196 412 4273 sibi
432 4194 615 4301 predicta,
636 4196 702 4271 sed
723 4194 968 4301 postmodum
985 4194 1103 4272 nichil
1123 4193 1308 4271 intellexit
1326 4194 1372 4270 de
1395 4194 1495 4270 dicto
1511 4193 1626 4301 ydolo
1642 4195 1701 4271 vel
1721 4196 1770 4273 de

342 4326 441 4417 aliis,
467 4354 537 4403 nec
561 4325 807 4434 investigavit,
837 4343 881 4402 ut
907 4326 1011 4404 dixit.
1037 4325 1218 4404 Cordulis
1242 4325 1345 4401 unde
1369 4325 1545 4403 volebant
1568 4326 1769 4430 assumptis

341 4457 586 4566 cingebantur
609 4486 722 4563 super
747 4458 915 4535 camisias
941 4487 1027 4535 cum
1053 4457 1191 4564 quibus
1211 4455 1393 4564 jacebant.
1422 4455 1694 4564 lnjungebatur
1714 4456 1770 4533 eis

341 4588 446 4690 quod
473 4617 550 4667 non
574 4588 782 4667 revelarent
806 4608 947 4668 secreta
968 4589 1233 4695 capitoliorum
1254 4613 1324 4663 nec
1349 4587 1506 4664 modum
1534 4585 1768 4692 recepcionis

343 4742 427 4804 sue3
450 4719 514 4822 qui
534 4719 758 4796 revelassent
777 4719 899 4825 puniti
921 4719 1092 4808 luissent,
1110 4719 1179 4796 sed
1196 4717 1315 4794 nescit
1331 4718 1503 4822 qualiter.
1520 4716 1558 4794 Si
1579 4716 1769 4822 quierant

343 4847 474 4923 lratros
485 4849 642 4927 scientes
653 4878 799 4927 errores
821 4879 899 4927 esse
915 4853 954 4925 in
969 4852 1120 4937 ordine,
1137 4848 1294 4927 luerunt
1314 4848 1563 4955 negligentes,
1586 4847 1767 4954 quianon
