4236 5948
725 494 921 592 raocts
951 516 1048 589 ors
1078 516 1382 594 rnurmsas.
1685 525 1759 598 205

393 660 525 738 Frater
555 656 663 764 Hugo
690 659 736 736 de
766 661 899 738 Narsac
930 657 1113 752 serviens,
1143 677 1340 766 preceptor
1370 658 1506 736 domus
1533 659 1682 766 Templi
1714 663 1760 739 de

340 791 480 898 llspans
499 789 748 865 Xantouensis
777 790 952 881 diocesis,
980 789 1085 866 testis
1115 819 1227 896 supra
1251 791 1416 898 juratus,
1448 790 1671 868 mantellum
1702 820 1763 870 or·

343 920 440 1000 dinis
461 934 499 995 et
527 917 683 995 barbam
713 918 915 1011 defferens,
938 919 1257 1026 quadragenarius
1278 920 1337 997 vel
1362 920 1473 1013 circa,
1505 949 1592 998 cum
1610 950 1686 1027 quo
1708 923 1765 1000 in·

342 1049 523 1158 quisitum
551 1046 689 1139 fuerat,
718 1046 916 1126 absolutus
944 1063 982 1123 et
1012 1048 1273 1127 reconciliatus
1297 1077 1365 1154 per
1396 1048 1595 1125 dominum
1625 1052 1765 1156 episco-

341 1209 432 1287 pum
467 1179 766 1269 Xantouensem,
799 1178 905 1256 lectis
934 1195 972 1255 et
1003 1177 1204 1287 diligenter
1233 1177 1409 1285 expositis
1430 1177 1500 1254 sibi
1531 1179 1708 1258 omnibus
1728 1197 1766 1260 et

342 1309 499 1419 singulis
528 1307 709 1400 articulis,
731 1310 927 1416 respondit
946 1337 984 1385 se
1013 1310 1176 1400 nescire,
1198 1337 1269 1386 nec
1287 1308 1460 1399 credere,
1480 1335 1552 1385 nec
1579 1310 1763 1388 audivisse

343 1440 416 1518 dici
443 1442 492 1517 de
512 1438 697 1516 contentis
723 1439 762 1515 in
787 1439 841 1517 eis
868 1439 939 1515 nisi
971 1439 1076 1545 quod
1106 1439 1277 1545 sequitur
1296 1471 1305 1516 τ
1325 1436 1500 1515 videlicet
1523 1439 1628 1542 quod
1643 1441 1687 1517 'in
1707 1469 1765 1516 re-

326 1569 586 1677 'cepeionibus
608 1568 764 1647 fratrum
787 1569 949 1658 ordinis,
968 1588 1052 1675 post
1080 1568 1224 1675 aliquas
1249 1568 1368 1646 bonas
1398 1568 1695 1660 exhortaciones,
1728 1590 1766 1647 et

342 1717 425 1807 post
450 1718 578 1779 votum
609 1719 646 1777 et
664 1701 925 1807 juramentum
949 1699 1089 1776 lactum
1118 1729 1186 1806 per
1206 1728 1271 1778 eos
1290 1699 1394 1806 quod
1414 1716 1601 1777 servarent
1620 1703 1764 1779 castita·
1807 1677 1810 1682 ⁵

341 1849 436 1923 tem,
458 1830 739 1924 obedienciam,
762 1848 799 1908 et
827 1831 992 1908 viverent
1021 1832 1102 1907 siue
1131 1832 1301 1937 proprio,
1331 1847 1368 1907 et
1400 1846 1485 1937 post
1514 1831 1764 1907 tradicionem

343 1959 512 2038 mantelli
534 1978 571 2037 et
595 1959 767 2038 osculum
789 1961 880 2050 oris,
906 1960 1092 2039 laciebant
1120 1962 1238 2038 dictos
1265 1961 1395 2038 fratres
1421 1960 1673 2038 communiter
1702 1960 1766 2037 ab·

343 2118 479 2198 negare
505 2092 647 2180 Deum,
677 2109 715 2169 et
745 2092 818 2168 hoc
849 2090 1128 2197 precipiebatur
1156 2091 1226 2182 eis,
1255 2092 1344 2196 qnia
1369 2092 1584 2198 juraverant
1611 2090 1766 2171 obedire

344 2220 520 2300 omnibus
545 2221 830 2329 preceptoribus
855 2222 932 2298 suis
953 2237 990 2297 et
1008 2221 1195 2328 preceptis
1224 2249 1298 2327 que
1326 2222 1379 2299 eis
1407 2221 1556 2310 fierent,
1585 2221 1688 2298 unde
1719 2250 1767 2298 ne

343 2369 609 2458 reputarentur
629 2352 769 2459 perjuri
788 2369 826 2429 et
850 2351 1128 2438 inobedientes,
1148 2351 1381 2458 abnegabant
1397 2352 1535 2428 Deum.
1548 2353 1767 2458 Verumpta·

345 2508 432 2558 men
460 2482 663 2589 aliquando
683 2481 979 2588 supersedebant
999 2480 1045 2559 ab
1072 2482 1162 2572 hoc,
1192 2481 1346 2587 quando
1363 2479 1651 2586 recipiebantur,
1667 2482 1768 2558 mul-

345 2629 426 2689 tum
446 2627 632 2718 potentes
646 2630 683 2690 et
702 2611 867 2705 nobiles,
884 2629 921 2689 et
939 2611 1130 2706 habebant
1149 2610 1289 2688 multos
1310 2611 1356 2688 de
1378 2611 1506 2687 amicis
1525 2611 1602 2689 suis
1619 2640 1765 2700 secum,

347 2770 393 2819 ne
413 2760 568 2849 possent
588 2744 656 2821 ista
673 2744 868 2850 divulgari.
904 2744 1118 2849 Requisitus
1136 2743 1330 2850 quomodo
1351 2743 1490 2821 sciebat
1506 2743 1688 2850 predicta,
1708 2773 1767 2821 re-

346 2875 499 2979 spondit
518 2873 623 2980 quod
644 2874 724 2980 ipse
745 2894 917 2981 receptus
933 2875 1053 2952 fuerat
1072 2875 1281 2951 secundum
1304 2875 1464 2952 modum
1476 2875 1704 2980 predictum,
1726 2877 1767 2950 in

347 3003 486 3111 capella
505 3006 642 3082 domus
655 3004 806 3111 Templi
823 3005 872 3081 de
890 3005 1093 3110 Dempuho
1116 3004 1366 3082 Xantonensis
1381 3003 1556 3097 diocesis,
1573 3005 1611 3081 in
1636 3005 1769 3086 octaba

346 3136 643 3215 Resurrectionis
669 3136 867 3214 Dominice
902 3137 1074 3242 proximo
1109 3137 1286 3241 preterite
1315 3134 1469 3213 luerunt
1499 3162 1568 3215 xxv
1592 3138 1680 3211 anni
1708 3138 1767 3214 vel

347 3268 457 3356 circa,
479 3295 547 3372 per
570 3264 722 3342 lratrem
742 3267 897 3342 Petrum
924 3266 971 3343 de
998 3265 1142 3344 Banhol
1161 3265 1372 3371 quondam,
1393 3283 1652 3372 preceptorem
1676 3284 1768 3344 ωηο

349 3397 445 3481 dicte
479 3395 633 3483 domus,
664 3395 907 3500 presentibus
934 3395 1110 3473 fratribus
1145 3396 1337 3474 Bemardo
1369 3396 1507 3489 Gallio,
1536 3397 1647 3475 Petro
1676 3397 1769 3476 Ful-

349 3527 456 3604 candi
473 3542 510 3603 et
528 3526 698 3603 lohanne
719 3525 899 3618 Daussac,
921 3527 1170 3604 servientibus
1191 3526 1402 3604 deffunctis.
1424 3528 1548 3605 Prima
1558 3544 1685 3606 tamen
1707 3529 1768 3606 die

349 3656 580 3763 recepcionis
601 3684 685 3748 sue,
707 3684 776 3732 nec
793 3659 910 3734 eciam
932 3686 975 3733 ex
989 3674 1082 3734 tunc
1101 3658 1178 3736 fere
1199 3686 1267 3763 per
1287 3659 1383 3736 duos
1398 3686 1562 3748 menses,
1584 3687 1661 3737 non
1682 3658 1771 3735 lecit

348 3786 536 3892 predicta,
548 3788 617 3864 sed
637 3786 769 3892 elapsis
794 3787 945 3863 duobus
962 3788 1158 3867 mensibus
1178 3787 1237 3865 vel
1257 3788 1372 3877 circa,
1395 3816 1483 3864 cum
1498 3788 1771 3894 supervenisset

349 3914 552 3995 addictam
570 3916 729 3995 domum
740 3893 857 3993 'frater
875 3917 1065 3993 lohannes
1097 3915 1135 3994 lo
1162 3919 1322 3994 Frances
1340 3916 1549 4022 quondam,
1573 3933 1771 4022 preceptor

349 4061 440 4122 ωηο
457 4047 633 4133 pictavie,
658 4064 696 4124 et
720 4047 884 4124 scivisset
903 4076 990 4123 cum
1010 4064 1202 4153 receptore
1226 4046 1331 4155 quod
1350 4047 1429 4152 ipse
1448 4047 1554 4124 testis
1570 4073 1648 4123 non
1672 4045 1771 4122 lece·

310 4219 314 4226 ·
349 4191 405 4253 rat
423 4174 717 4283 abnegacionem
740 4177 964 4282 predictam,
993 4177 1082 4283 quia
1108 4192 1361 4285 expectaverat
1386 4176 1435 4253 ad
1460 4177 1534 4252 hoc
1554 4174 1769 4252 laciendum

351 4303 494 4383 dictum
525 4323 803 4413 preceptorem,
832 4325 875 4385 ut
902 4308 1069 4401 dicebat,
1099 4308 1223 4386 dictus
1251 4324 1461 4416 preceptor,
1490 4323 1690 4384 convocato
1712 4335 1771 4382 ca·

350 4434 488 4540 pitulio
507 4435 606 4539 intra
619 4437 758 4514 dictam
776 4437 975 4544 capellam,
996 4457 1035 4517 et
1054 4440 1179 4518 clauso
1196 4440 1294 4517 ostio
1311 4437 1409 4516 dicte
1425 4435 1582 4544 capelle,
1604 4437 1771 4542 precepit

292 4564 295 4571 ’
352 4564 477 4642 eidem
507 4568 594 4644 testi
626 4569 731 4673 quod
760 4566 960 4676 abnegaret
986 4572 1131 4660 Deum,
1175 4587 1212 4647 et
1237 4569 1325 4676 quia
1345 4569 1425 4674 ipse
1453 4567 1559 4644 testis
1586 4567 1772 4674 juraverat

350 4694 507 4775 obedire
533 4697 835 4805 quibuscumque
859 4701 1138 4808 preceptisque
1164 4699 1237 4779 sibi
1258 4696 1395 4776 fierent
1423 4715 1466 4776 et
1486 4699 1773 4804 preceptoribus

353 4825 446 4917 suis,
472 4843 510 4904 et
529 4829 632 4935 quod
662 4858 741 4908 non
768 4831 976 4908 dimitteret
1005 4833 1178 4910 ordinem
1207 4858 1278 4940 pro
1306 4828 1455 4908 meliori
1480 4828 1537 4906 vel
1557 4830 1694 4935 pejori,
1711 4827 1772 4905 ab
