4236 5948
250 158 319 229 172
639 133 834 231 esoces
859 153 954 226 ons
979 152 1278 227 rennuens.

243 312 340 372 teste
365 322 479 401 supra
508 278 734 384 examinato,
763 292 1004 400 presentibus
1035 290 1214 373 iratribus
1240 293 1393 373 Matheo
1424 292 1473 369 de
1507 291 1672 371 Garucto

248 425 459 531 presbitero
494 441 532 500 et
557 422 765 502 Guillelmo
798 423 954 515 Barloti,
992 422 1156 501 detentis
1184 422 1287 530 apud
1315 424 1493 503 Sanctum
1520 423 1674 501 Maxen-

249 554 350 631 eium
368 554 592 632 Pictavensis
611 553 785 642 diocesis,
807 555 918 631 Petro
943 553 1153 630 laboratore
1182 553 1280 629 dicte
1302 554 1438 630 domus
1458 552 1506 630 de
1524 552 1671 644 Auson,

249 685 406 762 detento
437 684 607 775 Pictavis,
635 682 893 762 servientibus.
925 683 1078 762 Viderat
1108 684 1226 760 eciam
1255 685 1371 790 recipi
1402 682 1536 760 lratres
1562 681 1673 762 Guil-

247 813 407 892 lelmum
440 811 583 897 Gavanr
609 830 647 891 et
666 814 764 891 duos
784 812 876 890 alios
905 812 1063 904 milites,
1086 843 1249 920 quorum
1283 814 1436 891 nomina
1467 828 1506 890 et
1533 839 1672 917 cogno-

246 944 348 1021 mina
375 945 535 1050 ignorat,
565 942 719 1020 insimul
746 961 785 1020 et
805 944 939 1021 eodem
964 944 1096 1034 modo,
1124 944 1162 1019 in
1187 943 1327 1049 capella
1350 943 1446 1019 dicte
1471 942 1608 1020 domus
1621 943 1670 1019 de

247 1074 396 1160 Auson,
420 1090 510 1152 sunt
528 1073 674 1150 circiter
694 1100 805 1153 xnvnr
831 1075 933 1164 anni,
962 1102 1030 1180 per
1051 1074 1204 1150 fratrem
1233 1074 1479 1152 Amblardum
1508 1072 1670 1149 militem

246 1204 455 1311 quondam,
467 1221 727 1311 preceptorem
735 1205 911 1293 Pictavie,
922 1203 1162 1311 presentibus
1178 1204 1355 1282 iratribus
1365 1201 1571 1283 Guillelmo
1587 1205 1672 1280 ber·

246 1335 368 1412 trandi
394 1353 432 1412 et
456 1334 630 1442 pluribus
654 1335 736 1412 aliis
761 1333 973 1411 deffunctis.
997 1335 1107 1420 Item,
1132 1333 1226 1411 dixit
1246 1336 1350 1441 quod
1371 1334 1468 1411 bene
1491 1332 1670 1410 credebat

245 1465 501 1543 ecclesiasticis
521 1465 775 1555 sacramentis,
799 1481 837 1541 et
857 1464 976 1541 credit
996 1465 1100 1570 quod
1120 1463 1181 1540 alii
1202 1463 1334 1540 fratres
1358 1463 1502 1540 ordinis
1529 1462 1666 1540 eodem

244 1593 360 1673 modo
380 1596 593 1684 crederent,
615 1612 654 1672 et
673 1595 777 1701 quod
798 1623 928 1671 eorum
948 1595 1159 1672 sacerdotes
1179 1593 1304 1671 debite
1331 1593 1573 1671 celebrarent.
1599 1593 1667 1669 Ju-

245 1724 377 1801 rabant
396 1726 569 1803 ordinem
591 1753 667 1802 nou
688 1726 799 1802 exire.
830 1725 963 1802 Statim
994 1752 1062 1830 pro
1087 1723 1260 1831 professis
1281 1724 1527 1801 habebantur.
1554 1722 1667 1801 Clan-

247 1854 393 1930 destine
409 1854 697 1962 recipiebantur,
733 1853 848 1931 nullis
868 1853 1107 1960 presentibus
1133 1855 1206 1930 nisi
1233 1853 1408 1931 lratribus
1441 1851 1595 1929 ordinis.
1625 1854 1666 1931 Si

246 1984 309 2088 qui
338 2001 444 2060 erant
470 1983 602 2061 fratres
628 1984 788 2062 scientes
812 1983 958 2090 aliquos
986 2012 1132 2061 errores
1167 2012 1246 2061 esse
1272 1984 1311 2059 in
1336 1982 1486 2068 ordine,
1511 1979 1667 2060 luerunt

249 2113 496 2221 negligentes,
514 2115 695 2220 quianon
713 2131 954 2192 correxerunt
974 2141 1039 2193 eos
1059 2141 1129 2191 nec
1149 2113 1470 2191 denunciaverunt
1488 2111 1665 2190 Ecclesie.

247 2239 504 2319 Helemosinas
524 2259 562 2320 et
582 2242 872 2349 hospitalitatem
892 2243 985 2320 vidit
1014 2244 1277 2322 convenienter
1306 2243 1388 2321 lieri
1415 2259 1453 2320 et
1471 2243 1607 2318 servari
1629 2244 1668 2321 in

247 2371 425 2449 domibus
450 2372 594 2450 ordinis
624 2375 663 2448 in
694 2373 835 2480 quibus
866 2374 984 2451 extitit
1012 2390 1280 2462 commoratus,
1309 2390 1347 2450 et
1370 2372 1544 2481 capitulio
1570 2372 1668 2450 clam

245 2502 380 2588 teneri,
403 2501 517 2580 nullis
536 2502 774 2608 presentibus
791 2503 862 2580 nisi
883 2498 1060 2580 fratribus
1084 2503 1246 2594 ordinis,
1268 2520 1353 2611 post
1371 2504 1541 2590 missam,
1559 2502 1668 2581 valde

244 2631 479 2736 tempestive,
502 2649 546 2708 ut
563 2649 716 2737 possent
735 2631 877 2738 absque
898 2630 1086 2709 caloribus
1103 2632 1283 2738 equitare.
1305 2630 1485 2709 Ordinata
1504 2658 1573 2736 per
1586 2633 1667 2710 Ma-

243 2762 402 2867 gistrum
434 2791 521 2840 cum
552 2779 736 2839 conventu
767 2779 947 2840 servasset
982 2779 1087 2841 totus
1125 2761 1236 2852 ordo,
1266 2777 1392 2839 contra
1418 2790 1532 2869 quem
1564 2789 1669 2840 nunc

245 2891 399 2995 grandia
429 2891 616 2979 scandala,
638 2892 801 2998 suspicio
832 2908 870 2969 et
889 2892 1041 2970 infamia
1073 2909 1163 2971 suut
1181 2908 1323 2979 exorta,
1346 2908 1384 2969 et
1403 2908 1529 2968 contra
1548 2919 1667 2998 quem

245 3021 387 3098 audivit
409 3022 480 3099 dici
504 3050 682 3130 magnum
704 3022 921 3129 Magistrum
942 3041 980 3101 et
1009 3023 1101 3102 alios
1119 3023 1245 3129 aliqua
1268 3021 1382 3099 luisse
1403 3020 1608 3115 consessum
1628 3041 1668 3100 et

245 3152 347 3227 llevit
366 3151 531 3230 multum
564 3152 603 3229 in
634 3181 702 3230 sua
731 3152 989 3258 deposicione,
1016 3169 1054 3230 et
1083 3152 1197 3258 peciit
1221 3153 1326 3259 quod
1354 3168 1451 3228 esset
1478 3150 1575 3230 salva
1594 3152 1668 3231 sibi

245 3284 316 3357 vita
331 3311 413 3373 sua,
432 3300 469 3359 et
485 3283 579 3361 dixit
598 3283 702 3390 quod
723 3282 794 3360 alia
814 3282 937 3361 fuerat.
955 3282 1147 3361 confessus
1166 3309 1291 3359 coram
1313 3280 1459 3359 officiali
1476 3282 1666 3387 predicto,

245 3429 283 3486 et
297 3412 401 3518 quod
421 3412 543 3490 luerat
562 3431 646 3492 ante
666 3431 800 3492 tortus.

301 3543 515 3648 Requisitus
532 3545 562 3621 si
574 3545 627 3622 sic
639 3545 865 3651 deposuerat
880 3573 1008 3651 prece,
1024 3563 1214 3653 precepto,
1231 3548 1383 3634 timore,
1400 3575 1544 3639 amore,
1560 3545 1664 3637 odio,

243 3672 302 3750 vel
321 3672 519 3780 temporali
553 3675 714 3753 comodo
743 3674 872 3752 habito
897 3674 956 3753 vel
987 3676 1183 3765 habendo,
1210 3677 1405 3783 respondit
1433 3676 1536 3783 quod
1569 3705 1666 3767 non,

244 3806 308 3882 sed
338 3831 405 3909 pro
435 3805 587 3882 veritate
612 3805 788 3896 dicenda3
821 3805 880 3882 cui
913 3805 986 3884 luit
1008 3807 1222 3914 injunctum
1252 3808 1357 3914 quod
1380 3835 1457 3883 non
1486 3807 1670 3886 revelaret

244 3935 340 4010 hanc
355 3962 460 4011 suam
472 3935 775 4040 deposicionem,
798 3964 998 4043 quousque
1016 3936 1275 4015 attestaciones
1300 3936 1440 4013 luerint
1465 3935 1666 4042 publicato.

301 4193 429 4269 Frater
445 4193 576 4271 Petrus
598 4195 645 4272 de
664 4195 830 4274 Turonis
856 4196 1038 4284 serviens,
1065 4214 1265 4305 preceptor
1295 4196 1432 4274 domus
1450 4197 1600 4302 Templi
1621 4197 1670 4275 de

245 4324 380 4429 Frotay
395 4324 627 4402 Turonensis
646 4324 822 4413 diocesis,
841 4326 946 4403 testis
965 4355 1078 4434 supra
1092 4326 1255 4434 juratus,
1278 4325 1501 4402 mantellum
1528 4326 1672 4405 ordinis

246 4471 283 4528 et
298 4452 453 4529 barbam
475 4453 680 4544 defferens,
708 4455 1026 4562 quadragenarius
1052 4475 1138 4536 octo
1167 4486 1352 4534 annorum
1369 4457 1426 4534 vel
1451 4459 1561 4549 circa,
1581 4485 1667 4536 cum
