4236 5948
727 533 919 625 raucas
951 553 1047 623 ons
1080 553 1384 625 reuertens.
1638 528 1644 537 '
1689 559 1761 628 215

341 711 492 770 venerat
512 722 531 769 a
550 722 648 769 casu.
675 692 785 785 ltem,
810 693 903 770 dixit
926 693 1029 798 quod
1053 691 1149 769 bene
1175 693 1352 771 credebat
1372 692 1628 770 ecclesiasticis
1647 722 1763 772 sacra-

238 894 243 901 .
342 824 496 914 mentis,
515 841 552 901 et
572 823 691 899 credit
705 825 809 929 quod
826 822 1034 899 aliilratres
1046 823 1189 900 ordinis
1211 824 1347 900 eodem
1363 824 1480 900 modo
1497 823 1710 912 crederent,
1729 845 1766 903 et

341 957 446 1061 quod
471 984 603 1032 eorum
623 954 834 1031 sacerdotes
858 954 983 1030 debite
1007 953 1251 1031 celebrarent.
1277 956 1389 1043 Item,
1415 953 1507 1029 dixit
1523 982 1562 1029 se
1581 953 1765 1033 audivisse

342 1086 413 1163 dici
432 1087 471 1162 iu
491 1086 592 1162 dicto
614 1086 746 1162 ordine
763 1103 800 1162 et
815 1085 967 1161 credere
987 1084 1109 1190 quod,
1129 1103 1331 1191 antequam
1352 1084 1534 1161 baberent
1554 1085 1765 1163 sacerdotes

342 1216 378 1292 in
396 1216 549 1306 ordine,
570 1244 703 1292 eorum
722 1233 958 1321 preceptores
972 1214 1055 1291 laici
1071 1214 1312 1293 absolvebant
1326 1216 1420 1292 alios
1435 1214 1566 1291 fratres
1585 1215 1730 1292 ordinis
1746 1245 1765 1291 a

341 1346 501 1451 peccatis
519 1347 738 1422 auctoritate
757 1344 979 1451 apostolica;
996 1342 1063 1420 sed
1076 1345 1321 1451 postmodum
1339 1361 1536 1450 postquam
1551 1344 1767 1421 babuerunt

342 1476 569 1566 sacerdotes,
588 1504 665 1552 non
685 1474 824 1552 audivit
841 1473 914 1549 dici
930 1473 1034 1579 quod
1052 1473 1288 1551 absolverent
1306 1474 1394 1550 dicti
1415 1472 1498 1549 laici
1515 1491 1763 1578 preceptores.

343 1606 523 1683 Jurabant
541 1605 713 1682 ordinem
735 1635 812 1681 non
828 1605 945 1692 exire3
969 1604 1094 1680 statim
1115 1633 1182 1711 pro
1203 1605 1379 1711 professis
1394 1605 1642 1682 habebantur.
1657 1605 1766 1683 Clan-

344 1735 488 1813 destine
511 1736 800 1841 recipiebantur,
828 1734 955 1811 nullis·
970 1735 1205 1839 presentibus
1233 1736 1304 1812 nisi
1326 1735 1505 1813 fratribus
1531 1736 1695 1827 ordinis,
1724 1766 1767 1813 ex

344 1896 418 1972 quo
439 1867 560 1943 credit
579 1866 684 1972 quod
702 1883 798 1943 esset
817 1865 980 1970 suspicio
995 1880 1122 1941 contra
1142 1895 1217 1943 eos.
1235 1866 1533 1944 Delleudebatur
1552 1868 1607 1943 eis
1623 1868 1765 1945 crimen

344 1997 629 2085 sodomiticum,
648 2014 686 2074 et
705 1997 734 2072 si
755 1996 821 2101 qui
843 1995 999 2072 convicti
1020 1994 1177 2072 luissent
1196 1995 1340 2072 dictum
1357 1997 1500 2073 crimen
1517 2015 1764 2102 perpetrasse,

344 2126 500 2203 luissent
515 2126 564 2202 ab
582 2127 715 2203 ordine
733 2124 883 2203 exclusi.
913 2124 1017 2201 Ultra
1035 2155 1138 2202 mare
1162 2127 1255 2202 dixit
1274 2157 1312 2203 se
1328 2125 1440 2204 luisse
1462 2156 1524 2203 sex
1544 2127 1650 2204 annis
1667 2155 1768 2203 com-

345 2275 511 2335 moratus
528 2275 729 2363 antequam
747 2274 843 2334 esset
862 2257 975 2334 frater
993 2257 1152 2345 ordinis,
1175 2256 1215 2331 in
1230 2257 1384 2334 servicio
1399 2256 1522 2334 fratris
1538 2257 1585 2336 G.
1606 2255 1653 2334 de
1675 2258 1768 2335 San-

344 2404 424 2465 zeto
452 2389 645 2492 quondam
673 2387 804 2465 militis
828 2387 917 2464 dicti
943 2387 1104 2475 ordinis,
1130 2404 1301 2492 tempore
1331 2386 1455 2464 fratris
1481 2386 1680 2465 Guillelmi-
1720 2388 1767 2463 de

344 2515 453 2594 Bello
465 2517 556 2594 Joco
574 2517 739 2624 Magistri
758 2535 847 2594 tunc
862 2518 1023 2606 ordinis3
1046 2535 1084 2593 et
1102 2517 1287 2623 decapite
1306 2518 1446 2623 dequo
1464 2516 1638 2622 deposuit
1656 2545 1768 2621 supra

343 2648 519 2753 magister
538 2647 751 2725 Anthonius
772 2649 872 2754 Sycti
897 2648 943 2723 de
965 2645 1162 2733 Vercellis,
1191 2664 1228 2724 et
1251 2647 1299 2722 de
1314 2647 1438 2754 ydolis
1458 2646 1604 2722 nullam
1627 2645 1769 2722 audivit

344 2777 425 2854 lieri
442 2778 692 2855 mencionem.
716 2779 819 2856 Dixit
833 2796 959 2853 tamen
975 2778 1078 2882 quod
1096 2778 1217 2853 dictus
1235 2777 1347 2853 frater
1362 2776 1591 2854 Guillelmus
1606 2774 1768 2852 habebat

344 2936 515 3014 maguam
539 2908 745 2985 amiciciam
769 2937 854 2984 cum
878 2907 1037 2984 soldano
1060 2924 1098 2984 et
1119 2907 1329 2995 Saracenis,
1361 2906 1450 3011 quia
1476 2904 1584 2981 aliter
1603 2933 1680 2981 uon
1699 2934 1767 3010 po-

343 3038 500 3115 tuissent
526 3039 606 3144 ipse
629 3038 688 3115 vel
713 3039 808 3116 ordo
834 3055 921 3114 tunc
946 3036 1044 3113 ultra
1068 3065 1170 3113 mare
1198 3037 1431 3113 remansisse.
1462 3035 1640 3112 Cordulis
1663 3036 1767 3111 unde

343 3168 518 3245 solebant
532 3170 732 3277 assumptis
747 3169 991 3276 cingebantur
1010 3197 1123 3274 super
1138 3168 1307 3245 camisias
1324 3197 1411 3244 cum
1430 3168 1568 3273 quibus
1579 3165 1764 3273 jacebant.

343 3298 415 3374 Per
433 3319 705 3377 sacramentum
727 3300 993 3408 injungebatur
1008 3300 1062 3376 eis
1075 3299 1179 3405 quod
1195 3327 1272 3375 non
1284 3299 1494 3375 revelarent
1512 3316 1651 3374 secreta
1671 3297 1768 3402 capi-

344 3428 537 3521 tuliorum,
568 3431 615 3507 de
641 3432 755 3508 modo
781 3430 1011 3536 recepcionis
1031 3430 1180 3535 speciali
1203 3459 1280 3506 non
1305 3429 1433 3506 habita
1458 3428 1666 3505 mensione.
1692 3430 1765 3521 Qui

345 3558 568 3638 revelassent
602 3561 649 3637 ad
679 3589 813 3667 panem
844 3577 883 3637 et
909 3589 1043 3666 aquam
1071 3578 1109 3638 et
1136 3558 1225 3638 alias
1258 3559 1415 3668 graviter
1443 3560 1566 3665 puniti
1597 3558 1764 3635 luissent.

345 3685 576 3766 Elemosinas
599 3708 637 3767 et
661 3690 952 3797 hospitalitatem
970 3691 1075 3795 juxta
1097 3690 1313 3767 facultatem
1340 3691 1543 3766 domorum
1565 3691 1603 3765 in
1629 3689 1768 3795 quibus

345 3817 466 3894 extitit
491 3833 743 3896 commoratus
770 3819 864 3895 vidit
890 3820 1153 3896 convenienter
1182 3819 1264 3895 lteri
1289 3835 1328 3894 et
1346 3819 1501 3908 servari,
1533 3836 1570 3894 et
1594 3818 1768 3924 capitolia

346 3947 549 4052 generalia,
574 3977 746 4026 sermone
770 3949 885 4039 lacto,
906 3950 1125 4054 tempestive
1146 3949 1267 4027 teneri
1293 3947 1394 4054 apud
1417 3947 1518 4025 Auso
1547 3948 1768 4025 Pictavensis

347 4075 522 4167 diocesis,
538 4079 665 4187 januis
679 4078 832 4168 clausis,
856 4080 971 4157 nullis
993 4079 1232 4186 presentibus
1257 4079 1328 4156 nisi
1348 4077 1526 4154 iratribus
1546 4076 1704 4161 ordinis,
1730 4094 1768 4151 et

346 4208 612 4311 providebatur
636 4239 682 4286 ne
701 4210 921 4287 audirentur
934 4208 1102 4288 'emerius
1129 4239 1214 4316 que.
1229 4210 1387 4287 interius
1414 4209 1630 4314 agebantur.
1656 4206 1768 4284 Ordi-

347 4357 431 4415 nata
464 4367 532 4444 per
564 4340 782 4449 Magistrum
818 4371 904 4418 cum
932 4358 1119 4420 conventu
1138 4339 1329 4419 'servasset
1360 4356 1462 4416 totus
1497 4338 1610 4428 ordo,
1639 4352 1767 4413 contra
1840 4354 1843 4361 ’

304 4535 308 4546 .
346 4494 462 4573 quem
482 4497 585 4546 nunc
606 4469 759 4577 propter
785 4472 953 4578 predicta
976 4471 1131 4578 grandia
1158 4471 1347 4561 scandala,
1372 4469 1592 4574 suspiciost
1615 4466 1767 4542 infamia

347 4615 435 4676 stant
452 4618 593 4690 exorta,
619 4617 657 4677 et
679 4619 804 4678 contra
830 4630 943 4708 quem
967 4603 1143 4710 Magister
1166 4601 1285 4678 etalii
1312 4600 1490 4677 dicuntur
1509 4596 1632 4704 aliqua
1652 4597 1767 4674 fuisse

348 4729 528 4821 coufessi3
556 4732 604 4807 ad
632 4732 740 4838 cujus
759 4732 903 4810 ordinis
929 4720 1201 4810 deffensionem
1230 4759 1269 4809 se
1291 4758 1368 4807 uon
1393 4727 1593 4807 obtulerat.
1621 4731 1695 4806 Nec
1716 4729 1767 4804 sic

347 4858 574 4965 deposuerat
594 4890 722 4968 prece,
744 4881 937 4970 precepto,
952 4866 1110 4950 timore,
1129 4886 1273 4947 amore,
1297 4860 1398 4950 odio,
1414 4860 1472 4937 vel
1491 4857 1690 4964 temporali
1707 4886 1769 4934 co·
