4236 5948
625 555 820 650 rnocss
847 576 944 647 ons
971 575 1271 648 rcurcrcus.
1588 577 1659 649 rsx

239 719 391 824 phetam
411 718 476 823 qui
497 745 626 823 passus
643 716 715 793 luit
732 719 770 793 in
787 746 845 805 ca,
863 734 900 794 et
912 734 970 794 ter
989 735 1142 823 spueret
1161 746 1271 823 supra
1292 745 1387 794 eam.
1409 718 1482 810 Qui
1505 719 1665 795 existens

239 866 328 926 tunc
357 848 536 925 undecim
560 876 741 925 annorum
765 848 1019 940 solummod0,
1040 866 1080 924 ut
1101 847 1262 936 dicebat,
1290 847 1484 954 abnegavit
1503 848 1666 957 prophe-

241 999 314 1058 tam
334 980 544 1087 predictum
558 999 625 1069 ter,
644 997 681 1057 et
694 979 862 1085 qualibet
870 980 948 1056 vice
965 980 1065 1084 spuit
1080 979 1338 1085 supradictam
1360 1007 1520 1056 crucem.
1536 981 1666 1058 Postea

243 1111 341 1189 idern
362 1111 546 1218 recipiens
570 1111 736 1217 precepit
762 1110 831 1188 sibi
853 1109 957 1216 quod
981 1110 1184 1189 abstineret
1204 1140 1223 1186 a
1244 1108 1484 1199 mulieribus,
1507 1128 1545 1186 et
1564 1139 1667 1187 conr-

242 1243 413 1321 misceret
432 1269 470 1319 se
489 1271 574 1319 cum
593 1241 673 1318 aliis
694 1240 885 1329 fratribus,
914 1241 944 1316 si
969 1240 1094 1329 vellet,
1122 1259 1159 1317 et
1180 1269 1244 1318 eos
1265 1240 1436 1317 similiter
1456 1239 1669 1319 admitteret

244 1402 369 1451 secum
388 1372 533 1450 adhoc.
554 1374 696 1448 Tamen
713 1372 792 1478 ipse
813 1371 879 1478 qui
890 1371 1058 1478 loquitur
1073 1371 1165 1447 dixit
1179 1373 1281 1479 quod
1296 1370 1369 1448 hoc
1384 1400 1460 1448 non
1480 1370 1586 1461 lecit,
1601 1399 1669 1446 nec

245 1504 427 1609 permisit;
448 1504 576 1581 dicens
596 1503 700 1611 quod
725 1502 883 1609 ipsemet
903 1501 1047 1608 aliquos
1066 1502 1205 1608 recepit
1226 1502 1374 1590 iratres,
1405 1502 1471 1578 sed
1492 1502 1572 1607 ipse
1594 1521 1669 1578 non

245 1634 330 1712 lecit
344 1664 411 1740 per
430 1632 543 1712 istum
564 1633 737 1723 modum,
754 1662 823 1709 nec
840 1633 923 1709 fieri
943 1632 1139 1710 mandavit.

300 1768 548 1871 Interrogatus
569 1766 616 1843 de
637 1764 783 1853 osculo,
804 1763 897 1840 dixit
915 1793 982 1869 per
999 1765 1255 1872 juramentum
1277 1795 1388 1843 suurn
1410 1764 1513 1870 quod
1533 1763 1671 1841 oscula·

246 1916 305 1975 tus
325 1895 396 1974 tuit
414 1913 648 2001 receptorem
668 1925 777 1973 suum
799 1897 837 1971 in
857 1923 921 1972 ore
935 1895 1193 1985 solummodo,
1216 1915 1254 1973 et
1274 1897 1382 1987 dixit,
1401 1924 1468 2001 per
1483 1897 1672 2002 juramen-

246 2045 326 2103 tum
347 2055 456 2104 suum
477 2029 613 2103 iterum
636 2025 850 2131 prestitum,
878 2025 983 2132 quod
1003 2055 1044 2101 ea
1068 2055 1150 2132 quae
1172 2025 1262 2101 dixit
1281 2044 1368 2103 sunt
1389 2055 1488 2115 vera,
1513 2044 1549 2102 et
1569 2026 1672 2132 quod

247 2159 298 2246 vi,
321 2158 378 2234 rel
399 2174 500 2237 metu
519 2158 694 2263 prisionis
709 2175 774 2233 aut
792 2157 987 2246 tormenti,
1010 2185 1087 2233 non
1104 2156 1196 2233 dixit
1217 2156 1444 2263 aliudquam
1464 2158 1672 2245 veritatem,

248 2318 313 2366 nec
334 2289 373 2364 in
394 2289 557 2395 predicta
572 2286 807 2366 consessione
828 2315 894 2364 sua
915 2288 1118 2364 immiscuit
1136 2286 1345 2365 salsitatem.
1475 2328 1477 2331 ·

302 2419 434 2497 Actum
454 2419 692 2525 presentibus
713 2419 820 2496 dictis
845 2418 956 2496 fratre
981 2419 1185 2524 Reginaldo
1212 2421 1335 2524 priore
1363 2420 1409 2495 de
1435 2420 1613 2508 Pissiaco,
1639 2437 1676 2496 et

249 2548 452 2628 Guillelmo
472 2550 519 2626 de
542 2552 743 2655 Hangesto,
767 2567 803 2626 et
824 2548 904 2625 aliis
918 2549 1076 2626 testibus
1097 2549 1234 2626 adhoc
1254 2551 1398 2626 vocatis.

305 2817 396 2893 ltem
412 2844 525 2905 anno,
548 2814 754 2904 indicione,
776 2813 1009 2921 pontificatu,
1033 2844 1129 2891 anno
1151 2834 1189 2892 et
1207 2815 1270 2892 die
1293 2814 1484 2918 predictis,
1508 2814 1675 2890 indictis

252 2943 425 3022 domibus
443 2945 593 3051 Templi
613 2946 789 3034 Parisios,
806 2948 845 3022 in
860 2945 949 3021 dicti
966 2944 1110 3022 domini
1126 2944 1371 3052 inquisitoris,
1389 2961 1557 3021 nostrum
1572 2961 1677 3020 nota-

251 3078 391 3152 riorum
410 3075 651 3183 publicorum
677 3093 714 3152 et
742 3077 896 3154 testium
918 3075 1236 3181 infrascriptorum
1263 3074 1450 3180 presencia
1471 3073 1677 3179 personali·

252 3223 307 3282 ter
326 3207 550 3283 constitutus
564 3205 678 3282 frater
692 3206 879 3284 lohannes
894 3206 941 3283 de
957 3205 1111 3295 Nivella,
1129 3207 1276 3313 juratus
1291 3207 1425 3283 eodem
1442 3206 1557 3283 modo
1576 3205 1622 3282 de
1638 3234 1676 3281 se

253 3335 342 3412 etde
352 3335 448 3423 aliis,
462 3337 501 3411 in
515 3336 615 3412 dicta
629 3365 736 3414 causa
751 3336 858 3425 fidei,
875 3337 1022 3444 plenam
1034 3366 1184 3442 ,puram
1196 3356 1234 3414 et
1248 3338 1428 3444 integram
1444 3337 1570 3413 dicere
1584 3339 1679 3413 veri·

251 3483 383 3555 tatem,
407 3484 445 3543 et
458 3467 706 3572 interrogatus
722 3468 768 3544 de
784 3486 953 3574 tempore
973 3486 1011 3545 et
1025 3469 1139 3546 modo
1155 3468 1383 3574 recepcionis
1403 3498 1485 3556 sue,
1504 3468 1596 3546 dixit
1611 3497 1679 3575 per

112 3634 122 3642 ⁴·
248 3596 501 3700 juramentum
520 3625 631 3674 suum
647 3598 750 3703 quod
768 3598 922 3676 biennio
932 3597 990 3674 vel
1004 3599 1098 3674 circa
1120 3599 1243 3705 elapso
1263 3617 1435 3703 receptus
1453 3597 1524 3675 luit
1539 3599 1677 3703 Capue,
1801 3688 1804 3696 Ι

252 3755 319 3832 per
332 3726 482 3804 lratrem
500 3728 700 3835 Symonem
717 3748 976 3836 preceptorem
992 3729 1128 3807 domus
1149 3729 1249 3805 illius
1265 3730 1354 3818 loci,
1377 3747 1547 3835 presente
1568 3729 1679 3806 fratre

253 3858 420 3936 lobanne
448 3858 636 3963 capellano
663 3858 752 3936 dicti
775 3860 929 3936 ordinis.
950 3861 997 3935 Et
1022 3858 1113 3935 dixit
1136 3888 1204 3964 per
1223 3862 1480 3967 juramentum
1509 3889 1621 3936 suum
1643 3876 1680 3935 et

254 3990 467 4096 recognovit
493 3990 598 4094 quod
618 4017 662 4067 eo
689 4008 857 4098 recepte,
885 3989 1202 4096 promissione'ab
1223 4014 1268 4067 eo
1288 3991 1379 4066 lacta
1405 3991 1451 4066 de
1476 3991 1622 4067 statutis
1643 4004 1681 4065 et

256 4122 404 4198 secretis
425 4122 565 4199 ordinis
585 4122 844 4214 observandis,
868 4141 905 4199 et
924 4122 1102 4200 mantello
1122 4121 1193 4200 sibi
1213 4124 1260 4198 ad
1282 4121 1423 4199 collum
1444 4124 1581 4228 posito,
1601 4123 1678 4226 ipse

257 4250 440 4329 osculatus
464 4252 536 4329 luit
561 4254 821 4359 recipientem,
843 4255 966 4360 primo
988 4254 1106 4332 inore
1129 4272 1166 4331 et
1185 4226 1349 4331 secundo
1369 4255 1406 4329 in
1430 4253 1624 4341 umbilico,
1644 4271 1680 4328 et

257 4384 370 4459 tercio
389 4400 490 4460 retro
510 4384 550 4459 in
565 4383 640 4461 fine
660 4386 765 4492 spine
785 4386 904 4475 dorsi,
926 4386 1056 4462 dicens
1074 4415 1141 4491 per
1153 4386 1410 4493 juramentum
1431 4413 1540 4461 suum
1562 4383 1679 4459 eciam

257 4512 360 4616 quod
381 4513 580 4620 recipiens,
610 4517 796 4622 preposita
823 4515 894 4594 sibi
924 4545 1049 4604 cruce,
1076 4517 1244 4622 precepit
1268 4515 1338 4592 sibi
1360 4515 1464 4621 quod
1482 4513 1682 4618 abnegaret

259 4670 339 4718 eam
351 4659 420 4732 ter,
439 4661 475 4721 et
493 4662 552 4722 ter
566 4665 718 4750 spueret
736 4676 845 4752 supra
864 4675 957 4724 eam.
975 4649 1058 4740 Que
1076 4647 1242 4752 predicta
1257 4645 1362 4736 lecit3
1383 4646 1542 4722 sednon
1560 4673 1683 4722 recor·

259 4771 369 4850 datur
387 4791 516 4851 utrum
536 4777 720 4880 recipiens
735 4777 826 4853 dixit
841 4777 911 4853 sibi
930 4778 1031 4883 quod
1055 4775 1192 4853 iaceret
1207 4777 1279 4854 boc
1295 4777 1448 4854 nomine
1467 4776 1523 4852 rel
1535 4778 1682 4853 racione

258 4903 374 5010 ipsius
386 4905 451 5010 qui
465 4933 594 5010 passus
613 4905 684 4983 suit
703 4909 740 4983 in
762 4936 821 4996 ea,
839 4926 904 4985 aut
919 4909 959 4985 in
975 4908 1153 5014 despectu
1168 4908 1351 5017 ejusdem.
1366 4909 1452 5002 Quo
1468 4907 1564 4985 facto
1581 4907 1684 4983 idern

367 5063 472 5122 raocirs
489 5082 541 5122 nes
557 5083 731 5125 renarrans.
747 5099 789 5111 -
806 5086 838 5125 u.
1477 5062 1516 5125 30
