4236 5948
734 517 933 611 proces
961 541 1054 611 oss
1082 541 1383 618 rsuvcrsns
1722 554 1771 626 so
1814 639 1818 648 ,

351 677 460 755 luisse
487 674 692 763 confess0s;
720 694 757 753 et
780 679 851 755 hoc
875 681 991 756 eciam
1013 680 1105 756 dixit
1127 711 1166 759 se
1189 682 1301 760 luisse
1324 682 1533 761 consessum
1557 715 1596 764 se
1620 692 1772 769 credere

351 837 471 886 coram
487 809 635 886 officiali
650 810 837 917 predicto,
862 829 900 887 et
916 840 958 888 ex
974 814 1047 890 hoc
1062 813 1279 891 absolutum
1295 833 1331 893 ct
1346 816 1629 894 reconciliatum
1645 819 1770 898 luisse.

350 942 458 1031 Item,
483 941 575 1019 dixit
594 941 699 1046 qnod
714 941 894 1049 jurabant
914 942 1086 1021 ordinem
1110 972 1186 1020 non
1208 947 1319 1022 exire.
1350 946 1483 1023 Statim
1506 976 1575 1054 pro
1599 949 1774 1055 professis

349 1071 594 1148 habebantur.
624 1071 867 1150 Clandestine
894 1073 1183 1179 recipiebantur,
1211 1075 1325 1152 nullis
1348 1079 1584 1182 presentibus
1605 1081 1676 1156 nisi
1699 1081 1772 1156 sra-

347 1202 466 1279 tribus
493 1201 648 1288 ordinis,
679 1231 723 1278 ex
746 1232 821 1307 quo
848 1203 966 1279 credit
991 1205 1096 1309 quod
1120 1223 1217 1281 esset
1238 1207 1399 1311 suspicio
1421 1207 1515 1283 mala
1541 1226 1667 1286 contra
1694 1238 1769 1287 eos.

349 1332 477 1410 Credit
491 1333 595 1438 quod
619 1333 658 1408 in
674 1331 842 1438 partibus
865 1334 1017 1410 Francie
1043 1335 1300 1440 reciperentur
1315 1337 1446 1413 fratres
1464 1337 1607 1415 ordinis
1627 1339 1772 1419 unifor-

348 1464 457 1541 miter
479 1464 653 1554 sthene,
676 1464 771 1540 sicut
791 1464 869 1569 ipse
888 1463 961 1541 suit
975 1483 1148 1569 receptus
1171 1483 1208 1542 et
1230 1468 1323 1543 vidit
1342 1467 1433 1544 alios
1454 1469 1585 1575 recipi,
1609 1487 1646 1547 et
1665 1471 1770 1576 quod

349 1595 385 1668 in
412 1595 601 1701 aliquibus
627 1593 708 1671 aliis
732 1594 901 1699 partibus
926 1596 1182 1701 reciperentur
1203 1598 1297 1674 sicut
1321 1598 1495 1705 Magister
1520 1599 1659 1676 dicitur
1679 1629 1770 1677 con-

348 1725 456 1803 fiteri.
475 1724 743 1837 lnjungebatur
757 1725 810 1801 eis
825 1754 891 1831 per
906 1744 1181 1802 sacramentum
1195 1728 1301 1833 quod
1315 1756 1392 1803 non
1408 1727 1617 1805 revelarent
1631 1749 1772 1807 secreta

348 1856 612 1963 capitulorum,
631 1855 678 1931 de
693 1855 808 1932 modo
824 1857 1054 1962 recepcionis
1070 1858 1108 1932 in
1125 1858 1275 1963 speciali
1294 1859 1399 1934 nulla
1414 1859 1540 1935 habita
1556 1862 1770 1948 mencione;

347 1987 410 2092 qui
436 1985 675 2075 revelassent,
703 1985 747 2060 ad
769 2014 903 2090 panem
925 2003 963 2063 et
986 2015 1122 2093 aquam
1144 1989 1256 2093 positi
1280 1986 1448 2065 fuissent.
1473 1988 1514 2064 ln
1540 1989 1688 2097 signum
1714 2019 1771 2067 ca-

346 2118 477 2195 stitatis
491 2116 738 2224 cingebantur
753 2145 865 2222 super
879 2117 1048 2193 camisias
1062 2147 1146 2194 cum
1160 2117 1297 2224 quibus
1302 2118 1475 2226 jacebant
1490 2119 1654 2197 cordulis
1666 2123 1769 2197 unde

346 2246 520 2324 volebant
540 2247 756 2352 assumptis3
785 2247 901 2352 siqui
925 2265 1030 2325 erant
1051 2248 1183 2325 fratres
1203 2248 1360 2325 scientes
1387 2277 1530 2347 errores
1554 2279 1632 2327 esse
1655 2252 1695 2326 in
1718 2279 1772 2345 or·

347 2378 453 2465 dine,
478 2378 633 2454 luerunt
657 2376 890 2485 negligentes
912 2379 1099 2484 quianon
1123 2397 1364 2455 correxerunt
1389 2407 1544 2456 cosnec
1567 2380 1772 2457 denuncia-

345 2527 478 2587 verunt
496 2508 675 2586 Ecclesie.
701 2508 742 2583 ln
764 2508 934 2614 capitulis
957 2508 1097 2614 quibus
1118 2508 1224 2585 alluit
1246 2509 1388 2586 audivit
1410 2510 1549 2615 precipi
1573 2511 1612 2585 in
1635 2511 1771 2588 virtute

346 2640 565 2717 obediencie
591 2639 695 2744 quod
716 2638 922 2715 elemosine
950 2638 1076 2716 debite
1104 2636 1240 2716 fierent
1266 2640 1306 2715 in
1333 2641 1483 2730 ordine,
1510 2658 1547 2718 et
1572 2640 1770 2720 deffende-

345 2769 452 2846 batur
472 2770 576 2877 quod
601 2797 678 2845 non
695 2770 931 2875 acquirerent
944 2770 1081 2878 injuste
1095 2770 1238 2856 ordini,
1263 2788 1300 2848 et
1313 2771 1405 2846 vidit
1418 2770 1534 2847 dictas
1550 2770 1773 2849 elemosinas

346 2914 382 2976 et
402 2900 696 3006 hospitalitatem
718 2899 985 2975 convenienter
1002 2899 1085 2975 lieri
1107 2916 1145 2975 et
1160 2900 1294 2975 servari
1315 2899 1354 2973 in
1374 2898 1553 2975 domibus
1574 2901 1717 2976 ordinis
1732 2902 1769 2977 in

345 3031 483 3137 quibus
508 3031 628 3106 extitit
652 3028 1041 3106 commoratus'Vidit
1064 3029 1168 3134 quod
1188 3028 1390 3134 aliquando
1411 3044 1496 3133 post
1516 3028 1682 3105 mediam
1702 3058 1772 3112 no-

345 3177 442 3238 ctem
457 3160 675 3268 surgebant,
698 3177 735 3234 et
750 3159 859 3235 dictis
880 3160 1088 3247 matutinis,
1108 3186 1281 3237 sermone
1292 3188 1360 3264 per
1370 3158 1536 3263 aliquem
1551 3158 1770 3266 religiosum

346 3291 440 3368 sacto
457 3309 493 3368 et
509 3293 620 3368 missa
649 3291 849 3379 celebrata,
876 3318 1008 3367 eorum
1031 3291 1206 3397 capitulia
1229 3293 1456 3368 tenebantur
1474 3290 1601 3398 januis
1621 3292 1770 3382 clausis,

345 3438 381 3498 et
399 3422 668 3529 providebatur
687 3449 734 3497 ne
753 3421 950 3498 audiretur
967 3423 1129 3499 exterius
1149 3423 1254 3529 quod
1274 3422 1431 3498 interius
1443 3421 1636 3529 agebatur.
1658 3423 1771 3501 Ordi-

345 3570 427 3630 nata
447 3583 515 3659 per
532 3553 750 3661 Magistrum
772 3571 951 3630 servasset
967 3570 1069 3631 totus
1090 3552 1202 3642 ordo,
1222 3571 1350 3629 contra
1369 3582 1483 3660 quem
1500 3554 1770 3660 nuncgrandia

345 3684 532 3774 scandala,
556 3684 716 3790 suspicio
734 3701 772 3760 et
788 3683 937 3759 infamia
958 3701 1047 3761 sunt
1061 3701 1197 3760 exorta.
1217 3682 1349 3759 lllicita
1365 3683 1439 3759 illis
1455 3683 1574 3788 quiea
1591 3682 1774 3762 faciebant

346 3833 450 3892 erant
469 3832 569 3892 nota.
590 3814 806 3921 Requisitus
819 3813 903 3904 ubi,
925 3813 1093 3919 quando,
1111 3841 1223 3920 aquo
1241 3832 1279 3892 et
1293 3812 1455 3919 qualiter
1467 3830 1639 3918 receptus
1652 3811 1774 3890 suerat

346 3964 381 4023 et
399 3946 494 4023 alios
513 3946 629 4052 recipi
642 3945 801 4033 viderat,
824 3943 1020 4049 respondit
1032 3971 1070 4020 se
1086 3942 1200 4021 luisse
1216 3961 1408 4049 receptum
1427 3943 1465 4018 in
1482 3943 1622 4048 capella
1637 3934 1773 4021 domus

345 4076 492 4183 Templi
525 4079 571 4153 de
598 4079 727 4152 Monte
756 4075 960 4181 Gauguerii
980 4075 1203 4153 Pictavensis
1229 4076 1405 4165 diocesis,
1434 4076 1472 4150 in
1500 4075 1649 4150 instanti
1677 4072 1771 4151 sesto

342 4207 579 4285 Ascensionis
593 4207 747 4285 Domini
764 4224 876 4285 erunt
893 4234 951 4284 xm
970 4206 1074 4293 anni,
1102 4236 1169 4312 per
1189 4207 1340 4294 fratrem
1359 4204 1571 4282 lohannem
1588 4202 1771 4280 Francisci

346 4338 505 4414 militem
520 4337 730 4443 quondam,
753 4336 993 4441 presentibus
1008 4336 1185 4412 fratribus
1199 4335 1406 4446 Reginaldo
1422 4333 1619 4413 Bertrandi
1634 4333 1770 4425 milite,

345 4485 563 4574 preceptore
594 4467 690 4543 dicte
720 4468 873 4558 domus,
903 4470 1014 4546 Petro
1047 4469 1091 4562 dc
1124 4468 1229 4546 Valle
1260 4466 1450 4546 Gordonis
1477 4479 1695 4571 preceptore
1726 4463 1772 4540 de

345 4600 492 4692 Ouson,
516 4617 554 4675 et
567 4600 679 4676 Petro
699 4600 903 4677 Normanni
925 4617 963 4677 et
981 4599 1146 4676 Roberto
1169 4600 1216 4675 de
1235 4599 1377 4676 Chesac
1402 4591 1665 4685 servientibus,
1690 4592 1771 4670 def-

237 4823 244 4830 ·
337 4730 501 4820 -functis,
522 4729 561 4804 in
578 4730 679 4806 hunc
694 4730 853 4807 modum
867 4761 874 4804 :
890 4757 977 4805 nam
996 4759 1081 4807 cum
1102 4731 1275 4836 peciisset
1296 4726 1486 4803 caritatem
1501 4741 1542 4801 et
1554 4724 1769 4803 societatem

346 4861 504 4949 ordinis,
528 4877 566 4936 et
585 4859 784 4938 obtulisset
802 4889 841 4938 se
860 4858 956 4937 velle
977 4860 1060 4942 fieri
1080 4889 1228 4940 servum
1245 4857 1430 4939 esclavum
1446 4860 1562 4934 Terre
1584 4857 1717 4934 Sancte
1735 4873 1772 4936 et

452 5019 560 5080 esocis
583 5039 635 5082 nas
655 5039 825 5081 muressis.
843 5054 884 5066 -
902 5040 934 5081 u.
1587 5033 1620 5081 12
