4236 5948
591 518 786 610 enecas
813 539 904 610 uss
931 537 1231 609 inarmans.
1545 545 1613 614 ror

198 679 334 788 quibus
361 675 481 756 credit
506 678 626 754 dictos
647 705 792 754 errores
816 676 1033 761 manifestos
1053 676 1187 763 fuisse,
1211 676 1363 753 lirerunt
1384 678 1615 786 negligentes

197 813 373 916 quianon
393 825 634 886 correxerunt
654 836 718 884 eos
736 836 804 883 nec
820 807 1140 883 denunciaverunt
1165 806 1340 883 Ecclesie.
1361 809 1416 885 De
1438 809 1616 886 mandato

196 940 430 1048 superiorum
456 937 551 1014 vidit
571 937 795 1014 elemosinas
815 953 853 1012 et
868 937 1158 1041 hospitalitatem
1187 937 1451 1013 convenienter
1475 938 1556 1014 lieri
1579 958 1616 1014 et

197 1069 329 1146 servari
346 1070 386 1144 in
401 1067 580 1145 domibus
596 1066 741 1142 ordinis
759 1065 954 1171 inquibus
975 1067 1095 1142 extitit
1115 1081 1382 1152 commoratus,
1411 1083 1448 1144 et
1471 1068 1616 1144 deffen-

199 1199 356 1276 debatur
374 1198 427 1274 eis
447 1225 495 1273 ne
511 1195 679 1272 indebite
698 1195 934 1301 acquirerent
955 1195 1091 1270 ordini.
1121 1195 1272 1271 Audivit
1296 1196 1368 1272 dici
1395 1198 1498 1303 quod
1520 1197 1613 1273 clam

199 1356 327 1404 eorum
346 1325 520 1433 capitulla
539 1324 779 1413 tenebantur,
798 1342 836 1401 et
854 1325 959 1430 quod
972 1325 1237 1429 previdebatur
1253 1353 1301 1402 ne
1321 1327 1496 1403 audirent
1514 1345 1615 1403 exte-

198 1457 274 1535 rius
293 1456 397 1561 quod
422 1455 579 1531 interius
599 1454 788 1561 agebatur.
819 1453 949 1530 Credit
975 1455 1081 1560 quod
1108 1456 1277 1532 ordinata
1304 1484 1371 1562 per
1393 1456 1613 1562 Magistrum

199 1615 283 1662 cum
313 1602 500 1662 conventu
526 1583 686 1662 luissent
712 1599 851 1660 servata
878 1583 917 1658 in
943 1600 1023 1659 toto
1052 1584 1201 1671 ordine,
1224 1601 1348 1660 contra
1376 1615 1489 1691 quem
1513 1615 1614 1662 nunc

199 1715 351 1820 grandia
379 1713 565 1801 scandala,
597 1713 758 1817 suspicio
784 1730 821 1788 et
846 1710 998 1787 infamia
1023 1731 1111 1789 sunt
1136 1731 1277 1801 exorta,
1301 1731 1338 1791 et
1365 1714 1469 1820 quod
1492 1714 1615 1791 dictus

200 1847 372 1950 Magister
395 1842 584 1920 consessus
604 1841 716 1919 suerit
737 1841 1027 1948 abnegacionem
1049 1860 1086 1918 et
1106 1842 1337 1948 spuicionem
1359 1844 1555 1949 predictas.

253 1973 468 2079 Requisitus
482 1973 512 2050 ei
527 1972 579 2048 sic
592 1972 816 2077 deposuerat
825 2000 952 2077 prece,
968 1990 1162 2077 precepto,
1172 1973 1325 2064 timore,
1342 2002 1487 2062 amore,
1506 1975 1611 2062 odio,

200 2104 255 2181 vel
268 2103 469 2209 temporali
485 2102 647 2179 comodo
664 2103 791 2179 habito
806 2101 865 2178 vel
882 2101 1074 2191 habendo,
1091 2104 1286 2208 respondit
1304 2104 1408 2209 quod
1430 2133 1524 2192 non,
1547 2106 1614 2181 sed

200 2263 266 2339 pro
288 2233 442 2310 veritate
462 2233 638 2322 dicenda3
661 2233 720 2308 cui
746 2231 818 2309 fuit
840 2232 1052 2341 injunctum
1078 2232 1183 2338 quod
1210 2262 1287 2309 non
1313 2235 1494 2311 revelaret
1517 2236 1614 2311 hanc
1724 2316 1726 2320 ,

199 2392 304 2440 suam
333 2363 629 2469 deposicionem‚
654 2389 854 2468 quousque
881 2363 1141 2439 attestaciones
1172 2361 1313 2439 fuerint
1336 2364 1545 2469 publicate3
1577 2381 1615 2439 et

199 2521 273 2568 non
295 2491 483 2570 obtulerat
503 2521 543 2568 se
563 2493 610 2568 ad
628 2491 900 2569 deffensionem
917 2492 1079 2580 ordinis,
1103 2509 1141 2568 et
1161 2492 1397 2599 intelligebat
1412 2493 1583 2570 latinum.

251 2756 338 2831 Post
362 2755 449 2841 hec,
471 2754 667 2830 redierunt
686 2753 733 2829 ad
752 2754 981 2858 presenciam
1003 2755 1225 2831 eorumdem
1243 2755 1485 2832 dominorum
1509 2782 1614 2830 com·

199 2885 453 2962 missariorum
465 2885 624 2991 predicti
640 2883 772 2959 iratres
786 2881 969 2960 Martinus
985 2885 1032 2960 de
1045 2887 1174 2963 Monte
1188 2885 1400 2974 Trichardi‚
1423 2884 1613 2961 lohannes

199 3013 367 3091 Durandi
391 3031 430 3090 et
446 3013 637 3089 lohannes
656 3012 703 3088 de
724 3014 868 3097 Ruans,
896 3027 1010 3090 testes
1041 3028 1128 3089 ante
1148 3016 1220 3089 erri
1252 3014 1448 3091 examinati
1477 3011 1615 3120 sigilla·

198 3145 278 3218 tim.
307 3145 355 3219 Et
373 3142 495 3219 dictus
521 3142 722 3230 Martinus,
744 3140 962 3246 juramento
986 3170 1055 3248 per
1080 3171 1169 3219 eum
1197 3145 1352 3250 prestito
1383 3144 1430 3220 de
1461 3142 1613 3218 veritate

199 3272 375 3357 dicenda,
397 3271 491 3348 dixit
505 3300 547 3347 se
564 3298 707 3348 errasse
726 3271 766 3345 in
786 3269 1026 3375 deposicione
1044 3299 1114 3377 per
1133 3301 1221 3349 eum
1241 3274 1332 3352 lacta
1354 3301 1478 3351 coram
1505 3271 1614 3347 dictis

198 3400 361 3477 dominia
380 3400 644 3477 commissariis
662 3419 700 3478 et
718 3399 923 3476 mentitum
943 3401 1077 3490 fuisse,
1100 3419 1139 3499 et
1158 3405 1349 3481 conseruit
1368 3404 1472 3510 quod
1493 3401 1530 3477 in
1554 3429 1614 3475 re-

198 3532 373 3638 cepcione
392 3560 459 3608 sua
474 3531 719 3638 abnegaverat
736 3530 893 3606 Jbesum
910 3533 958 3609 de
978 3533 1154 3610 mandato
1171 3534 1461 3640 receptorium,
1478 3533 1517 3607 in
1531 3558 1616 3636 pre-

197 3662 319 3739 sencia
337 3659 494 3738 fratrum
519 3660 584 3766 qui
608 3660 812 3738 adfuerunt
833 3663 930 3739 dicte
952 3663 1163 3769 recepcioni
1182 3692 1270 3754 sue,
1302 3680 1340 3741 et
1366 3662 1472 3769 quod
1491 3661 1615 3738 dictus

198 3807 367 3896 receptor
385 3790 553 3897 precepit
577 3791 612 3868 ei
630 3793 737 3897 quod
755 3811 907 3899 spueret
924 3821 1036 3900 super
1055 3785 1256 3899 quamdam
1278 3822 1427 3870 crucem
1452 3793 1614 3899 ligneam

198 3923 235 3996 in
250 3949 325 4026 qua
339 3949 416 3997 non
437 3937 516 3996 erat
534 3950 666 4027 ymago
682 3922 878 4012 Crucifixi‚
900 3922 1046 4000 allatam
1072 3923 1124 4000 ibi
1143 3950 1210 4028 per
1232 3924 1383 4000 fratrem
1406 3922 1615 4000 Robertum

197 4051 244 4127 de
257 4051 411 4142 Chasat‚
435 4051 569 4157 etipse
590 4052 691 4156 spuit
712 4082 789 4131 non
812 4082 925 4160 super
946 4052 1013 4130 sed
1031 4054 1148 4159 juxta.
1170 4055 1211 4129 In
1240 4053 1321 4129 aliis
1342 4053 1435 4129 dixit
1451 4080 1491 4127 se
1512 4050 1615 4127 nolle

197 4179 342 4286 aliquid
364 4181 566 4257 immutare
591 4180 630 4255 in
660 4210 727 4258 sua
756 4182 997 4290 deposicione
1025 4182 1208 4286 predicta,
1231 4198 1269 4257 et
1293 4181 1386 4257 dixit
1405 4179 1508 4285 quod
1529 4206 1616 4283 pre·

198 4311 295 4388 dieta
309 4310 500 4388 coufessus
515 4310 637 4388 luerat
652 4339 776 4389 coram
792 4311 940 4389 officiali
957 4312 1171 4389 Pictavensi.
1188 4310 1401 4418 Requisitus
1414 4335 1483 4415 per
1498 4334 1617 4384 sacra·

197 4457 368 4517 mentum
388 4469 504 4517 suum
523 4469 640 4546 quare
660 4469 737 4519 non
758 4443 902 4520 dixerat
919 4442 988 4518 ista
1012 4442 1189 4545 predictis
1209 4441 1375 4520 dominis
1400 4438 1617 4515 commissa-

196 4571 260 4648 riia
278 4571 319 4646 in
340 4571 460 4676 prima
480 4570 720 4677 deposicione
739 4600 825 4661 sua,
847 4570 1042 4676 respondit
1063 4571 1168 4676 quod
1189 4587 1342 4676 propter
1361 4567 1558 4646 stultitiam
1579 4585 1617 4643 et

200 4699 441 4776 nescientiam
462 4729 580 4778 suam.
602 4700 819 4807 Requisitus
842 4703 872 4778 si
893 4703 941 4779 de
962 4700 1035 4776 hoc
1050 4698 1199 4776 loeutus
1218 4699 1340 4777 iuerat
1359 4697 1469 4775 alicui
1487 4697 1615 4781 alteri,

199 4829 396 4933 respondit
419 4830 522 4935 qued
543 4859 632 4906 non.
654 4831 872 4935 Requisitus
891 4832 921 4908 si
940 4829 1063 4907 inerat
1092 4857 1159 4935 per
1184 4831 1348 4936 aliquem
1374 4829 1551 4905 inductus
1569 4827 1617 4901 ad

1424 4969 1468 5031 rt.
