4236 5948
723 532 920 623 rnocus
952 548 1048 620 uas
1080 547 1386 624 TEMPLIERs.
1691 556 1764 628 aas

339 693 525 803 jacebant.
555 690 685 769 Credit
710 691 814 798 quod
839 691 1013 768 nolentes
1037 689 1157 767 facere
1183 689 1312 768 illicita
1337 689 1540 768 confessata
1564 721 1630 798 per
1658 722 1764 785 eum,

342 824 400 901 vel
418 853 461 901 ea
481 839 546 901 aut
560 838 700 899 secreta
717 820 981 927 capituliorum
998 819 1220 912 revelantes,
1241 838 1424 930 perpetuo
1446 822 1660 901 incarcerati
1676 823 1766 904 luis-

343 972 437 1032 sent.
463 953 734 1062 lnjungebatur
753 952 807 1029 eis
825 952 931 1058 quod
951 951 1091 1058 absque
1112 950 1268 1028 licencia
1293 981 1369 1030 non
1394 953 1666 1032 confiterentur
1684 956 1766 1032 aliis

344 1114 456 1192 quam
477 1082 733 1161 sacerdotibus
752 1082 907 1160 ordinis.
924 1083 1071 1158 Fratres
1086 1080 1229 1159 ordinis
1249 1083 1388 1190 quibus
1408 1082 1526 1160 credit
1546 1102 1635 1161 nota
1652 1085 1765 1164 luisse

344 1214 473 1292 illicita
482 1213 686 1292 consessata
693 1243 761 1319 per
772 1242 857 1290 eum
868 1274 876 1300 ,
888 1211 1045 1289 luerunt
1055 1212 1305 1321 negligentes,
1316 1213 1403 1321 quia
1414 1242 1490 1290 non
1505 1234 1763 1305 correxerunt,

345 1372 412 1422 nec
442 1343 763 1420 denunciaverunt
791 1336 969 1419 Ecclesie.
1001 1340 1254 1419 Elemosinam
1287 1360 1324 1419 et
1352 1342 1644 1449 hospitalitatem
1674 1345 1767 1422 vidit
1887 1372 1889 1377 ·

345 1475 608 1552 convenienter
635 1473 716 1549 lieri
744 1490 781 1547 et
807 1470 941 1547 servari
966 1471 1005 1545 in
1031 1470 1209 1548 domibus
1233 1471 1376 1548 ordinis
1400 1472 1439 1547 in
1467 1472 1603 1578 quibus
1629 1474 1767 1550 exstitit

333 1620 607 1680 'commoratus
638 1600 744 1679 Clam
773 1629 905 1676 eorum
927 1593 1105 1706 capitulia
1128 1600 1366 1687 tenebantur,
1394 1599 1509 1675 nullis
1528 1602 1765 1705 presentibus

345 1734 413 1811 nisi
432 1732 607 1809 fratribus
624 1730 778 1807 ordinis.
801 1729 982 1807 Ordinata
998 1755 1065 1832 per
1079 1728 1299 1834 Magistrum
1317 1757 1402 1804 cum
1422 1746 1608 1804 conventu
1629 1758 1765 1809 servas·

345 1880 400 1939 set
425 1880 528 1940 totus
553 1861 667 1950 ordo,
693 1876 820 1937 contra
845 1887 959 1964 quem
986 1873 1141 1962 propter
1165 1856 1331 1963 predicta
1360 1886 1459 1932 nunc
1483 1857 1636 1962 grandia
1661 1888 1765 1936 scan-

346 1991 443 2083 dala,
462 1991 624 2097 suspicio
648 2007 685 2065 et
706 1989 857 2065 infamia
876 2003 964 2063 sunt
981 2003 1123 2072 exorta3
1140 1988 1187 2064 ad
1208 1988 1312 2093 cujus
1328 1986 1471 2063 ordinis
1491 1987 1763 2071 deffensionem

345 2131 382 2197 s'e
402 2148 479 2196 non
501 2119 705 2209 obtulerat,
724 2146 793 2194 nec
813 2117 935 2193 fuerat
955 2115 1052 2192 ultra
1075 2143 1189 2192 mare.

399 2250 615 2357 Requisitus
626 2251 658 2325 si
672 2249 724 2325 sic
742 2249 966 2352 deposuerat
979 2273 1105 2352 prece,
1121 2262 1313 2351 precepto,
1328 2248 1481 2339 timore,
1495 2277 1638 2340 amore,
1656 2251 1763 2341 odio,

346 2381 401 2457 vel
413 2379 620 2486 temporali
641 2376 803 2453 comodo
819 2373 950 2452 habito
963 2373 1021 2451 vel
1034 2375 1229 2466 habendo,
1247 2377 1444 2481 respondit
1463 2380 1567 2484 quod
1584 2408 1676 2470 non,
1698 2382 1766 2460 sed

346 2540 412 2617 pro
437 2509 590 2588 veritate
617 2508 794 2596 dicenda;
819 2507 879 2583 cui
907 2505 980 2582 luit
999 2506 1210 2613 injunctum
1236 2507 1342 2612 quod
1362 2536 1439 2585 non
1464 2509 1644 2586 revelaret
1669 2512 1765 2588 hanc

347 2668 450 2719 suam
462 2640 762 2746 deposicionem,
779 2665 977 2743 quousque
989 2635 1399 2713 attestacionessuerint
1411 2637 1612 2743 publicate.
1625 2641 1765 2745 Requi-

345 2773 436 2849 situs
455 2797 572 2877 quare
601 2767 747 2875 fugerat
771 2767 809 2842 in
838 2767 1013 2872 capcione
1043 2765 1226 2853 aliorum,
1255 2767 1452 2872 respondit
1476 2770 1579 2873 quod
1612 2788 1764 2874 propter

344 2902 519 2979 timorem
540 2899 637 2975 dicte
653 2897 853 3003 capcionis,
874 2914 911 2972 et
925 2895 1014 3003 quia
1028 2895 1261 2973 voluntarius
1274 2912 1352 2972 arat
1373 2915 1410 2972 et
1422 2896 1555 2985 fuerat,
1571 2927 1639 3004 per
1652 2898 1764 3008 longa

345 3048 512 3138 tempora
528 3047 631 3116 ante,
645 3028 693 3104 ad
707 3030 923 3104 exeundum
936 3027 1080 3105 dictum
1096 3026 1269 3103 ordinem
1284 3042 1439 3132 propter
1453 3027 1619 3132 predicta
1635 3028 1764 3106 illicita

345 3161 545 3239 consessata
559 3188 629 3267 per
643 3187 747 3244 eum,
766 3174 803 3234 et
817 3157 986 3236 exivisset
999 3174 1084 3236 ante
1098 3157 1332 3266 capcionem,
1351 3158 1421 3233 nisi
1437 3158 1624 3236 timuisset
1636 3178 1764 3266 captus

343 3289 453 3368 fuisse
474 3290 601 3366 abeis.

398 3557 525 3631 Frater
545 3557 677 3630 Petrus
697 3553 745 3629 de
761 3555 907 3631 Modies
922 3555 1101 3645 serviens,
1119 3556 1316 3633 Vienensis
1338 3557 1512 3644 diocesis,
1531 3559 1636 3633 testis
1652 3587 1763 3663 supra

339 3683 502 3788 juratus,
528 3702 648 3761 vestes
676 3682 834 3759 radiatas
864 3683 1052 3774 deserens,
1084 3686 1172 3789 quia
1201 3687 1368 3762 cumeis
1396 3702 1523 3790 captus
1549 3686 1669 3763 luerat
1689 3717 1764 3764 una

344 3843 427 3890 cum
443 3832 537 3890 teste
554 3814 741 3920 predicto,
755 3815 832 3920 jam
850 3830 906 3890 est
920 3842 1040 3891 annus
1054 3813 1112 3890 vel
1131 3815 1242 3903 circa,
1260 3843 1346 3892 cum
1362 3814 1579 3920 aufugisset,
1602 3816 1762 3895 aliorum

344 3945 517 4048 capcione
533 3944 674 4031 audita,
693 3960 730 4020 et
744 3942 907 4019 hahebat
921 3942 1074 4019 barbam
1091 3973 1227 4035 rasam,
1246 3945 1565 4053 quadragenarius
1579 3946 1635 4021 vel
1652 3947 1760 4036 circa,

344 4101 427 4150 cum
448 4102 524 4180 quo
551 4074 772 4180 inquisitum
803 4073 924 4150 suerat
953 4102 1021 4179 per
1049 4074 1246 4152 dominum
1275 4075 1492 4180 episcopum
1513 4075 1764 4153 Matisconen·

343 4230 438 4294 sem,
462 4204 568 4282 lectis
588 4221 626 4281 et
646 4203 847 4311 diligenter
863 4203 1039 4310 expositis
1057 4204 1129 4282 sibi
1150 4205 1327 4283 omnibus
1346 4222 1385 4280 ct
1400 4203 1557 4313 singulis
1578 4207 1760 4296 articulis,

344 4334 540 4438 respondit
554 4362 593 4410 se
608 4334 768 4424 nescire,
794 4363 863 4409 nec
880 4333 1050 4424 credere,
1077 4361 1147 4410 nec
1163 4335 1346 4413 audivisse
1363 4334 1436 4410 dici
1455 4334 1503 4410 de
1520 4336 1704 4411 contentis
1724 4337 1762 4411 in

343 4463 394 4540 eis
408 4464 479 4540 nisi
499 4464 604 4570 quod
623 4465 816 4569 sequitur:
837 4463 1011 4542 videlicet
1025 4465 1129 4570 quod
1148 4465 1228 4571 ipse
1243 4482 1414 4570 receptus
1429 4464 1550 4541 fuerat
1569 4466 1607 4541 in
1623 4465 1763 4570 capella

345 4594 478 4671 domus
493 4595 641 4701 Templi
663 4598 711 4672 de
726 4595 859 4671 Tauris
880 4595 1126 4702 lingonensis
1150 4594 1325 4679 diocesis,
1351 4595 1445 4670 circa
1466 4595 1607 4670 instans
1625 4594 1763 4672 festum

343 4724 546 4800 Nativitatis
557 4724 712 4802 Domini
730 4741 839 4801 erunt
853 4750 913 4802 v1u
926 4725 1029 4813 anni,
1044 4752 1112 4832 per
1128 4722 1279 4799 fratrem
1293 4724 1525 4827 Stephanum
1549 4724 1596 4800 de
1611 4725 1763 4830 Espalhi

344 4855 523 4930 serviente
544 4855 754 4959 quondam,
783 4854 1021 4959 presentibus
1043 4852 1217 4931 fratribus
1242 4855 1400 4961 Hugone
1423 4854 1469 4929 de
1490 4853 1672 4931 Cabilone
1693 4855 1763 4930 mi-

427 4990 533 5052 mocls
549 5011 601 5052 nes
617 5010 793 5052 rrurmaus.
804 5012 889 5052 -ιι,
1554 4989 1591 5057 34
