4236 5948
735 556 932 649 racchs
957 576 1053 647 uus
1079 576 1377 650 stupemus.
1694 586 1767 658 sis

348 719 460 794 haiter
471 715 558 792 dieti
570 714 710 792 ordinis
723 718 872 793 vocatus
882 717 994 794 frater
1002 719 1183 795 Henricus
1196 720 1409 825 Flamingus
1424 719 1664 798 condixerant
1674 723 1769 800 inter

348 858 387 928 se
413 849 518 955 quod
537 848 634 924 irent
654 847 700 923 ad
720 849 847 926 sedem
870 850 1104 957 apostolicam
1129 851 1177 929 ad
1196 851 1471 957 impetrandum
1492 851 1769 932 absolucionem

348 1001 450 1058 suam
473 995 509 1054 et
527 978 718 1055 licenciam
735 978 950 1057 transeundi
967 981 1013 1057 ad
1033 981 1142 1057 aliam
1163 982 1396 1090 religionem.
1414 982 1625 1091 Requisitus
1641 1000 1769 1062 uuum

347 1112 397 1200 vi,
414 1112 470 1187 vel
486 1127 590 1186 metu
610 1128 883 1188 tormentorum
904 1111 962 1188 vel
981 1115 1152 1202 carceris,
1173 1132 1237 1190 aut
1255 1113 1376 1221 aliqua
1396 1115 1466 1191 alia
1491 1142 1613 1216 causa,
1638 1117 1675 1192 in
1703 1146 1768 1192 sua

348 1243 586 1350 deposicione
604 1242 695 1318 dixit
713 1241 928 1333 falsitatem,
951 1243 1042 1321 dixit
1060 1274 1128 1351 per
1141 1246 1398 1353 jurameutum
1414 1275 1522 1322 suum
1545 1248 1648 1353 quod
1672 1275 1765 1334 nom

348 1376 463 1451 immo
479 1402 610 1481 puram
632 1393 668 1452 et
684 1404 823 1453 meram
840 1375 980 1454 dixerat
993 1377 1195 1454 veritatem.

401 1637 494 1712 ltem
523 1636 634 1713 frater
662 1638 851 1714 Johannes
872 1639 918 1716 de
939 1640 1067 1716 Turno
1092 1639 1342 1716 thesaurarius
1367 1639 1516 1744 Templi
1535 1639 1765 1726 Parisiensis‚

349 1767 451 1844 etatis
463 1768 727 1875 quinquaginta
746 1770 912 1875 quinque
932 1798 1116 1847 annorum
1138 1770 1194 1847 vel
1215 1773 1325 1859 circa,
1342 1772 1485 1879 juratus
1498 1770 1631 1847 eodem
1653 1771 1767 1846 modo

348 1892 441 1974 dese
454 1914 491 1973 et
500 1897 580 1975 aliis
595 1899 632 1972 in
650 1928 755 1974 causa
770 1898 859 1976 fidei
873 1899 995 1976 dicere
1006 1902 1216 1989 veritatem,
1231 1902 1526 2006 etinterrogatus
1541 1900 1586 1975 de
1597 1916 1765 2006 tempore

349 2045 385 2104 et
398 2028 513 2104 modo
529 2029 758 2134 recepcionis
772 2057 856 2117 sue,
867 2029 959 2105 dixit
972 2058 1039 2136 per
1046 2032 1304 2138 juramentum
1321 2058 1431 2107 suum
1441 2029 1545 2137 quod
1556 2031 1633 2135 ipse
1655 2029 1769 2106 fuerit

347 2176 517 2264 receptus
531 2159 569 2234 in
584 2160 696 2236 domo
714 2160 759 2235 de
775 2159 873 2237 Malo
893 2162 1072 2265 Repastn,
1091 2192 1159 2268 per
1172 2159 1324 2239 fratrem
1338 2162 1546 2238 Johannem
1573 2160 1619 2235 de
1637 2161 1767 2236 Turno

345 2289 647 2395 predecessorem
666 2318 776 2364 suum
793 2289 1066 2368 thesaurarium
1086 2292 1234 2397 Templi
1250 2291 1465 2368 Parisiensis
1480 2291 1767 2398 quondam‚tri-

340 2411 446 2526 'ginta
471 2421 547 2497 duo
573 2421 659 2496 anni
683 2439 770 2497 sunt
795 2421 908 2528 elapsi
932 2423 990 2499 vel
1015 2423 1125 2510 circa,
1153 2439 1324 2529 presente
1350 2421 1460 2498 fratre
1487 2420 1690 2500 Guillelmo
1720 2422 1766 2497 de

347 2551 476 2658 Forgia
503 2569 540 2628 et
561 2549 784 2657 quibusdam
804 2550 886 2627 aliis
911 2550 957 2627 de
983 2580 1144 2658 quorum
1168 2550 1383 2627 nominibus
1406 2578 1481 2626 non
1502 2550 1645 2627 recolit.
1667 2551 1769 2626 Dixit

349 2682 462 2758 eciam
477 2709 545 2787 per
558 2681 815 2787 juramentum
832 2710 942 2757 suum
962 2683 1084 2788 quod,
1101 2699 1185 2789 post
1198 2680 1334 2758 multas
1349 2681 1618 2784 promissiones
1634 2680 1681 2755 de
1697 2697 1768 2755 sta·

347 2812 435 2889 tutis
457 2829 493 2887 et
513 2812 662 2887 secretis
676 2810 764 2887 dicti
780 2811 920 2888 ordinis
933 2807 1311 2902 observandisfactas‚
1330 2810 1450 2886 dietus
1466 2811 1648 2914 recipiens
1663 2810 1769 2886 duxit

347 2941 469 3048 ipsum
488 2958 589 3017 retro
606 2941 733 3030 altare,
756 2957 792 3016 et
811 2941 973 3018 ostendit
992 2940 1063 3019 sibi
1084 2971 1233 3018 crucem
1253 2938 1452 3047 quamdam
1473 2939 1510 3014 in
1526 2956 1692 3046 quaerat
1708 2940 1769 3015 de-

346 3073 441 3177 picta
460 3100 591 3178 ymago
608 3071 723 3148 Jhesu
744 3071 880 3148 Christi
897 3069 1078 3161 crucifixi,
1095 3090 1132 3149 et
1150 3072 1262 3178 peciit
1276 3087 1403 3146 utrum
1421 3068 1591 3145 crederet
1605 3069 1644 3145 in
1660 3068 1768 3145 illum

349 3202 453 3308 cujus
477 3219 554 3276 erat
580 3203 701 3308 imago
727 3203 822 3306 picta
848 3202 918 3295 ibi,
946 3204 1011 3310 qui
1040 3202 1233 3310 respondit
1259 3201 1363 3309 quod
1387 3200 1455 3291 sic;
1484 3218 1520 3276 et
1544 3217 1690 3305 postea,
1719 3200 1766 3274 de

347 3330 521 3408 mandato
542 3331 628 3407 dicti
647 3333 876 3438 recipientis,
889 3334 1082 3439 abnegavit
1098 3334 1252 3410 Jhesum
1268 3331 1458 3411 Christum
1475 3328 1591 3406 semel
1603 3346 1764 3418 tantum,

348 3476 385 3536 et
396 3462 495 3567 spuit
509 3491 619 3566 supra
631 3490 778 3538 erucem
794 3463 921 3540 semel.
937 3465 1038 3541 Dixit
1056 3464 1171 3541 eciam
1187 3492 1256 3570 per
1271 3465 1527 3569 juramentum
1542 3489 1652 3537 suum
1666 3461 1767 3565 quod

348 3590 446 3667 idem
461 3593 643 3697 recipiens
659 3594 833 3690 eumdem
850 3612 1042 3699 receptum
1059 3594 1245 3672 osculatus
1261 3593 1332 3670 fixit
1348 3611 1432 3698 post
1445 3590 1609 3697 predicta
1624 3610 1693 3679 ter,
1704 3593 1765 3669 sci-

271 3753 273 3756 ·
345 3719 450 3799 licet:
465 3723 588 3827 primo
603 3725 641 3798 in
655 3723 729 3799 fine
751 3725 855 3830 spine
867 3725 983 3812 dorsi,
1003 3724 1220 3801 secundom
1235 3723 1429 3810 umbilico,
1446 3739 1484 3798 et
1495 3724 1613 3799 tercio
1629 3724 1668 3798 in
1686 3750 1761 3799 ore,

346 3851 557 3960 Requisitus
576 3854 623 3929 de
640 3871 724 3931 voto
745 3855 916 3932 castitatis
934 3855 1027 3961 quid
1046 3854 1118 3931 fixit
1138 3854 1208 3933 sibi
1230 3854 1456 3961 injunctum,
1477 3852 1568 3930 dixit
1586 3880 1655 3957 per
1664 3855 1768 3960 jura-

346 3999 516 4058 mentum
527 4012 635 4060 suum
647 3985 750 4090 quod
761 3985 962 4062 inhibitum
974 3985 1166 4063 sueritsihi
1180 4014 1226 4061 ne
1239 4001 1477 4091 cognosceret
1493 3982 1686 4070 mulieres,
1702 3983 1767 4058 sed

347 4111 378 4187 si
393 4112 525 4219 uliquis
538 4115 638 4191 calor
648 4116 821 4191 naturalis
834 4135 1000 4193 moveret
1011 4146 1115 4208 eum,
1131 4132 1275 4224 poterat
1286 4144 1324 4192 se
1342 4115 1582 4191 commiscere
1600 4141 1684 4189 cum
1698 4111 1768 4188 fra·

345 4240 557 4335 trihussuis
569 4264 605 4321 et
613 4245 1057 4353 hocsimiliterpateretur
1066 4247 1194 4338 deeis3
1205 4247 1431 4325 dixittamen
1439 4274 1507 4351 per
1511 4246 1767 4351 juramentum

347 4354 456 4451 suum
464 4376 567 4481 quod
579 4405 770 4484 nunquam
782 4378 883 4465 fecit,
897 4404 970 4456 uec
976 4379 1068 4455 vidit
1076 4379 1239 4486 aliquem
1247 4378 1312 4485 qui
1323 4376 1470 4453 faceret.
1480 4375 1770 4481 llequisitusper

342 4503 597 4610 juramentum
618 4536 730 4584 suum
745 4514 877 4585 ¹utrum
899 4508 982 4586 illos
1002 4509 1133 4587 fratres
1148 4537 1242 4615 quos
1259 4509 1398 4614 recepit
1417 4506 1532 4583 mo'do
1544 4531 1620 4611 quo
1632 4504 1705 4581 fuit
1717 4533 1770 4581 re-

348 4653 476 4742 ceptus
486 4640 683 4746 receperit,
698 4640 790 4717 dixit
800 4641 903 4746 quod
922 4641 985 4717 sic.
999 4642 1215 4747 Requisitus
1234 4639 1281 4716 de
1297 4639 1415 4744 capite
1425 4638 1556 4743 dequo
1570 4636 1613 4712 fit
1623 4637 1769 4713 mencio

348 4792 472 4874 supra,
492 4769 584 4845 dixit
600 4799 668 4876 per
681 4773 938 4879 juramentum
956 4800 1065 4848 suum
1079 4772 1182 4879 quod
1196 4769 1288 4846 vidit
1308 4769 1423 4846 semel
1443 4767 1633 4875 quoddam
1649 4766 1770 4877 capud

349 4896 539 5004 depictum
555 4902 593 4976 in
604 4903 764 5008 quedam
778 4930 916 4994 assere,
926 4903 1030 5009 quod
1044 4905 1122 5010 ipse
1136 4901 1300 4983 adoravit
1314 4902 1353 4978 in
1366 4898 1529 5008 quodam
1541 4897 1720 5004 capitulo,
1734 4914 1770 4971 et

1550 5050 1599 5112 do.
