4236 5948
593 536 595 540 ’
710 540 905 632 procus
931 559 1026 630 nus
1052 559 1356 632 ruurtmas.
1671 559 1743 634 trs
1846 671 1851 678 Ι

326 719 360 776 ct
379 697 520 805 singula
540 715 711 775 contenta
731 699 769 775 in
790 700 860 788 eis,
882 699 981 777 salvo
1001 699 1106 806 quod
1125 700 1216 776 dicit
1229 729 1269 776 se
1285 699 1438 777 credere
1453 696 1611 776 firmiter
1627 698 1745 778 filium

322 830 391 906 Dei
412 809 575 906 et'beate
595 829 757 936 Virginis
773 830 889 908 Marie
909 858 1060 936 passum
1087 829 1199 907 fuisse
1223 859 1292 937 pro
1312 830 1570 936 redemptione
1592 831 1746 908 humani

322 960 484 1067 generis,
502 988 578 1037 non
593 989 663 1066 pro
678 961 755 1037 suis
774 961 948 1069 peccatis,
963 991 1056 1051 'cum
1072 989 1262 1068 nunquam
1280 962 1496 1068 peccaverit.
1513 961 1615 1038 Dixit
1636 962 1746 1038 etiam

323 1120 362 1167 se
378 1091 515 1167 habere
531 1118 636 1197 spem
652 1090 861 1169 salvationis
878 1090 1048 1169 habende
1068 1120 1137 1199 per
1157 1121 1260 1181 eum,
1284 1109 1321 1168 et
1336 1091 1438 1169 idem
1460 1092 1580 1169 credit
1600 1093 1647 1169 de
1667 1092 1748 1169 aliis

322 1221 497 1300 fratribus
523 1221 691 1328 ejusdem
719 1222 871 1298 ordinis.
904 1221 1059 1298 Addidit
1085 1223 1238 1329 insuper
1258 1238 1529 1299 sacramentum
1558 1221 1681 1298 altaris
1710 1252 1748 1298 se

323 1353 475 1429 credere
496 1370 533 1430 et
558 1352 628 1429 alia
648 1352 893 1430 ecclesiastica
913 1371 1157 1440 sacramenta,
1178 1370 1291 1459 prout
1310 1352 1472 1429 Ecclesia
1493 1352 1564 1429 Dei
1585 1369 1689 1429 tenet
1713 1368 1749 1429 et

323 1483 448 1573 docet;
464 1499 501 1558 et
511 1482 613 1560 idem
628 1483 746 1560 credit
760 1483 807 1559 de
823 1481 903 1594 aliis
919 1482 1095 1560 fratribus
1114 1483 1257 1562 ordinis
1274 1483 1461 1560 antedicti.
1483 1481 1640 1559 Addidit
1653 1510 1749 1588 quo-

323 1643 395 1718 que
414 1642 452 1689 se
473 1613 640 1700 credere,
665 1630 701 1689 et
721 1612 822 1689 idem
843 1613 962 1691 credit
982 1615 1029 1691 de
1050 1613 1131 1691 aliis
1149 1613 1340 1703 fratribus
1362 1612 1469 1719 quod
1488 1641 1557 1689 nec
1575 1613 1750 1719 Magister

324 1743 464 1819 ordinis
480 1745 554 1831 sui,
570 1773 639 1820 nec
649 1743 783 1849 aliquis
803 1744 926 1850 laycus
940 1744 1228 1851 possitaliquem
1243 1743 1433 1823 absolvere
1449 1745 1660 1849 spurcatis,
1675 1743 1745 1819 nisi

323 1873 391 1951 soli
410 1873 463 1948 illi
482 1874 547 1982 qni
567 1891 652 1951 sunt
671 1874 741 1951 rite
758 1876 918 1980 promoti
940 1875 988 1951 ad
1009 1875 1180 1952 ordinem
1200 1874 1479 1952 sacerdotalem.

381 2003 440 2081 Ad
459 2031 695 2081 xxx—xxxin
715 2004 888 2081 articulos
905 2005 1099 2094 inclusive,
1119 2005 1319 2112 diligenter
1339 2020 1376 2081 et
1390 2003 1577 2110 sigillatim
1596 2004 1751 2079 interro·

322 2151 442 2238 gatus,
463 2133 695 2239 respondens
711 2135 856 2243 negavit
873 2135 998 2211 omnia
1014 2153 1051 2212 et
1065 2135 1210 2244 singula
1227 2135 1448 2213 contenta'iu
1466 2133 1573 2209 dictis
1588 2132 1752 2210 articulis

324 2263 553 2368 simpliciter,
582 2282 734 2371 excepto
760 2264 888 2342 osculo
910 2266 984 2343 oris
1003 2283 1167 2355 tantum,
1193 2265 1298 2372 quod
1317 2264 1457 2341 faciunt
1475 2264 1695 2369 recipientes
1715 2281 1753 2339 et

302 2401 305 2404 ’
324 2393 465 2498 recepti
486 2393 533 2468 ad
547 2393 690 2470 dictum
702 2393 875 2470 ordinem
890 2394 1039 2499 Templi
1060 2395 1098 2469 in
1112 2396 1332 2500 recepcione
1346 2421 1426 2482 sua,
1443 2395 1641 2501 insignum
1656 2421 1753 2470 amo·

325 2524 375 2598 ris
392 2539 429 2599 et
448 2523 607 2600 caritatis
627 2522 786 2600 fraterne
806 2540 936 2601 mutue
957 2524 1053 2599 inter
1072 2525 1184 2629 ipsos.

381 2653 440 2729 Ad
455 2680 744 2730 xxxuu-xxxta
754 2653 930 2731 articulos
950 2653 1144 2742 inclusive,
1162 2653 1362 2761 diligenter
1383 2671 1419 2730 et
1433 2652 1619 2760 sigillatim
1637 2656 1752 2731 inter-

325 2801 489 2890 rogatus,
511 2784 740 2890 respondens
758 2785 905 2890 negavit
924 2785 1024 2890 ipsos
1043 2784 1219 2861 articulos
1235 2802 1273 2862 et
1293 2785 1420 2861 omnia
1446 2803 1482 2860 et
1505 2783 1649 2890 singula
1665 2813 1752 2862 con-

325 2931 427 2992 tenta
447 2916 485 2990 in
509 2916 578 3005 eis,
601 2899 705 2994 salvo*
718 2915 824 3021 quod
842 2914 1031 2992 confessus
1052 2932 1106 2991 est
1126 2914 1228 3020 quod
1246 2915 1325 3019 ipse
1341 2915 1405 3020 qui
1425 2913 1595 3019 loquitur
1613 2914 1685 2991 fuit
1698 2945 1752 2991 re-

327 3064 455 3151 ceptus
468 3047 506 3122 in
519 3045 661 3152 capella
676 3046 809 3124 domus
821 3047 939 3123 Mansi
953 3045 1036 3135 Dei,
1049 3045 1183 3122 clausis
1195 3045 1331 3152 januis,
1350 3062 1387 3122 et
1403 3044 1560 3121 exclusis
1575 3046 1751 3122 omnibus

327 3175 423 3264 aliis,
441 3177 602 3282 exceptis
616 3176 792 3254 fratribus
811 3177 981 3285 ejusdem
994 3176 1135 3254 ordinis
1148 3176 1212 3283 qui
1226 3176 1395 3263 aderaut,
1413 3175 1539 3252 dicens
1555 3203 1594 3252 se
1608 3176 1750 3251 nescire
1846 3196 1847 3199 ’

327 3306 420 3410 quid
440 3307 518 3383 vult
552 3335 682 3384 sonare
716 3336 786 3383 nec
816 3306 940 3385 dicere
971 3308 1138 3385 labentur
1161 3331 1224 3411 pro
1248 3310 1424 3412 prffessir,
1454 3334 1539 3382 cum
1564 3306 1611 3381 sit
1635 3304 1751 3382 horno

327 3436 498 3542 simplex,
520 3438 637 3516 rudus
652 3455 695 3514 et
712 3438 847 3546 laycus.

383 3566 442 3641 Ad
452 3567 603 3646 iil—xlv
623 3569 796 3645 articulos
806 3568 1000 3657 inclusive,
1018 3567 1216 3673 diligenter
1230 3583 1269 3642 et
1282 3566 1471 3677 sigillatim
1486 3567 1749 3673 interrogatus,

328 3696 473 3801 negavit
485 3696 702 3802 simpliciter
722 3698 820 3802 ipsos
838 3697 1011 3774 articados
1029 3715 1067 3773 et
1080 3696 1206 3773 omnia
1226 3712 1265 3771 et
1278 3697 1422 3803 singula
1443 3712 1613 3774 contenta
1631 3697 1750 3774 ineis.

281 3876 284 3883 -
383 3825 442 3900 Ad
463 3825 691 3902 xlvr-—lxruu
712 3824 885 3902 articulos
907 3825 1102 3914 inclusive,
1121 3826 1323 3931 diligenter
1342 3843 1379 3902 et
1400 3825 1585 3932 sigillatim
1597 3827 1754 3904 interro-

327 3972 450 4061 gatus‚
464 3956 695 4063 respondens
707 3955 854 4061 negavit
871 3956 972 4062 ipsos
987 3955 1161 4033 articulos
1178 3973 1215 4032 et
1233 3957 1358 4033 omnia
1372 3975 1409 4033 et
1423 3956 1566 4061 singula
1580 3973 1751 4032 contenta

329 4115 366 4161 m
388 4116 452 4163 ers.

384 4217 483 4293 Dixit
498 4235 621 4294 tamen
641 4244 680 4293 se
700 4233 847 4322 portare
865 4192 1056 4324 cingulum
1071 4215 1147 4293 sive
1164 4214 1358 4292 cordulam
1377 4244 1489 4321 super
1509 4215 1694 4292 camisiam
1716 4219 1753 4292 in

328 4347 475 4452 signum
495 4348 669 4425 castitatis
684 4350 878 4440 servande,
896 4364 939 4425 ut
954 4349 1089 4435 credit,
1105 4364 1320 4424 nontamen
1337 4346 1442 4453 quod
1456 4344 1569 4425 fuerit
1580 4361 1674 4421 tacta
1688 4346 1753 4435 ali-

329 4477 389 4552 cui
405 4478 514 4582 capiti
535 4507 601 4554 seu
620 4478 746 4584 ydolo.

384 4607 542 4684 Addidit
557 4610 672 4685 eciam
688 4638 726 4686 se
742 4608 895 4685 credere
915 4608 1020 4715 quod
1038 4637 1080 4685 ea
1100 4636 1172 4713 que
1189 4624 1350 4713 aguntur
1362 4624 1400 4682 et
1416 4608 1593 4683 dicuntur
1606 4606 1646 4681 in
1662 4609 1755 4711 capi-

329 4737 416 4816 tulis
435 4767 511 4816 non
535 4739 694 4816 debeant
711 4737 882 4829 revelari,
906 4740 1024 4816 nescit
1041 4757 1167 4817 tamen
1186 4766 1335 4815 causam
1354 4766 1482 4842 quare.

387 4870 444 4946 Ad
456 4869 722 4946 lxxuu-lxxxt
739 4869 914 4947 articulos
924 4869 1103 4948 inclusive
1114 4929 1123 4958 ‚
1136 4866 1336 4977 diligenter
1348 4883 1386 4944 et
1400 4865 1586 4974 sigillatim
1600 4866 1757 4940 iuterro-
