4236 5948
731 542 927 633 Pliones
952 555 1372 630 DESTEMPLIERS.
1694 563 1761 636 511

396 702 460 797 De
472 699 663 777 erroribus
676 717 803 778 autem
819 699 914 778 etde
926 726 1055 777 eorum
1070 697 1381 786 correctionibus,
1405 725 1550 775 necnon
1567 698 1613 775 de
1630 701 1768 781 eisnoii

343 829 622 918 notificatisvel
637 830 831 909 insinuatis
845 828 1026 920 Ecclesie,
1050 828 1097 906 de
1117 827 1256 934 quibus
1276 828 1399 934 agitur
1420 827 1457 905 in
1477 827 1642 908 articulis
1656 831 1770 941 preli-

340 961 454 1051 batis,
476 961 673 1068 respondit
692 980 738 1040 et·
751 961 842 1039 dixit
861 990 902 1039 se
927 990 997 1039 nec
1017 958 1128 1038 scisse
1156 986 1409 1066 necunquam
1435 959 1667 1039 mentionem
1687 959 1767 1038 sieri
1824 1063 1825 1066 Ἴ

345 1093 494 1170 audisse
511 1092 552 1168 in
579 1092 694 1171 domo
715 1091 836 1170 Mansi
856 1091 945 1180 Dei,
969 1093 1009 1167 in
1029 1118 1104 1198 qua
1119 1119 1139 1167 a
1153 1107 1325 1196 ternpore
1344 1089 1577 1195 recepcionis
1591 1117 1658 1169 sue
1681 1093 1769 1169 citra

343 1222 388 1298 ad
403 1221 543 1299 dictum
559 1223 731 1299 ordinem
754 1251 897 1301 moram
912 1222 1037 1312 traxit,
1053 1249 1123 1297 nec
1134 1239 1240 1327 putat
1254 1249 1324 1298 nec
1336 1221 1455 1316 credit
1469 1249 1564 1326 opus
1583 1220 1695 1300 liiisse
1713 1221 1770 1300 vel
1817 1298 1819 1303 ,
1952 1318 1954 1320 1

343 1352 467 1432 locum
478 1353 588 1430 dictis
601 1353 819 1432 correctioni
832 1413 841 1443 ,
855 1351 1150 1434 insinuationi-et
1166 1351 1418 1459 emendationi
1430 1350 1477 1427 de
1492 1351 1629 1457 quilius
1636 1353 1767 1462 agitur,
1804 1388 1813 1407 -·
1839 1318 1893 1459 ἐξ

346 1512 448 1572 cum,
467 1484 561 1560 sicut
576 1480 1189 1590 credit,nunqua1nj-luerintdicta
1205 1479 1529 1558 nefandacrimina
1541 1508 1610 1557 nec
1624 1508 1770 1591 errones
1811 1474 1820 1507 ²
1849 1452 1875 1549 d
1902 1460 1921 1493 '

346 1615 384 1689 in
400 1615 634 1723 ordine,nec
648 1613 688 1694 iii
704 1614 833 1714 domo,
957 1599 963 1643 ⁵
1020 1612 1161 1725 :ipsius
1173 1613 1338 1719 Templi,
1360 1641 1430 1690 nec
1443 1612 1542 1718 apud
1556 1611 1690 1698 fratres
1700 1610 1770 1690 ali·
1820 1662 1847 1717 3

344 1745 743 1850 quos,sicutspes‚sua
766 1761 837 1821 ess
890 1730 915 1755 ⁵
1053 1741 1159 1819 ‘end
1173 1742 1349 1820 idautem
1361 1741 1615 1851 quoddicitur
1630 1742 1769 1821 multos

346 1903 389 1949 ex
401 1873 574 1951 fratribus
590 1873 677 1950 dicti
687 1873 873 1977 ordiw
983 1850 1153 1983 ¹judicio
1174 1902 1285 1979 quarn
1307 1890 1421 1961 extra,
1445 1903 1557 1983 quain
1573 1901 1770 1952 coramso·

345 2004 557 2110 lempnibus
572 2005 740 2111 personis
750 1980 1032 2105 confossos&
1048 2030 1193 2091 errores
1201 2002 1248 2079 de
1257 2002 1395 2109 quibus
1410 2003 1531 2109 agitur
1541 2005 1579 2079 in
1591 2004 1767 2093 articulis,

345 2135 536 2242 respondit
554 2153 591 2213 et
610 2136 701 2214 dixit
720 2157 850 2213 senon
866 2133 1020 2237 eredere
1039 2133 1141 2240 ipsos
1152 2133 1283 2212 fratres
1297 2163 1367 2211 nee
1381 2161 1509 2212 eorum
1524 2135 1668 2242 aliquos
1681 2165 1774 2213 con«

345 2264 543 2353 sessionem
558 2264 605 2341 de
616 2264 1123 2371 predictiserroiilrusveram
1133 2261 1405 2342 confessionem
1414 2261 1558 2354 secisse,
1567 2263 1771 2342 sedlalsani

345 2395 509 2502 penitus,
530 2395 626 2472 sicut
645 2378 778 2486 credit,
792 2424 878 2471 eum
890 2394 930 2471 in
947 2391 1050 2470 uiilla
1064 2411 1169 2499 parte
1181 2394 1318 2482 ordine
1334 2393 1483 2499 Templi
1504 2396 1701 2474 commissa
1715 2398 1771 2474 vel

347 2525 473 2603 audita
492 2523 648 2614 fuerint,
664 2499 780 2632 proiit
797 2523 929 2613 eredit,
953 2522 1050 2600 dicta
1069 2521 1228 2599 nefanda
1247 2522 1403 2599 crimina
1423 2540 1597 2599 contenta
1618 2526 1656 2600 in
1676 2529 1741 2604 eis.

402 2656 462 2733 sd
479 2655 619 2744 lxxxiii,
641 2654 776 2733 lxxxiiii
793 2671 831 2731 et
849 2652 955 2733 lxxxv
972 2651 1148 2748 articulos
1162 2651 1356 2739 inclusive,
1379 2652 1625 2759 diligenteret
1636 2655 1772 2764 sigilla·

347 2786 415 2862 tini
447 2787 710 2895 interrogatus,
741 2785 936 2892 respondit
963 2801 1001 2861 et
1025 2783 1118 2860 dixit
1137 2784 1242 2890 quod
1262 2782 1392 2860 fratres
1418 2782 1506 2861 dicti
1532 2785 1681 2892 Templi
1707 2789 1772 2893 qui
1873 2825 1876 2829 ·

350 2915 469 2995 dictos
494 2946 639 2995 ermres
666 2934 703 2994 et
725 2917 889 2993 crimina·
907 2915 947 2991 iu
967 2914 1152 3021 presentia
1172 2914 1392 2992 sanctissimi
1414 2915 1530 3021 patris
1560 2932 1598 2993 et
1626 2914 1773 2993 domini

350 3046 466 3123 nostri
485 3075 597 3154 pape,
620 3064 658 3124 et
677 3075 800 3126 coram
828 3045 992 3123 dominis
1016 3044 1230 3122 reverendis
1254 3044 1502 3122 cardinalibus
1522 3061 1560 3123 et
1580 3046 1619 3121 in
1640 3074 1773 3123 eorum

349 3175 587 3266 consistorio,
613 3195 701 3255 sunt
719 3176 895 3265 confessi,
922 3175 1192 3283 cujuscumque
1213 3174 1443 3252 condicionis
1464 3176 1522 3251 vel
1544 3192 1664 3253 statiis
1688 3206 1774 3283 pre—

350 3306 440 3384 dicti
456 3307 677 3386 confitentes
691 3307 863 3397 existant,
881 3335 920 3384 se
941 3303 1094 3384 credere
1115 3302 1236 3382 dictos
1256 3304 1476 3383 confitentes
1496 3323 1622 3385 contra
1641 3307 1774 3383 verita-

349 3455 427 3514 tem
446 3435 641 3515 falsitatem
667 3437 800 3514 dixisse
822 3455 858 3515 et
875 3437 1068 3514 veritatem
1088 3435 1241 3542 penitus
1260 3437 1437 3526 tacuisse;
1459 3465 1564 3525 eum,
1587 3439 1682 3514 sicut
1702 3467 1775 3514 cre·

351 3566 425 3656 dit,
447 3567 487 3642 in
503 3566 604 3656 dicto
616 3568 750 3646 ordine
767 3567 917 3673 Templi
934 3566 990 3644 vel
1005 3566 1046 3643 iii
1058 3565 1183 3673 aliqua
1196 3583 1301 3672 parte
1316 3566 1398 3674 ejus
1412 3595 1481 3643 nec
1496 3566 1592 3644 dicta
1607 3596 1774 3673 unquam

350 3696 492 3775 luerint
510 3696 783 3839 velffmmbsa
798 3725 868 3774 nec
887 3697 1011 3776 audita
1024 3696 1079 3774 sio
1089 3695 1415 3777 nefandacrimina
1429 3714 1472 3772 ut
1485 3697 1548 3774 illa
1562 3714 1663 3786 sunt,
1680 3698 1776 3774 sicut

353 3825 488 3917 credit;
515 3843 556 3903 et·
571 3820 659 3903 ideo
678 3827 857 3905 mentitos
881 3827 1003 3904 dictos
1031 3824 1162 3904 iratres
1188 3847 1267 3902 esse
1288 3825 1408 3904 eredit
1435 3827 1480 3901 in.
1499 3827 1621 3932 capud
1645 3856 1773 3914 suuni,

352 3957 449 4034 salva
469 3985 616 4063 semper
635 3956 827 4035 sanctitate
848 3974 886 4036 et
905 3954 1122 4034 excellentia
1141 3956 1249 4035 Sedis
1268 3955 1469 4062 apostolice
1491 3974 1527 4032 et
1543 3956 1698 4032 honore.

406 4086 466 4162 Ad
481 4087 599 4166 lxxxvi
613 4087 812 4164 articulum
827 4087 1025 4194 diligenter
1041 4087 1304 4195 interrogatus,
1326 4087 1558 4192 respondeus
1572 4085 1663 4163 dixit
1673 4087 1775 4191 quod

355 4215 466 4295 frater
489 4216 733 4327 Raymundus
757 4219 805 4295 de
828 4219 924 4296 Baco
947 4236 1038 4296 tunc
1061 4236 1260 4324 preceptor
1284 4217 1381 4295 dicte
1407 4216 1543 4294 domus
1568 4217 1684 4295 Mansi
1705 4217 1774 4293 Dei

354 4348 494 4454 recepit
512 4349 637 4456 ipsum
651 4349 691 4426 in
710 4348 863 4427 fratrem
878 4349 967 4428 dicti
986 4348 1144 4440 ordinis,
1167 4349 1263 4425 circe
1275 4347 1413 4426 festum
1427 4346 1610 4426 Omnium
1623 4348 1777 4427 Sancto-

345 4507 439 4556 ·rum
459 4481 625 4586 proxime
644 4497 844 4557 venturum
863 4498 974 4559 erunt
993 4506 1111 4561 xxxvii
1131 4478 1214 4557 anni
1238 4478 1351 4586 elapsi
1371 4478 1429 4556 vel
1448 4479 1560 4567 circa,
1578 4478 1619 4553 in
1639 4477 1776 4582 capella

355 4608 453 4686 dicte
471 4611 623 4699 domus,
639 4610 874 4717 presentibus
891 4629 928 4689 et
942 4610 1087 4689 ibidem
1098 4609 1305 4688 astantibus
1322 4608 1539 4698 Ar‘Rocha,
1556 4608 1777 4715 Raymundo

356 4739 403 4815 de
417 4738 630 4830 Cirritania,
650 4727 697 4820 G.
714 4742 846 4832 Vinea,
869 4743 978 4820 Petro
996 4742 1044 4819 de
1063 4742 1251 4821 Villanova
1273 4757 1310 4817 et
1324 4739 1493 4848 pluribus
1508 4738 1589 4815 aliis
1604 4737 1778 4816 fratribus

357 4869 444 4947 dicti
466 4871 610 4948 ordinis
621 4873 700 4979 jani
719 4871 914 4951 defunctis.
