4236 5948
496 562 569 638 rto
879 542 1085 635 raocts-
1101 560 1196 645 uns
1221 561 1523 673 counimus.

494 704 611 782 Mansi
635 702 722 789 Dei,
747 702 786 777 in
806 702 946 808 capella
970 702 1088 808 ipsius
1109 702 1277 801 domus„
1290 700 1530 808 presentibus
1545 719 1584 781 st
1602 700 1747 785 ibidem
1766 703 1920 781 astanti-

495 836 566 913 bus
581 836 644 913 ΑΓ.
660 835 707 912 de
728 833 853 911 Rocha
868 833 1091 922 cambrerio‚
1108 832 1376 951 Bartpolomeo
1393 835 1440 912 de
1454 836 1576 913 Turre
1596 830 1808 940 capellano,
1823 835 1920 940 Ray-

494 967 639 1043 mundo
661 967 771 1070 Sapte
792 962 1003 1069 capellano,
1024 952 1313 1072 Reymud'do-de
1325 965 1463 1047 sancto
1481 967 1589 1045 lusto
1606 962 1745 1055 milite,
1761 980 1818 1055 -ot
1833 965 1921 1073 pln—

494 1097 598 1175 ribus
608 1096 689 1173 aliis
697 1094 876 1171 fratribus
891 1095 1037 1173 ordinis
1046 1095 1263 1202 supradicti.
1275 1098 1330 1172 De
1344 1096 1463 1174 modo
1474 1112 1601 1173 autem
1611 1124 1679 1174 sue
1688 1096 1920 1202 receptionis

494 1245 531 1303 et
561 1225 802 1332 tangentibus
824 1225 961 1331 ipsam,
986 1243 1024 1302 et
1052 1225 1135 1302 aliis
1160 1224 1338 1305 onmihus
1362 1222 1666 1333 dependentibus
1691 1252 1735 1301 er
1761 1225 1916 1314 eadem,

493 1359 586 1436 dixit
601 1360 640 1434 in
655 1355 834 1453 omnibus
849 1374 964 1462 etper
975 1359 1103 1435 omnia
1118 1375 1162 1437 nt
1172 1357 1437 1466 primustestis
1452 1357 1649 1463 deponens
1656 1384 1771 1463 super
1779 1359 1919 1437 eodem

493 1490 669 1578 articulo,
698 1507 737 1566 et
756 1506 799 1567 ut
822 1490 1039 1567 continetur
1055 1492 1097 1565 in
1117 1489 1218 1566 dicto
1239 1489 1337 1567 libro
1365 1518 1433 1595 per
1448 1489 1571 1595 ipsum
1587 1488 1753 1594 primum
1782 1506 1919 1569 testem

471 1715 478 1733 .
494 1621 675 1711 exhibito,
699 1621 916 1697 continente
936 1637 1073 1697 statuta
1090 1638 1129 1698 et
1142 1619 1311 1729 regulam
1331 1619 1476 1703 ordinis
1495 1618 1711 1726 supradicti.

548 1751 750 1830 Adlxxxvu
762 1768 801 1829 et
812 1749 1201 1829 lxxxvuret-ultimum
1215 1750 1391 1829 articulos
1405 1749 1640 1856 respondens
1651 1751 1916 1857 interrogatus,

494 1883 586 1958 dixit
599 1911 638 1959 se
659 1911 728 1960 nec
746 1883 842 1961 scire
858 1910 929 1959 nec
939 1882 1096 1973 ‘credere
1115 1881 1260 1988 aliquid
1275 1881 1334 1959 vel
1351 1880 1477 1987 aliqua
1496 1881 1544 1957 de
1560 1882 1747 1960 contentis
1761 1882 1803 1959 in
1817 1883 1917 1989 ’φάε

549 2015 672 2120 Super
693 2014 775 2092 aliis
797 2015 961 2091 vero-de
992 2014 1133 2119 quibus
1155 2012 1363 2121 precipitur
1385 2008 1469 2105 lieri
1498 2013 1694 2119 inquisitio
1716 2016 1917 2121 generalis,

494 2162 607 2247 prout
618 2143 828 2231 visumluit
848 2143 950 2225 dicto
970 2144 1127 2221 domino
1145 2144 1322 2251 episeopo
1337 2160 1380 2221 et
1396 2142 1575 2249 predictis
1587 2143 1671 2221 aliis
1682 2143 1920 2227 dominisen-

494 2252 639 2353 colticis
654 2282 693 2352 e't
706 2275 890 2383 religiosis
905 2274 991 2355 viris
1006 2274 1286 2381 inquirentibus
1300 2276 1534 2381 paritercum
1548 2275 1702 2365 eodem,
1716 2277 1919 2381 roquidtus

493 2405 591 2503 dirit·
605 2432 646 2483 se
658 2404 818 2512 arnplius
833 2403 952 2483 nichil
966 2382 1076 2487 seire.

548 2539 657 2613 Anno
673 2565 751 2644 quo
766 2565 898 2643 supra,
919 2560 979 2615 xvi
993 2535 1170 2615 kalendas
1188 2535 1381 2623 lebrnarii.
1440 2598 1449 2614 .
1520 2586 1523 2591 -

546 2798 588 2877 V.
611 2801 740 2876 Frater
756 2799 1002 2904 Berengar-ius
1022 2799 1070 2875 de
1089 2797 1202 2877 Collo
1219 2799 1345 2887 miles,
1368 2798 1513 2875 ordinis
1544 2798 1687 2877 milicie
1707 2798 1860 2907 Templi
1885 2817 1921 2879 et

493 2931 592 3007 dicte
608 2930 746 3007 domus
762 2928 983 3031 MapsiDei‚
999 2929 1149 3037 juretus
1165 2930 1215 3006 ad
1233 2946 1360 3007 sancta
1376 2929 1448 3007 Dei
1458 2919 1689 3036 'Evangelim
1716 2947 1760 3008 ut
1780 2931 1920 3037 princi·

492 3060 585 3166 palis
602 3058 703 3139 dese
719 3061 817 3169 ipso,
835 3078 876 3139 et
890 3078 934 3137 ut
948 3061 1056 3145 tastis
1070 3061 1118 3138 de
1137 3060 1238 3150 aliis,
1257 3088 1374 3167 super
1392 3060 1561 3141 articulis
1572 3060 1923 3167 supradictisetso-

492 3220 578 3269 rum
589 3190 842 3301 rftmlibetsibi
852 3190 1027 3298 expositis
1041 3191 1080 3267 in
1090 3190 1249 3298 vulgari,
1266 3207 1305 3285 et
1317 3190 1520 3299 diligenter
1530 3191 1798 3300 interrogatum,
1844 3242 1850 3251 ·
1905 3232 1909 3243 ·

549 3325 671 3428 Super
685 3322 824 3431 primo,
841 3321 1156 3407 n-s-rvs‘uteulis
1170 3321 1351 3401 inclusive
1366 3322 1614 3430 respondens,
1631 3323 1922 3430 negavitomnis

482 3468 531 3528 ·et
550 3452 695 3560 singula
711 3468 891 3531 contenta.
901 3451 942 3529 io
962 3453 1033 3541 eise
1054 3450 1218 3531 adiciens
1232 3453 1339 3558 quod
1353 3454 1393 3529 in
1408 3454 1556 3531 honore
1567 3453 1689 3531 crucis
1704 3471 1743 3530 et
1755 3452 1921 3533 crucifixi

249 3627 251 3633 ¹
335 3673 338 3679 Ι
492 3581 609 3659 lhesu
618 3580 750 3681 fratres
762 3581 880 3699 ipsinq
890 3580 1033 3661 ordinis
1043 3582 1201 3661 adorent
1215 3601 1436 3661 crucemtor
1446 3585 1596 3663 iuanno
1609 3583 1874 3691 sollmpnitor
1886 3603 1923 3663 et

492 3729 717 3804 reverenter,
733 3711 891 3791 infestis
905 3714 1038 3797 Sancte
1053 3713 1185 3793 Crucis
1204 3714 1345 3801 mansis
1359 3713 1584 3821 septembris
1601 3731 1641 3790 et
1657 3714 1798 3793 mensis
1813 3717 1921 3809 maii,

493 3859 530 3919 et
544 3844 606 3921 die
625 3845 781 3923 Veneris
792 3860 942 3936 sanctu
963 3861 1001 3920 et
1019 3832 1203 3950 quociens
1222 3845 1381 3925 adorant
1400 3845 1520 3951 ipsam
1533 3872 1685 3923 erucem
1698 3845 1770 3951 ipsi
1788 3844 1921 3929 huo

492 3974 532 4050 in
547 3974 609 4087 die
623 3975 935 4075 Venerisranuo„
952 3975 1154 4083 deponunt
1173 3975 1359 4055 sotulares
1368 4003 1474 4082 -quos
1491 3992 1644 4082 portant
1666 3974 1870 4085 otglatlios
1884 3994 1923 4055 et
1945 4047 1950 4055 .

490 4103 591 4180 colas
603 4103 721 4182 lineas
731 4120 772 4183 et·
782 4104 966 4212 quiequid
979 4122 1131 4208 portant
1145 4105 1251 4183 alind
1262 4123 1369 4184 extra-
1378 4124 1505 4215 caput3
1522 4105 1658 4187 dicans·
1667 4103 1787 4183 eciam
1797 4108 1918 4214 quod,

493 4235 543 4312 ob
563 4236 814 4312 reverendam
837 4235 1178 4315 crucifixi-Domini
1200 4237 1338 4327 dhorn,
1359 4265 1493 4317 omnes
1511 4234 1644 4314 frames
1662 4234 1758 4319 dicti
1777 4236 1922 4329 ordinis

491 4368 691 4472 portantin
702 4366 871 4474 clamyde
881 4367 1205 4473 erucemlltsicut
1216 4368 1388 4463 §hristus
1399 4369 1535 4465 lhssus
1548 4366 1685 4451 effudit
1695 4368 1921 4476 anguineis

493 4498 686 4603 proprium
699 4499 739 4574 'm
750 4504 859 4576 cruce
869 4526 939 4605 pro
953 4498 1079 4589 nobis,
1102 4497 1143 4576 in
1158 4497 1222 4577 illa
1240 4478 1657 4609 significationedratres
1671 4496 1921 4581 dicttordinis

493 4646 645 4735 portant
663 4657 815 4707 crucem
832 4630 948 4737 panni
970 4629 1079 4707 rubei
1096 4630 1144 4706 'in
1162 4631 1322 4708 clamide
1329 4648 1405 4721 ‚mt
1424 4630 1622 4711 effundant
1641 4633 1922 4745 strumangui-

494 4787 582 4836 nem
596 4760 792 4865 proprium
809 4777 937 4867 contra
956 4761 1084 4847 hostes
1097 4760 1237 4840 Christi
1255 4763 1478 4851 Sarmoerms
1490 4762 1531 4839 in
1544 4778 1643 4853 terra
1655 4763 1916 4850 transmisi,

495 4906 533 4967 et
549 4889 639 4967 alibi
659 4908 788 4968 contra
808 4892 937 4970 hostes
954 4891 1042 4970 lidei
1055 4892 1295 4979 Christiane.-
