4236 5948
738 513 933 607 rnocss
959 533 1054 607 uns
1081 534 1384 607 rnurmsns.
1722 536 1769 609 77-

352 672 502 752 ordinis.
525 670 703 751 Cordulis
722 673 824 751 unde
848 674 1024 754 volebant
1044 675 1244 782 assumptis
1265 673 1511 784 cingebantur
1526 702 1640 781 super
1658 674 1771 752 cami·

350 804 418 883 sias
446 832 534 880 cum
566 802 706 910 quibus
734 804 918 912 jacebant.
953 805 1169 911 lnjunctum
1198 805 1271 882 fuit
1300 805 1371 884 sibi
1395 821 1434 882 et
1461 804 1536 881 illis
1558 833 1653 912 quos
1678 806 1772 883 vidit

350 933 461 1041 recipi
482 962 530 1011 ne
550 932 758 1011 revelarent
773 951 914 1013 secreta
931 933 1196 1040 capitulorum,
1216 935 1263 1012 de
1279 933 1395 1012 modo
1416 934 1647 1041 recepcionis
1665 934 1770 1013 nulla

350 1063 497 1172 speciali
516 1063 644 1143 habita
662 1065 876 1154 mencione,
899 1065 1074 1151 etcredit
1093 1066 1199 1171 quod
1213 1065 1316 1143 idem
1336 1065 1595 1173 injungeretur
1613 1064 1712 1155 aliis3
1734 1084 1771 1144 et

350 1195 378 1273 si
404 1193 654 1285 revelassent,
680 1195 800 1272 nescit
819 1194 848 1273 si
871 1212 908 1272 et
932 1194 1094 1301 qualiter
1111 1195 1235 1301 puniti
1252 1193 1421 1273 luissent.
1442 1195 1593 1302 Absque
1614 1197 1770 1281 licencia

350 1352 424 1404 non
453 1341 626 1433 poterant
649 1323 732 1401 aliis
760 1353 873 1433 quam
898 1325 1154 1404 sacerdotibus
1179 1325 1323 1403 ordinis
1347 1324 1541 1420 confiteri,
1562 1327 1652 1434 quia
1669 1327 1770 1405 dice-

349 1455 457 1535 batur
472 1455 526 1534 eis
544 1483 658 1563 quam
675 1454 737 1532 alii
757 1482 835 1532 non
852 1454 1041 1535 habebant
1059 1471 1283 1561 potestatem
1304 1456 1520 1534 absolvendi
1532 1458 1709 1549 eosdem,
1732 1475 1769 1533 et

350 1586 427 1693 ipse
446 1585 611 1664 obtinuit
625 1585 820 1664 licenciam
836 1583 1043 1664 confitendi
1056 1602 1186 1665 curato
1200 1586 1383 1692 predicto.
1399 1585 1632 1665 Elemosinas
1652 1605 1690 1664 et
1704 1589 1769 1665 bo·

349 1716 586 1825 spitalitatem
603 1714 698 1794 vidit
717 1717 983 1795 convenienter
996 1715 1078 1793 fieri
1096 1734 1133 1794 et
1151 1717 1287 1794 servari
1303 1715 1342 1794 in
1364 1716 1544 1796 domibus
1558 1718 1703 1797 ordinis
1729 1719 1768 1794 in

348 1847 485 1955 quibus
510 1848 647 1925 exstitit
674 1864 939 1926 commoratus.
964 1845 1263 1925 Deffendebatur
1289 1846 1342 1924 eis
1367 1875 1414 1923 ne
1439 1847 1579 1954 injuste
1602 1847 1769 1954 acquire-

348 1995 431 2056 rent
459 1977 596 2056 ordini.
627 1978 781 2056 Audivit
809 1978 882 2062 dici
915 1978 1021 2084 quod
1047 2004 1181 2055 eorum
1211 1976 1388 2083 capitulis
1413 1976 1508 2053 clam
1528 1977 1766 2069 tenebantur,

322 2086 330 2095 .
348 2107 463 2185 nullis
481 2108 720 2214 presentibus
744 2108 815 2186 nisi
837 2107 1013 2186 fratribus
1033 2108 1196 2200 ordinis,
1219 2125 1258 2184 et
1281 2106 1385 2213 quod
1409 2107 1579 2187 ordinata
1601 2135 1668 2214 per
1690 2109 1768 2184 Ma·

329 2267 332 2270 ·
347 2237 504 2345 gistrum
519 2267 606 2316 cum
622 2255 809 2317 conventu
827 2255 1006 2317 servasset
1018 2255 1120 2316 totus
1135 2237 1247 2327 ordo,
1265 2255 1397 2317 contra
1411 2265 1527 2343 quem
1542 2266 1644 2314 nnnc
1657 2266 1768 2345 gran-

348 2369 407 2446 dia
421 2369 611 2459 scandsla,
633 2368 798 2476 suspicio
816 2386 853 2447 et
873 2369 1025 2446 inssmia
1041 2385 1130 2446 sunt
1149 2385 1291 2461 exosta;
1304 2367 1352 2444 ad
1370 2367 1478 2474 cujus
1494 2367 1767 2446 deffensionem

346 2525 384 2575 se
403 2498 594 2578 obtulerat
612 2527 688 2576 una
706 2528 793 2576 cum
813 2499 988 2605 pluribus
1007 2498 1100 2575 aliis.

400 2628 615 2735 Requisitus
631 2631 662 2707 si
676 2630 727 2708 sic
743 2628 968 2736 deposuerat
984 2657 1114 2735 prece,
1127 2646 1321 2737 precepto,
1335 2629 1489 2718 timore,
1499 2656 1644 2716 amore,
1657 2629 1763 2718 odio,

347 2757 403 2836 vel
421 2759 622 2866 temporali
637 2759 799 2839 comodo
819 2759 949 2838 habito
964 2759 1023 2837 vel
1040 2758 1230 2847 babendo,
1252 2757 1447 2866 respondit
1465 2759 1570 2867 quod
1587 2785 1677 2846 non,
1699 2760 1766 2836 sed

345 2917 414 2994 pro
437 2889 591 2968 veritate
617 2888 794 2980 dicenda3
822 2890 882 2966 cui
909 2890 980 2967 luit
1004 2890 1217 2997 injunctum
1242 2889 1345 2996 quod
1367 2916 1443 2964 non
1464 2888 1645 2966 revelaret
1671 2889 1767 2966 hanc

346 3048 450 3099 suem
470 3020 768 3128 deposicionem‚
790 3049 988 3130 quousque
1006 3020 1265 3100 attestaciones
1280 3009 1422 3097 luerint
1441 3018 1640 3126 publicate.

400 3283 568 3364 Prelatus
585 3284 698 3363 irater
713 3285 909 3392 Philippus
928 3286 977 3364 de
997 3286 1136 3376 Manio,
1159 3284 1214 3364 eri
1234 3284 1476 3377 examinatus,
1497 3283 1569 3361 fuit
1587 3285 1766 3363 reductus

345 3415 391 3493 ad
409 3417 641 3523 presenciam
667 3415 857 3493 dictorum
887 3417 1130 3495 dominorum
1160 3415 1515 3507 commissariorum,
1538 3415 1577 3491 in
1601 3444 1765 3521 quorum

344 3547 534 3652 presencia
554 3546 627 3626 suit
649 3546 683 3624 ei
704 3547 799 3624 lecta
813 3564 851 3624 et
869 3548 910 3623 in
926 3547 1069 3658 vulgari
1089 3547 1256 3655 exposita
1285 3545 1475 3652 deposieio
1499 3574 1566 3623 sua
1586 3545 1764 3653 predicta,

344 3703 457 3784 quam
476 3679 578 3758 idem
602 3679 717 3757 lmter
739 3678 936 3786 Philippus
961 3679 1124 3768 iteravit,
1147 3694 1185 3756 et
1205 3705 1273 3784 per
1287 3677 1548 3784 juramentum
1567 3678 1764 3783 prestitum

345 3834 426 3887 eam
445 3838 527 3891 esse
551 3841 676 3892 veram
702 3811 860 3889 asseruit
885 3828 999 3916 prout
1015 3812 1232 3890 continetur
1254 3808 1294 3884 in
1316 3837 1369 3887 ea

398 4071 529 4148 Frater
538 4072 728 4150 lohannes
739 4073 912 4151 Becherii
929 4072 976 4150 de
987 4072 1130 4151 Grandi
1144 4071 1290 4151 Villarii
1309 4072 1489 4160 serviens,
1505 4070 1767 4149 Ambianensis

344 4199 518 4293 diocesis,
533 4203 640 4280 testis
653 4231 763 4310 supra
775 4204 934 4311 juratus,
949 4203 1058 4283 etatis
1069 4230 1183 4281 nxxm
1197 4231 1382 4281 annorum
1399 4201 1458 4278 vel
1475 4203 1581 4289 cirea,
1596 4201 1660 4309 qui
1675 4199 1767 4277 citra

343 4327 442 4407 duos
455 4359 605 4410 menses
621 4333 828 4413 voluntarie
848 4335 992 4414 dimisit
1011 4333 1236 4412 mantellum
1252 4350 1291 4413 et
1304 4333 1386 4411 radi
1401 4331 1489 4410 lecit
1506 4331 1577 4408 sibi
1591 4330 1764 4419 barbam,

341 4456 535 4539 absolutus
555 4479 593 4539 et
602 4465 864 4543 reconciliatus
878 4494 947 4572 per
964 4464 1164 4543 dominum
1184 4463 1506 4570 archiepiscopum
1523 4463 1765 4548 Remensem,

341 4590 408 4696 qui
418 4590 661 4698 inquisiverat
675 4622 763 4671 cum
779 4596 928 4687 eodem,
942 4594 1049 4674 lectis
1060 4612 1098 4675 et
1108 4594 1308 4704 diligenter
1318 4592 1494 4700 expositis
1504 4592 1576 4670 sibi
1589 4592 1767 4673 omnibus

341 4735 380 4798 et
397 4721 557 4830 singulis
575 4723 756 4815 articulis,
777 4725 974 4832 respondit
989 4755 1028 4804 se
1043 4725 1203 4816 nescire,
1223 4753 1293 4801 nec
1311 4723 1566 4816 credere,nec
1579 4725 1765 4817 audivisse

343 4848 416 4928 diei
428 4851 476 4928 de
484 4855 719 4935 contentisin
728 4855 861 4934 eisnisi
870 4857 978 4964 quod
986 4856 1166 4964 sequitur.
1174 4853 1276 4935 Dixit
1285 4855 1389 4934 enim
1399 4884 1439 4934 se
1447 4855 1562 4935 fuisse
1572 4873 1764 4962 receptum
