4236 5948
339 570 413 639 300
514 572 519 578 ·
728 549 1376 643 rnoctsnnsrsurmnns.

338 710 437 786 dicte
459 707 611 796 domus,
634 737 734 787 nunc
756 711 949 800 defuncto,
967 730 1005 788 et
1024 711 1135 789 fratre
1156 714 1267 789 Petro
1287 711 1332 787 de
1349 708 1547 789 Curmeliis
1566 727 1658 787 tunc
1681 738 1766 816 pre·

338 858 489 948 ceptore
512 840 559 915 de
580 840 787 947 savigneio.
809 843 910 921 Dixit
930 844 1048 921 eciam
1063 872 1133 950 per
1141 845 1399 951 juramentum
1416 870 1527 918 suum
1542 841 1663 949 quod,
1680 858 1766 950 post

338 972 474 1048 multas
494 972 760 1077 promissiones
776 974 823 1051 de
843 976 1005 1065 statutis,
1023 974 1274 1053 observanciis
1290 991 1327 1050 et
1340 973 1491 1051 secretis
1510 973 1599 1051 dicti
1621 974 1765 1051 ordinis

340 1103 580 1182 observandis
599 1133 668 1210 per
680 1133 767 1181 eum
783 1104 912 1195 lactas,
931 1124 968 1183 et
986 1106 1166 1184 mantello
1183 1105 1254 1183 sibi
1269 1104 1424 1193 tradite,
1446 1105 1567 1181 dictus
1581 1105 1765 1211 recipiens

344 1234 448 1311 duxit
463 1261 548 1310 eum
565 1234 612 1309 ad
628 1252 790 1340 partem,
810 1254 847 1313 et
867 1236 1034 1315 ostendit
1054 1237 1123 1313 sibi
1145 1264 1295 1313 crucem
1307 1264 1393 1312 curn
1410 1232 1532 1342 effigie
1546 1234 1683 1312 Christi
1699 1235 1765 1313 de·

340 1365 475 1471 pictam
497 1365 536 1440 in
558 1365 720 1471 quodam
742 1367 892 1444 missali.
913 1369 961 1445 Et
982 1368 1073 1444 dixit
1092 1368 1165 1444 sibi
1185 1368 1307 1444 dictus
1325 1367 1509 1473 recipiens
1527 1365 1633 1472 quod
1650 1366 1765 1444 abne-

341 1513 445 1602 garet
464 1497 657 1573 Christum
683 1499 789 1606 cujus
814 1501 1024 1606 ymaginem
1046 1499 1116 1577 sibi
1142 1497 1363 1576 ostendebat
1381 1515 1450 1584 ter,
1473 1515 1509 1572 et
1533 1513 1592 1573 ter
1613 1516 1765 1604 spueret

338 1655 449 1734 supra
474 1656 621 1704 crucem
644 1646 681 1706 et
701 1658 812 1735 supra
832 1630 1034 1710 Christum.
1065 1629 1180 1724 Quod
1199 1629 1319 1707 Iacere
1338 1627 1571 1734 perterritus,
1595 1627 1763 1735 aliquan-

340 1757 423 1847 diu,
455 1757 551 1835 sicut
571 1757 679 1847 dixit,
706 1759 827 1838 lacere
858 1761 1069 1870 denegavit3
1100 1761 1167 1838 sed
1195 1761 1281 1866 quia
1309 1758 1493 1865 recipiens
1519 1756 1664 1835 dicebat
1690 1758 1761 1834 sibi

338 1889 441 1995 quod
462 1889 533 1966 boc
554 1906 632 1967 erat
651 1890 698 1968 de
719 1893 865 1969 statutis
885 1892 1045 1981 ordinis,
1064 1910 1101 1971 et
1121 1919 1209 1969 eum
1230 1890 1278 1967 ad
1293 1891 1366 1969 hoc
1384 1890 1649 1967 instantissime
1662 1917 1762 1967 com·

338 2018 517 2125 pellebat,
550 2020 667 2098 dictas
696 2022 987 2130 abnegacionem
1021 2043 1058 2100 et
1087 2023 1319 2129 spuicionem
1355 2050 1419 2100 ore
1447 2020 1552 2110 tecit,
1578 2020 1665 2098 licet
1686 2048 1761 2099 non

338 2150 468 2243 corde,
491 2152 585 2229 sicut
608 2153 710 2230 dixit.

395 2285 647 2392 Interrogatus
673 2284 720 2361 de
749 2286 895 2376 osculo,
929 2285 1022 2363 dixit
1046 2314 1115 2392 per
1131 2287 1386 2393 juramentum
1412 2311 1523 2361 suum
1550 2281 1760 2391 quodcum

338 2414 417 2518 ipse
436 2413 618 2523 obligaret
640 2445 678 2493 se
699 2416 745 2492 ad
768 2417 938 2494 facienda
959 2417 1086 2494 oscula
1112 2417 1151 2494 in
1177 2418 1251 2494 fine
1272 2418 1376 2523 spine
1403 2417 1502 2493 dorsi
1524 2433 1561 2492 et
1580 2414 1684 2505 alibi,
1706 2444 1761 2492 se-

338 2545 503 2622 cundum
534 2575 680 2623 morem
709 2565 746 2624 et
774 2548 888 2656 ritum
916 2549 1078 2637 ordinis,
1118 2548 1239 2625 dictus
1272 2548 1456 2653 recipiens
1480 2564 1518 2623 et
1541 2545 1603 2622 alii
1631 2545 1762 2623 fratres

335 2694 584 2783 pepercerunt
600 2677 670 2755 sibi
684 2679 787 2785 quod
798 2706 875 2756 non
889 2678 1038 2757 Iaceret.
1055 2680 1157 2757 Dixit
1173 2679 1289 2756 eciam
1303 2706 1373 2785 per
1379 2679 1635 2784 juramentum
1651 2704 1761 2753 suum

336 2807 441 2913 quod
451 2826 671 2917 preceptum
686 2809 756 2886 fuit
775 2810 847 2887 sibi
859 2809 964 2917 quod
977 2812 1007 2887 si
1023 2809 1157 2917 aliquis
1169 2810 1268 2887 calor
1282 2809 1460 2887 naturalis
1475 2824 1642 2886 moveret
1656 2835 1758 2895 eum,

336 2938 440 3045 quod
459 2940 538 3045 ipse
554 2941 814 3018 commisceret
832 2970 871 3018 se
893 2970 978 3018 cum
1000 2940 1127 3048 aliquo
1149 2941 1196 3018 de
1216 2940 1407 3028 fratribus,
1431 2958 1468 3017 et
1488 2938 1661 3016 similiter
1678 2968 1761 3045 per-

337 3070 509 3148 micteret
528 3071 658 3149 sratres
676 3073 765 3148 dicti
784 3072 928 3150 ordinis
947 3073 1189 3150 commiscere
1208 3101 1294 3148 cum
1312 3100 1374 3161 eo,
1392 3070 1480 3177 quia
1500 3071 1594 3146 sicut
1614 3086 1693 3147 erat
1709 3071 1761 3147 eis

336 3199 541 3308 obligatus,
565 3202 614 3278 ita
630 3203 698 3308 ipsi
716 3221 821 3281 erant
837 3204 908 3280 sibi
925 3204 1076 3310 obligati
1095 3204 1141 3280 ad
1152 3202 1226 3279 hoc
1241 3202 1468 3279 faciendum.

393 3332 610 3436 Requisitus
631 3331 812 3439 decapite
833 3336 938 3439 quod
956 3335 1164 3423 consuevit,
1185 3350 1229 3410 ut
1244 3333 1391 3422 dicitur,
1414 3330 1576 3436 aportari
1598 3328 1647 3405 ad
1663 3331 1761 3436 capi·

337 3461 415 3538 tnla
431 3480 474 3538 et
494 3460 655 3551 adorari,
679 3463 772 3540 dixit
791 3493 860 3571 per
874 3465 1130 3572 juramentum
1144 3493 1256 3542 snum
1271 3462 1375 3571 quod
1386 3462 1479 3538 vidit
1499 3460 1596 3538 illud
1613 3459 1652 3536 in
1668 3461 1762 3539 duo-

337 3592 409 3669 bus
429 3592 696 3701 capitulisque
725 3596 847 3672 tenuit
872 3594 986 3673 frater
1009 3597 1119 3701 Ilugo
1141 3595 1189 3672 de
1215 3592 1382 3670 Paraudo
1407 3593 1573 3669 visitator
1594 3592 1757 3668 Francie.

339 3725 386 3800 Et
399 3723 492 3800 vidit
506 3721 638 3803 fratres
653 3725 809 3803 adorare
825 3726 938 3816 illud,
960 3744 997 3803 et
1021 3727 1181 3833 ipsemet
1207 3724 1372 3833 fingebat
1386 3724 1480 3802 illud
1499 3724 1675 3812 adorare,
1695 3721 1761 3799 sed

338 3880 531 3962 nunquam
551 3854 639 3931 lecit
650 3856 778 3948 corde,
795 3874 838 3934 ut
851 3857 955 3934 dixit.
969 3858 1015 3934 Et
1026 3857 1146 3934 credit
1157 3856 1261 3963 quod
1274 3855 1394 3962 capud
1405 3854 1500 3931 illud
1513 3854 1561 3930 sit
1574 3852 1757 3959 ligneum,

337 4003 571 4093 argentatum
588 4003 625 4063 et
646 3987 864 4064 deauratum
886 3987 987 4065 loris.
1010 3988 1259 4097 Interrogatus
1272 3988 1377 4093 cujus
1393 3983 1529 4092 speciei
1551 3999 1608 4061 est
1620 3982 1759 4059 dictum

338 4118 477 4224 capud,
506 4115 598 4195 dixit
616 4147 685 4224 per
703 4119 961 4226 juramentum
984 4148 1096 4197 sunm
1121 4118 1225 4226 quod
1247 4117 1396 4194 videtur
1422 4115 1492 4193 sibi
1518 4113 1624 4221 quod
1649 4113 1760 4191 habet

335 4248 488 4327 barbam
506 4276 574 4325 seu
594 4248 880 4328 similitudinem
901 4249 1030 4328 barbe.

391 4383 643 4488 Interrogatus
663 4398 792 4459 utrum
816 4383 868 4473 vi,
898 4382 957 4460 vel
980 4398 1084 4459 metu
1110 4398 1388 4460 tormentorum
1413 4396 1477 4456 aut
1497 4377 1669 4463 carceris,
1699 4392 1760 4453 aut

323 4512 461 4620 aliqua
476 4512 545 4589 alia
560 4512 607 4590 de
628 4543 752 4604 causa,
776 4514 938 4621 aliquam
955 4514 1152 4591 salsitatem
1173 4510 1421 4590 immiscuerit
1440 4537 1507 4587 seu
1528 4508 1682 4598 dixerit,
1699 4524 1760 4585 aut
1792 4580 1795 4589 .

338 4643 529 4719 veritatem
549 4646 706 4723 tacuerit
729 4645 767 4720 in
791 4674 857 4723 sua
881 4645 1141 4751 deposicione,
1169 4644 1260 4721 dixit
1284 4672 1353 4750 per
1368 4644 1625 4750 juramentum
1650 4667 1759 4717 suum

336 4774 439 4881 quod
451 4800 543 4864 non;
559 4775 675 4851 immo
690 4774 858 4882 plenam,
875 4804 1017 4853 meram
1031 4793 1067 4853 et
1080 4777 1280 4885 integram,
1296 4790 1452 4880 propter
1466 4771 1623 4850 salutem
1638 4770 1757 4847 anime

335 4934 418 4995 sue,
436 4906 577 4984 dixerat
590 4908 797 4986 veritatem.
