4236 5948
579 542 774 634 rxocxs
799 559 895 630 nas
921 558 1220 631 rxnrtxxas.
1535 559 1607 632 asa

189 706 455 809 interrogatus,
478 703 710 808 respondens
730 701 822 778 dixit
841 727 879 775 se
896 698 1047 775 credere
1064 699 1250 803 predictos
1265 697 1401 773 milites
1416 716 1453 774 et
1467 698 1611 802 presbi-

189 851 289 910 teros
310 832 399 908 dicti
421 829 563 908 ordinis
584 858 708 907 coram
731 829 885 906 domino
906 845 1034 904 nostro
1060 856 1207 904 summo
1227 825 1404 933 pontifice
1429 843 1467 909 et
1486 824 1610 903 coram
1669 909 1672 915 ,

190 963 353 1042 dominis
378 960 630 1038 cardinalibus
660 978 697 1037 et
722 960 761 1035 in
787 959 868 1065 ejus
890 958 1109 1034 consistorio
1134 985 1202 1062 per
1221 957 1475 1064 juramentum
1498 957 1610 1034 fuisse

190 1093 378 1170 conlessos
400 1118 543 1168 errores
565 1091 611 1167 de
632 1090 771 1197 quibus
788 1089 825 1164 in
847 1086 1011 1164 articulis
1032 1086 1209 1193 predictis
1229 1087 1365 1193 agitur;
1386 1087 1476 1164 falso
1497 1091 1612 1167 modo

187 1243 313 1300 tamen
339 1239 377 1299 et
400 1239 527 1297 contra
551 1222 674 1299 Deum
710 1239 746 1296 et
764 1248 887 1296 veram
903 1218 1108 1326 justiciam,
1134 1247 1218 1293 cum
1241 1218 1280 1292 in
1306 1218 1438 1293 ordine
1465 1219 1612 1324 Templi
1638 1243 1643 1252 ’

189 1381 379 1459 nunquam
409 1352 527 1428 auditi
548 1332 702 1440 luerint,
729 1379 799 1427 nec
822 1378 987 1455 unquam
1011 1349 1166 1455 cogniti,
1188 1376 1440 1452 necunquam
1461 1347 1507 1424 de
1530 1349 1611 1452 ipso

188 1483 318 1560 ordine
335 1479 533 1559 manifesti.
550 1482 597 1558 Et
612 1481 684 1558 hoc
703 1481 796 1556 dixit
813 1481 867 1556 sic
882 1508 921 1557 se
936 1479 1105 1567 credere,
1122 1493 1234 1584 prout
1254 1477 1361 1565 dixit,
1377 1477 1610 1555 salvatamen

187 1613 379 1689 sanctitate
407 1612 495 1688 dicti
517 1611 658 1688 domini
680 1611 797 1687 nostri
815 1637 910 1715 pape
931 1609 1228 1685 et·dominorum
1250 1605 1493 1682 cardinalium
1513 1636 1610 1711 reve-

188 1744 311 1818 rencia
331 1743 542 1817 ethonore.

245 1872 297 1947 dd
319 1871 437 1948 lxxxvi
458 1870 654 1947 articulum
674 1871 873 1978 diligenter
887 1872 1151 1976 interrogatus,
1171 1868 1365 1974 respondit
1380 1869 1484 1974 quod
1499 1868 1611 1946 frater

185 1999 430 2106 Raymundus
450 1999 496 2074 de
517 2001 614 2076 Baco
635 2017 832 2104 preceptor
856 2000 990 2077 domus
1015 1999 1133 2077 Mansi
1154 1999 1224 2074 Dei
1249 1999 1390 2074 ordinis
1410 1998 1610 2103 supradicti

185 2129 326 2233 recepit
345 2129 468 2233 ipsum
493 2129 531 2202 in
552 2129 708 2204 ecclesia
729 2127 826 2203 dicte
843 2129 997 2214 domus,
1016 2128 1093 2233 jam
1115 2126 1192 2203 fere
1213 2126 1364 2203 luemnt
1383 2154 1501 2204 xxxvii
1522 2130 1607 2205 anni

186 2258 242 2335 vel
263 2258 356 2333 circa
372 2257 503 2361 elapsi,
521 2259 616 2333 intra
635 2257 771 2334 festum
788 2258 902 2333 sancti
917 2256 1066 2334 Martini
1082 2274 1119 2333 et
1137 2255 1263 2333 Natale
1279 2257 1431 2333 Domini
1442 2259 1607 2362 proxime

184 2387 421 2493 preteritum,
444 2385 681 2490 presentibus
706 2389 817 2462 Petro
842 2386 889 2462 de
916 2386 1241 2492 Camporotundo,
1268 2388 1436 2463 lohanne
1462 2389 1605 2494 Troy'm

185 2515 346 2593 Amaldo
359 2516 484 2592 Rocha
501 2515 724 2604 cambreri0,
748 2515 947 2592 deffunctis
966 2544 1080 2602 nunc,
1099 2532 1137 2590 et
1152 2516 1315 2592 Jordano
1331 2516 1379 2591 de
1394 2515 1607 2594 Pulcrovisu

185 2646 359 2723 fratribus
380 2645 477 2721 dicte
499 2644 651 2733 domus,
674 2662 711 2722 et
730 2644 812 2721 aliis
831 2644 958 2721 multis
978 2644 1152 2721 fratribus
1174 2644 1261 2722 dicti
1277 2645 1426 2722 ordinis.
1447 2646 1531 2739 Que
1547 2675 1608 2724 au-

185 2792 261 2850 tem
289 2775 523 2852 observancia
554 2792 590 2851 et
616 2776 702 2880 quis
724 2775 861 2851 modus
890 2803 956 2866 sue
984 2774 1212 2878 recepcionis
1240 2774 1324 2861 suit,
1356 2774 1449 2852 dixit
1471 2804 1509 2853 se
1530 2805 1606 2855 non

186 2904 370 2982 recordari
398 2905 526 3009 plene;
559 2933 644 2980 cum
665 2906 712 2982 sit
731 2933 842 2981 senex
863 2921 899 2981 et
924 2933 1071 3008 semper
1095 2903 1244 2981 deditus
1267 2905 1345 2980 ruri
1375 2922 1411 2981 et
1438 2907 1604 2987 custodie

186 3035 403 3112 animalium
425 3035 521 3112 dicte
542 3037 688 3112 domus.
712 3037 850 3111 lterum
873 3063 938 3111 sue
958 3035 1164 3140 ignorantie
1185 3053 1239 3110 est
1258 3034 1381 3139 lapsus
1394 3035 1603 3140 longissimi

184 3166 363 3270 temporis
383 3165 568 3241 antedicti.

241 3294 298 3370 Ad
323 3293 471 3382 lxxxvii,
498 3295 644 3372 lxxxvnr
665 3312 703 3372 et
725 3294 901 3371 ultimum
922 3295 1121 3373 articulum
1141 3294 1340 3403 diligenter
1359 3313 1395 3372 et
1415 3295 1602 3402 sigillatim

185 3426 449 3530 interrogatus,
479 3424 709 3532 respondens
728 3424 874 3531 negavit
888 3424 988 3530 ipsos
1011 3424 1185 3502 articulos
1205 3443 1242 3502 et
1258 3425 1384 3502 omnia
1403 3441 1442 3501 et
1460 3426 1604 3532 singula

185 3571 355 3631 contenta
377 3555 414 3628 in
436 3555 500 3629 eis.
522 3557 772 3662 Interrogatus
787 3554 818 3632 si
837 3583 910 3660 qua
930 3554 1041 3642 vellet
1056 3555 1194 3633 addere
1210 3555 1266 3631 vel
1281 3574 1425 3633 mutare
1439 3574 1503 3633 aut
1517 3585 1605 3634 con-

184 3683 282 3758 fiteri
298 3710 372 3788 que
390 3699 520 3788 negata
535 3700 622 3758 sunt
641 3713 659 3758 a
681 3711 720 3759 se
740 3686 946 3761 secundum
967 3685 1175 3772 veritatem,
1197 3702 1321 3763 tamen
1342 3686 1434 3763 dixit
1453 3715 1492 3763 se
1513 3687 1604 3764 velle

184 3812 381 3915 persistere
402 3812 439 3885 in
456 3811 668 3888 conlassatis
688 3840 762 3888 ase
783 3813 954 3916 superius
971 3831 1008 3889 et
1022 3813 1173 3919 negatis.

242 3943 363 4046 Super
392 3941 472 4018 aliis
491 3969 578 4017 vero
602 3942 868 4018 coherentibus
891 3959 929 4018 et
948 3943 1239 4020 circumstanciis
1260 3944 1306 4019 de
1327 3944 1464 4049 quibus
1483 3946 1602 4022 visum

184 4071 254 4148 luit
272 4071 556 4177 inquisitoribus
576 4072 715 4179 requiri
735 4089 771 4148 et
784 4073 1012 4180 interrogare
1029 4073 1166 4150 debere
1180 4073 1382 4178 requisitus
1398 4091 1433 4150 et
1446 4075 1602 4152 interro—

183 4218 290 4309 gatus
311 4200 520 4308 diligenter,
538 4200 646 4308 plura
666 4230 742 4279 non
763 4203 927 4290 addidit,
948 4205 1037 4310 quia
1056 4232 1095 4279 se
1117 4203 1258 4280 nescire
1278 4203 1384 4308 plura
1402 4204 1503 4280 dixit.

240 4463 348 4540 Anno
368 4484 404 4541 ot
424 4466 485 4541 die
506 4466 644 4571 quibus
664 4495 785 4573 supra.

239 4594 331 4671 XIX.
368 4596 494 4672 Frater
517 4596 674 4702 Egidius
707 4598 754 4673 de
791 4597 910 4676 Vilert
939 4598 1082 4675 ordinis
1107 4598 1197 4675 dicti
1225 4598 1372 4704 Templi
1401 4598 1602 4674 et-domus

184 4722 301 4799 Mansi
322 4724 407 4814 Dei,
425 4727 529 4802 testis
544 4727 691 4832 juratus
705 4728 752 4804 ad
772 4746 895 4805 sancta
913 4729 983 4807 Dei
1002 4729 1194 4834 Evangelia
1215 4758 1325 4834 super
1347 4728 1525 4834 predictis
1545 4758 1602 4803 ar·

183 4853 308 4930 ticulis
328 4873 365 4931 et
385 4884 514 4932 eorum
536 4858 707 4963 quolibet
732 4859 800 4935 sibi
829 4860 1002 4965 expositis
1024 4861 1063 4935 in
1082 4859 1238 4966 vulgari,
1260 4879 1302 4937 ut
1320 4858 1533 4965 principalis
1552 4858 1600 4933 de
