<?xml version="1.0" encoding="UTF-8"?>
<!DOCTYPE html PUBLIC "-//W3C//DTD XHTML 1.0 Transitional//EN"
    "http://www.w3.org/TR/xhtml1/DTD/xhtml1-transitional.dtd">
<html xmlns="http://www.w3.org/1999/xhtml" xml:lang="en" lang="en">
 <head>
  <title>
</title>
<meta http-equiv="Content-Type" content="text/html;charset=utf-8" />
  <meta name='ocr-system' content='tesseract 3.04.00' />
  <meta name='ocr-capabilities' content='ocr_page ocr_carea ocr_par ocr_line ocrx_word'/>
</head>
<body>
  <div class='ocr_page' id='page_1' title='image "./procsdestemplie00defegoog/procsdestemplie00defegoog_0110.png"; bbox 0 0 4236 5948; ppageno 0'>
   <div class='ocr_carea' id='block_1_1' title="bbox 529 476 1768 608">
    <p class='ocr_par' dir='ltr' id='par_1_1' title="bbox 529 476 1768 608">
     <span class='ocr_line' id='line_1_1' title="bbox 529 476 1768 608; baseline 0 -3"><span class='ocrx_word' id='word_1_1' title='bbox 529 476 534 484; x_wconf 28' lang='grc' dir='ltr'>Ι</span> <span class='ocrx_word' id='word_1_2' title='bbox 730 521 925 607; x_wconf 77' lang='lat' dir='ltr'>PROCES</span> <span class='ocrx_word' id='word_1_3' title='bbox 953 534 1047 605; x_wconf 87' lang='lat' dir='ltr'>DES</span> <span class='ocrx_word' id='word_1_4' title='bbox 1074 533 1381 606; x_wconf 84' lang='lat' dir='ltr'>TEMPLIERS.</span> <span class='ocrx_word' id='word_1_5' title='bbox 1721 537 1768 608; x_wconf 81' lang='lat'>87</span> 
     </span>
    </p>
   </div>
   <div class='ocr_carea' id='block_1_2' title="bbox 343 674 1772 912">
    <p class='ocr_par' dir='ltr' id='par_1_2' title="bbox 343 674 1772 912">
     <span class='ocr_line' id='line_1_2' title="bbox 343 674 1772 780; baseline 0 -26"><span class='ocrx_word' id='word_1_6' title='bbox 343 694 378 754; x_wconf 92' lang='lat' dir='ltr'>et</span> <span class='ocrx_word' id='word_1_7' title='bbox 398 705 531 753; x_wconf 89' lang='lat' dir='ltr'>omnes</span> <span class='ocrx_word' id='word_1_8' title='bbox 551 693 711 751; x_wconf 75' lang='lat' dir='ltr'><strong>astantes</strong></span> <span class='ocrx_word' id='word_1_9' title='bbox 728 674 883 752; x_wconf 86' lang='lat' dir='ltr'>fuerunt</span> <span class='ocrx_word' id='word_1_10' title='bbox 904 704 989 752; x_wconf 89' lang='lat' dir='ltr'>enm</span> <span class='ocrx_word' id='word_1_11' title='bbox 1011 674 1165 751; x_wconf 90' lang='lat' dir='ltr'>osculati</span> <span class='ocrx_word' id='word_1_12' title='bbox 1184 676 1223 750; x_wconf 91' lang='lat' dir='ltr'>in</span> <span class='ocrx_word' id='word_1_13' title='bbox 1244 704 1320 752; x_wconf 93' lang='lat' dir='ltr'>ore.</span> <span class='ocrx_word' id='word_1_14' title='bbox 1342 675 1390 751; x_wconf 86' lang='lat' dir='ltr'>Et</span> <span class='ocrx_word' id='word_1_15' title='bbox 1408 703 1476 780; x_wconf 90' lang='lat' dir='ltr'>per</span> <span class='ocrx_word' id='word_1_16' title='bbox 1496 675 1673 751; x_wconf 87' lang='lat' dir='ltr'>eumdem</span> <span class='ocrx_word' id='word_1_17' title='bbox 1694 705 1772 754; x_wconf 82' lang='lat' dir='ltr'>mo</span> 
     </span>
     <span class='ocr_line' id='line_1_3' title="bbox 343 804 1768 912; baseline -0.001 -28"><span class='ocrx_word' id='word_1_18' title='bbox 343 808 432 886; x_wconf 91' lang='lat' dir='ltr'>dum</span> <span class='ocrx_word' id='word_1_19' title='bbox 453 805 546 884; x_wconf 91' lang='lat' dir='ltr'>vidit</span> <span class='ocrx_word' id='word_1_20' title='bbox 564 804 697 912; x_wconf 88' lang='lat' dir='ltr'>recipi,</span> <span class='ocrx_word' id='word_1_21' title='bbox 718 835 786 911; x_wconf 93' lang='lat' dir='ltr'>per</span> <span class='ocrx_word' id='word_1_22' title='bbox 806 806 949 884; x_wconf 91' lang='lat' dir='ltr'>dictum</span> <span class='ocrx_word' id='word_1_23' title='bbox 971 805 1124 882; x_wconf 83' lang='lat' dir='ltr'>fratrem</span> <span class='ocrx_word' id='word_1_24' title='bbox 1145 805 1395 884; x_wconf 90' lang='lat' dir='ltr'>Guillelmum</span> <span class='ocrx_word' id='word_1_25' title='bbox 1418 807 1466 883; x_wconf 90' lang='lat' dir='ltr'>de</span> <span class='ocrx_word' id='word_1_26' title='bbox 1487 804 1768 895; x_wconf 91' lang='lat' dir='ltr'>Chambonent,</span> 
     </span>
    </p>
   </div>
   <div class='ocr_carea' id='block_1_3' title="bbox 342 936 1897 1044">
    <p class='ocr_par' dir='ltr' id='par_1_3' title="bbox 342 936 1897 1044">
     <span class='ocr_line' id='line_1_4' title="bbox 342 936 1897 1044; baseline -0.001 -30"><span class='ocrx_word' id='word_1_27' title='bbox 342 938 492 1021; x_wconf 87' lang='lat' dir='ltr'>fratrem</span> <span class='ocrx_word' id='word_1_28' title='bbox 504 937 736 1044; x_wconf 84' lang='lat' dir='ltr'>Stephanum</span> <span class='ocrx_word' id='word_1_29' title='bbox 756 938 803 1014; x_wconf 94' lang='lat' dir='ltr'>de</span> <span class='ocrx_word' id='word_1_30' title='bbox 824 937 944 1015; x_wconf 90' lang='lat' dir='ltr'>Closis</span> <span class='ocrx_word' id='word_1_31' title='bbox 962 938 1203 1024; x_wconf 89' lang='lat' dir='ltr'>servientem,</span> <span class='ocrx_word' id='word_1_32' title='bbox 1222 937 1497 1014; x_wconf 86' lang='lat' dir='ltr'>Lemovicensis</span> <span class='ocrx_word' id='word_1_33' title='bbox 1512 936 1687 1026; x_wconf 90' lang='lat' dir='ltr'>diocesis,</span> <span class='ocrx_word' id='word_1_34' title='bbox 1705 938 1770 1044; x_wconf 89' lang='lat' dir='ltr'>qui</span> <span class='ocrx_word' id='word_1_35' title='bbox 1896 1001 1897 1004; x_wconf 60' lang='grc'>,</span> 
     </span>
    </p>
   </div>
   <div class='ocr_carea' id='block_1_4' title="bbox 343 1068 1772 1176">
    <p class='ocr_par' dir='ltr' id='par_1_4' title="bbox 343 1068 1772 1176">
     <span class='ocr_line' id='line_1_5' title="bbox 343 1068 1772 1176; baseline -0.001 -30"><span class='ocrx_word' id='word_1_36' title='bbox 343 1069 532 1146; x_wconf 84' lang='lat' dir='ltr'>detinetur</span> <span class='ocrx_word' id='word_1_37' title='bbox 547 1068 648 1176; x_wconf 88' lang='lat' dir='ltr'>apnd</span> <span class='ocrx_word' id='word_1_38' title='bbox 661 1068 841 1144; x_wconf 86' lang='lat' dir='ltr'>Riomum</span> <span class='ocrx_word' id='word_1_39' title='bbox 858 1070 896 1144; x_wconf 92' lang='lat' dir='ltr'>in</span> <span class='ocrx_word' id='word_1_40' title='bbox 916 1068 1106 1155; x_wconf 86' lang='lat' dir='ltr'>Alvernia,</span> <span class='ocrx_word' id='word_1_41' title='bbox 1123 1098 1190 1175; x_wconf 91' lang='lat' dir='ltr'>per</span> <span class='ocrx_word' id='word_1_42' title='bbox 1206 1068 1425 1175; x_wconf 89' lang='lat' dir='ltr'>quindecim</span> <span class='ocrx_word' id='word_1_43' title='bbox 1447 1068 1528 1146; x_wconf 88' lang='lat' dir='ltr'>dies</span> <span class='ocrx_word' id='word_1_44' title='bbox 1548 1085 1633 1174; x_wconf 91' lang='lat' dir='ltr'>post</span> <span class='ocrx_word' id='word_1_45' title='bbox 1648 1097 1772 1174; x_wconf 92' lang='lat' dir='ltr'>recep-</span> 
     </span>
    </p>
   </div>
   <div class='ocr_carea' id='block_1_5' title="bbox 342 1198 1771 1308">
    <p class='ocr_par' dir='ltr' id='par_1_5' title="bbox 342 1198 1771 1308">
     <span class='ocr_line' id='line_1_6' title="bbox 342 1198 1771 1308; baseline 0 -34"><span class='ocrx_word' id='word_1_46' title='bbox 342 1201 486 1277; x_wconf 90' lang='lat' dir='ltr'>cionem</span> <span class='ocrx_word' id='word_1_47' title='bbox 503 1200 619 1304; x_wconf 90' lang='lat' dir='ltr'>ipsius</span> <span class='ocrx_word' id='word_1_48' title='bbox 636 1199 757 1288; x_wconf 91' lang='lat' dir='ltr'>testis,</span> <span class='ocrx_word' id='word_1_49' title='bbox 784 1200 824 1275; x_wconf 94' lang='lat' dir='ltr'>in</span> <span class='ocrx_word' id='word_1_50' title='bbox 847 1199 979 1276; x_wconf 90' lang='lat' dir='ltr'>eadem</span> <span class='ocrx_word' id='word_1_51' title='bbox 1001 1198 1159 1305; x_wconf 92' lang='lat' dir='ltr'>capella,</span> <span class='ocrx_word' id='word_1_52' title='bbox 1176 1198 1414 1305; x_wconf 82' lang='lat' dir='ltr'>presentibus</span> <span class='ocrx_word' id='word_1_53' title='bbox 1432 1198 1611 1306; x_wconf 88' lang='lat' dir='ltr'>predictis</span> <span class='ocrx_word' id='word_1_54' title='bbox 1626 1200 1771 1308; x_wconf 88' lang='lat' dir='ltr'>presbi-</span> 
     </span>
    </p>
   </div>
   <div class='ocr_carea' id='block_1_6' title="bbox 341 1328 1849 4970">
    <p class='ocr_par' dir='ltr' id='par_1_6' title="bbox 341 1328 1849 4970">
     <span class='ocr_line' id='line_1_7' title="bbox 342 1328 1772 1437; baseline -0.002 -29"><span class='ocrx_word' id='word_1_55' title='bbox 342 1351 420 1409; x_wconf 86' lang='lat' dir='ltr'>tero</span> <span class='ocrx_word' id='word_1_56' title='bbox 431 1393 440 1417; x_wconf 88' lang='lat'>,</span> <span class='ocrx_word' id='word_1_57' title='bbox 451 1331 656 1412; x_wconf 88' lang='lat' dir='ltr'>Guillelmo</span> <span class='ocrx_word' id='word_1_58' title='bbox 675 1330 708 1406; x_wconf 91' lang='lat' dir='ltr'>la</span> <span class='ocrx_word' id='word_1_59' title='bbox 723 1330 975 1417; x_wconf 89' lang='lat' dir='ltr'>Chastaneda,</span> <span class='ocrx_word' id='word_1_60' title='bbox 991 1331 1188 1437; x_wconf 84' lang='lat' dir='ltr'>Aymerico</span> <span class='ocrx_word' id='word_1_61' title='bbox 1205 1331 1252 1406; x_wconf 93' lang='lat' dir='ltr'>de</span> <span class='ocrx_word' id='word_1_62' title='bbox 1269 1330 1431 1436; x_wconf 80' lang='lat' dir='ltr'>Copiaco</span> <span class='ocrx_word' id='word_1_63' title='bbox 1448 1328 1646 1416; x_wconf 84' lang='lat' dir='ltr'>militibus,</span> <span class='ocrx_word' id='word_1_64' title='bbox 1666 1331 1772 1410; x_wconf 93' lang='lat' dir='ltr'>Guil-</span> 
     </span>
     <span class='ocr_line' id='line_1_8' title="bbox 342 1460 1768 1567; baseline -0.003 -27"><span class='ocrx_word' id='word_1_65' title='bbox 342 1463 455 1541; x_wconf 91' lang='lat' dir='ltr'>lelmo</span> <span class='ocrx_word' id='word_1_66' title='bbox 476 1462 616 1539; x_wconf 89' lang='lat' dir='ltr'>Brivatz</span> <span class='ocrx_word' id='word_1_67' title='bbox 639 1479 677 1538; x_wconf 87' lang='lat' dir='ltr'>et</span> <span class='ocrx_word' id='word_1_68' title='bbox 694 1460 903 1538; x_wconf 92' lang='lat' dir='ltr'>Guillelmo</span> <span class='ocrx_word' id='word_1_69' title='bbox 925 1462 971 1537; x_wconf 91' lang='lat' dir='ltr'>de</span> <span class='ocrx_word' id='word_1_70' title='bbox 987 1461 1106 1538; x_wconf 89' lang='lat' dir='ltr'>Podio</span> <span class='ocrx_word' id='word_1_71' title='bbox 1126 1460 1263 1538; x_wconf 89' lang='lat' dir='ltr'>Vinali.</span> <span class='ocrx_word' id='word_1_72' title='bbox 1284 1460 1416 1538; x_wconf 90' lang='lat' dir='ltr'>Plures</span> <span class='ocrx_word' id='word_1_73' title='bbox 1432 1490 1510 1538; x_wconf 92' lang='lat' dir='ltr'>non</span> <span class='ocrx_word' id='word_1_74' title='bbox 1529 1461 1623 1540; x_wconf 92' lang='lat' dir='ltr'>vidit</span> <span class='ocrx_word' id='word_1_75' title='bbox 1638 1462 1768 1567; x_wconf 91' lang='lat' dir='ltr'>recipi,</span> 
     </span>
     <span class='ocr_line' id='line_1_9' title="bbox 344 1589 1772 1698; baseline -0.002 -29"><span class='ocrx_word' id='word_1_76' title='bbox 344 1622 411 1670; x_wconf 90' lang='lat' dir='ltr'>nec</span> <span class='ocrx_word' id='word_1_77' title='bbox 426 1593 497 1669; x_wconf 91' lang='lat' dir='ltr'>alia</span> <span class='ocrx_word' id='word_1_78' title='bbox 514 1591 643 1669; x_wconf 87' lang='lat' dir='ltr'>illicita</span> <span class='ocrx_word' id='word_1_79' title='bbox 658 1591 943 1668; x_wconf 90' lang='lat' dir='ltr'>intervenerunt</span> <span class='ocrx_word' id='word_1_80' title='bbox 963 1592 1002 1667; x_wconf 93' lang='lat' dir='ltr'>in</span> <span class='ocrx_word' id='word_1_81' title='bbox 1018 1591 1127 1668; x_wconf 91' lang='lat' dir='ltr'>dictis</span> <span class='ocrx_word' id='word_1_82' title='bbox 1147 1591 1428 1698; x_wconf 85' lang='lat' dir='ltr'>receptionibus</span> <span class='ocrx_word' id='word_1_83' title='bbox 1442 1589 1500 1667; x_wconf 95' lang='lat' dir='ltr'>vel</span> <span class='ocrx_word' id='word_1_84' title='bbox 1521 1608 1622 1696; x_wconf 88' lang='lat' dir='ltr'>post,</span> <span class='ocrx_word' id='word_1_85' title='bbox 1643 1609 1680 1666; x_wconf 93' lang='lat' dir='ltr'>et</span> <span class='ocrx_word' id='word_1_86' title='bbox 1698 1620 1772 1667; x_wconf 90' lang='lat' dir='ltr'>cre-</span> 
     </span>
     <span class='ocr_line' id='line_1_10' title="bbox 344 1722 1772 1833; baseline -0.001 -31"><span class='ocrx_word' id='word_1_87' title='bbox 344 1726 397 1802; x_wconf 94' lang='lat' dir='ltr'>dit</span> <span class='ocrx_word' id='word_1_88' title='bbox 409 1725 510 1833; x_wconf 92' lang='lat' dir='ltr'>quod</span> <span class='ocrx_word' id='word_1_89' title='bbox 531 1723 664 1800; x_wconf 90' lang='lat' dir='ltr'>eadem</span> <span class='ocrx_word' id='word_1_90' title='bbox 689 1724 959 1801; x_wconf 87' lang='lat' dir='ltr'>intervenirent</span> <span class='ocrx_word' id='word_1_91' title='bbox 978 1725 1232 1801; x_wconf 89' lang='lat' dir='ltr'>communiter</span> <span class='ocrx_word' id='word_1_92' title='bbox 1253 1726 1290 1799; x_wconf 93' lang='lat' dir='ltr'>in</span> <span class='ocrx_word' id='word_1_93' title='bbox 1307 1723 1591 1830; x_wconf 89' lang='lat' dir='ltr'>recepcionibus</span> <span class='ocrx_word' id='word_1_94' title='bbox 1612 1722 1772 1810; x_wconf 86' lang='lat' dir='ltr'>aliorum</span> 
     </span>
     <span class='ocr_line' id='line_1_11' title="bbox 341 1853 1771 1964; baseline -0.001 -33"><span class='ocrx_word' id='word_1_95' title='bbox 341 1858 396 1934; x_wconf 93' lang='lat' dir='ltr'>vel</span> <span class='ocrx_word' id='word_1_96' title='bbox 412 1875 514 1964; x_wconf 92' lang='lat' dir='ltr'>post,</span> <span class='ocrx_word' id='word_1_97' title='bbox 538 1875 575 1932; x_wconf 89' lang='lat' dir='ltr'>et</span> <span class='ocrx_word' id='word_1_98' title='bbox 592 1854 689 1933; x_wconf 90' lang='lat' dir='ltr'>sorte</span> <span class='ocrx_word' id='word_1_99' title='bbox 705 1855 832 1963; x_wconf 91' lang='lat' dir='ltr'>plura,</span> <span class='ocrx_word' id='word_1_100' title='bbox 851 1856 939 1962; x_wconf 91' lang='lat' dir='ltr'>quia</span> <span class='ocrx_word' id='word_1_101' title='bbox 955 1856 1100 1934; x_wconf 88' lang='lat' dir='ltr'>audivit</span> <span class='ocrx_word' id='word_1_102' title='bbox 1117 1856 1189 1933; x_wconf 90' lang='lat' dir='ltr'>dici</span> <span class='ocrx_word' id='word_1_103' title='bbox 1211 1885 1232 1932; x_wconf 91' lang='lat' dir='ltr'>a</span> <span class='ocrx_word' id='word_1_104' title='bbox 1249 1855 1358 1932; x_wconf 90' lang='lat' dir='ltr'>dictis</span> <span class='ocrx_word' id='word_1_105' title='bbox 1376 1853 1583 1933; x_wconf 91' lang='lat' dir='ltr'>Guillelmo</span> <span class='ocrx_word' id='word_1_106' title='bbox 1604 1857 1771 1932; x_wconf 87' lang='lat' dir='ltr'>Bruivatz</span> 
     </span>
     <span class='ocr_line' id='line_1_12' title="bbox 343 1986 1771 2094; baseline -0.002 -28"><span class='ocrx_word' id='word_1_107' title='bbox 343 2007 378 2066; x_wconf 93' lang='lat' dir='ltr'>et</span> <span class='ocrx_word' id='word_1_108' title='bbox 390 1986 598 2067; x_wconf 90' lang='lat' dir='ltr'>Guillelmo</span> <span class='ocrx_word' id='word_1_109' title='bbox 616 1988 663 2064; x_wconf 90' lang='lat' dir='ltr'>de</span> <span class='ocrx_word' id='word_1_110' title='bbox 676 1988 794 2064; x_wconf 91' lang='lat' dir='ltr'>Podio</span> <span class='ocrx_word' id='word_1_111' title='bbox 810 1988 931 2066; x_wconf 91' lang='lat' dir='ltr'>Vinali</span> <span class='ocrx_word' id='word_1_112' title='bbox 949 1988 1091 2094; x_wconf 89' lang='lat' dir='ltr'>pluries</span> <span class='ocrx_word' id='word_1_113' title='bbox 1107 2006 1193 2064; x_wconf 89' lang='lat' dir='ltr'>ante</span> <span class='ocrx_word' id='word_1_114' title='bbox 1209 1988 1425 2094; x_wconf 91' lang='lat' dir='ltr'>capcionem</span> <span class='ocrx_word' id='word_1_115' title='bbox 1447 2015 1596 2075; x_wconf 89' lang='lat' dir='ltr'>eornm,</span> <span class='ocrx_word' id='word_1_116' title='bbox 1616 1988 1655 2061; x_wconf 89' lang='lat' dir='ltr'>in</span> <span class='ocrx_word' id='word_1_117' title='bbox 1671 1988 1771 2063; x_wconf 89' lang='lat' dir='ltr'>dicto</span> 
     </span>
     <span class='ocr_line' id='line_1_13' title="bbox 342 2116 1771 2225; baseline -0.001 -32"><span class='ocrx_word' id='word_1_118' title='bbox 342 2118 423 2196; x_wconf 91' lang='lat' dir='ltr'>loco</span> <span class='ocrx_word' id='word_1_119' title='bbox 446 2119 493 2194; x_wconf 90' lang='lat' dir='ltr'>de</span> <span class='ocrx_word' id='word_1_120' title='bbox 514 2118 729 2207; x_wconf 89' lang='lat' dir='ltr'>Blandesio,</span> <span class='ocrx_word' id='word_1_121' title='bbox 753 2118 857 2224; x_wconf 91' lang='lat' dir='ltr'>quod</span> <span class='ocrx_word' id='word_1_122' title='bbox 878 2118 995 2225; x_wconf 89' lang='lat' dir='ltr'>magis</span> <span class='ocrx_word' id='word_1_123' title='bbox 1015 2116 1221 2196; x_wconf 91' lang='lat' dir='ltr'>voluissent</span> <span class='ocrx_word' id='word_1_124' title='bbox 1244 2135 1325 2195; x_wconf 89' lang='lat' dir='ltr'>toto</span> <span class='ocrx_word' id='word_1_125' title='bbox 1346 2135 1517 2223; x_wconf 90' lang='lat' dir='ltr'>tempore</span> <span class='ocrx_word' id='word_1_126' title='bbox 1543 2117 1615 2192; x_wconf 91' lang='lat' dir='ltr'>vite</span> <span class='ocrx_word' id='word_1_127' title='bbox 1639 2146 1771 2193; x_wconf 91' lang='lat' dir='ltr'>eornm</span> 
     </span>
     <span class='ocr_line' id='line_1_14' title="bbox 342 2248 1770 2357; baseline -0.001 -31"><span class='ocrx_word' id='word_1_128' title='bbox 342 2251 485 2327; x_wconf 87' lang='lat' dir='ltr'>stetisse</span> <span class='ocrx_word' id='word_1_129' title='bbox 501 2249 548 2325; x_wconf 93' lang='lat' dir='ltr'>ad</span> <span class='ocrx_word' id='word_1_130' title='bbox 564 2277 701 2355; x_wconf 90' lang='lat' dir='ltr'>panem</span> <span class='ocrx_word' id='word_1_131' title='bbox 718 2266 754 2326; x_wconf 92' lang='lat' dir='ltr'>et</span> <span class='ocrx_word' id='word_1_132' title='bbox 773 2278 908 2356; x_wconf 91' lang='lat' dir='ltr'>aquam</span> <span class='ocrx_word' id='word_1_133' title='bbox 928 2278 1042 2356; x_wconf 90' lang='lat' dir='ltr'>qnam</span> <span class='ocrx_word' id='word_1_134' title='bbox 1059 2250 1148 2357; x_wconf 90' lang='lat' dir='ltr'>quia</span> <span class='ocrx_word' id='word_1_135' title='bbox 1164 2268 1269 2327; x_wconf 91' lang='lat' dir='ltr'>erant</span> <span class='ocrx_word' id='word_1_136' title='bbox 1283 2248 1507 2355; x_wconf 89' lang='lat' dir='ltr'>Templarii,</span> <span class='ocrx_word' id='word_1_137' title='bbox 1527 2267 1564 2326; x_wconf 92' lang='lat' dir='ltr'>et</span> <span class='ocrx_word' id='word_1_138' title='bbox 1579 2249 1682 2354; x_wconf 91' lang='lat' dir='ltr'>quod</span> <span class='ocrx_word' id='word_1_139' title='bbox 1699 2250 1770 2325; x_wconf 91' lang='lat' dir='ltr'>hoc</span> 
     </span>
     <span class='ocr_line' id='line_1_15' title="bbox 343 2378 1849 2487; baseline -0.002 -31"><span class='ocrx_word' id='word_1_140' title='bbox 343 2379 614 2457; x_wconf 87' lang='lat' dir='ltr'>meliussuisset</span> <span class='ocrx_word' id='word_1_141' title='bbox 624 2382 677 2458; x_wconf 90' lang='lat' dir='ltr'>eis</span> <span class='ocrx_word' id='word_1_142' title='bbox 688 2398 726 2457; x_wconf 90' lang='lat' dir='ltr'>et</span> <span class='ocrx_word' id='word_1_143' title='bbox 735 2381 963 2487; x_wconf 91' lang='lat' dir='ltr'>quibusdam</span> <span class='ocrx_word' id='word_1_144' title='bbox 975 2380 1056 2457; x_wconf 89' lang='lat' dir='ltr'>aliis</span> <span class='ocrx_word' id='word_1_145' title='bbox 1064 2380 1306 2486; x_wconf 86' lang='lat' dir='ltr'>Templariis,</span> <span class='ocrx_word' id='word_1_146' title='bbox 1320 2381 1549 2458; x_wconf 78' lang='lat' dir='ltr'>sed-causam</span> <span class='ocrx_word' id='word_1_147' title='bbox 1567 2378 1773 2457; x_wconf 91' lang='lat' dir='ltr'>noluerunt</span> <span class='ocrx_word' id='word_1_148' title='bbox 1844 2443 1849 2453; x_wconf 89' lang='lat'>.</span> 
     </span>
     <span class='ocr_line' id='line_1_16' title="bbox 343 2509 1772 2617; baseline -0.001 -30"><span class='ocrx_word' id='word_1_149' title='bbox 343 2512 374 2587; x_wconf 95' lang='lat' dir='ltr'>ei</span> <span class='ocrx_word' id='word_1_150' title='bbox 391 2511 612 2616; x_wconf 79' lang='lat' dir='ltr'>exprimere.</span> <span class='ocrx_word' id='word_1_151' title='bbox 626 2511 811 2588; x_wconf 85' lang='lat' dir='ltr'>Dixerunt</span> <span class='ocrx_word' id='word_1_152' title='bbox 822 2528 949 2588; x_wconf 91' lang='lat' dir='ltr'>tamen</span> <span class='ocrx_word' id='word_1_153' title='bbox 965 2512 1069 2617; x_wconf 92' lang='lat' dir='ltr'>quod</span> <span class='ocrx_word' id='word_1_154' title='bbox 1086 2529 1283 2617; x_wconf 90' lang='lat' dir='ltr'>postquam</span> <span class='ocrx_word' id='word_1_155' title='bbox 1298 2509 1428 2588; x_wconf 85' lang='lat' dir='ltr'>fratres</span> <span class='ocrx_word' id='word_1_156' title='bbox 1445 2528 1625 2588; x_wconf 89' lang='lat' dir='ltr'>steterant</span> <span class='ocrx_word' id='word_1_157' title='bbox 1640 2510 1772 2586; x_wconf 91' lang='lat' dir='ltr'>decem</span> 
     </span>
     <span class='ocr_line' id='line_1_17' title="bbox 343 2639 1771 2748; baseline 0.001 -32"><span class='ocrx_word' id='word_1_158' title='bbox 343 2641 447 2717; x_wconf 91' lang='lat' dir='ltr'>annis</span> <span class='ocrx_word' id='word_1_159' title='bbox 459 2640 497 2716; x_wconf 92' lang='lat' dir='ltr'>in</span> <span class='ocrx_word' id='word_1_160' title='bbox 512 2640 665 2732; x_wconf 89' lang='lat' dir='ltr'>ordine,</span> <span class='ocrx_word' id='word_1_161' title='bbox 681 2640 963 2746; x_wconf 85' lang='lat' dir='ltr'>explicabantur</span> <span class='ocrx_word' id='word_1_162' title='bbox 976 2642 1029 2718; x_wconf 92' lang='lat' dir='ltr'>eis</span> <span class='ocrx_word' id='word_1_163' title='bbox 1042 2641 1152 2747; x_wconf 91' lang='lat' dir='ltr'>plura</span> <span class='ocrx_word' id='word_1_164' title='bbox 1164 2670 1208 2718; x_wconf 86' lang='lat' dir='ltr'>ex</span> <span class='ocrx_word' id='word_1_165' title='bbox 1221 2648 1370 2747; x_wconf 90' lang='lat' dir='ltr'>punctis</span> <span class='ocrx_word' id='word_1_166' title='bbox 1383 2639 1771 2748; x_wconf 89' lang='lat' dir='ltr'>ordinisquamprius,</span> 
     </span>
     <span class='ocr_line' id='line_1_18' title="bbox 344 2770 1770 2878; baseline -0.001 -31"><span class='ocrx_word' id='word_1_167' title='bbox 344 2789 379 2847; x_wconf 91' lang='lat' dir='ltr'>et</span> <span class='ocrx_word' id='word_1_168' title='bbox 398 2774 478 2878; x_wconf 91' lang='lat' dir='ltr'>ipse</span> <span class='ocrx_word' id='word_1_169' title='bbox 497 2772 596 2847; x_wconf 91' lang='lat' dir='ltr'>bene</span> <span class='ocrx_word' id='word_1_170' title='bbox 613 2770 723 2846; x_wconf 91' lang='lat' dir='ltr'>sciret</span> <span class='ocrx_word' id='word_1_171' title='bbox 743 2770 772 2847; x_wconf 94' lang='lat' dir='ltr'>si</span> <span class='ocrx_word' id='word_1_172' title='bbox 794 2787 920 2847; x_wconf 90' lang='lat' dir='ltr'>tamen</span> <span class='ocrx_word' id='word_1_173' title='bbox 942 2772 981 2845; x_wconf 91' lang='lat' dir='ltr'>in</span> <span class='ocrx_word' id='word_1_174' title='bbox 1003 2771 1136 2846; x_wconf 91' lang='lat' dir='ltr'>ordine</span> <span class='ocrx_word' id='word_1_175' title='bbox 1152 2772 1300 2847; x_wconf 91' lang='lat' dir='ltr'>viveret.</span> <span class='ocrx_word' id='word_1_176' title='bbox 1319 2771 1431 2861; x_wconf 90' lang='lat' dir='ltr'>Item,</span> <span class='ocrx_word' id='word_1_177' title='bbox 1451 2770 1542 2847; x_wconf 83' lang='lat' dir='ltr'>dixit</span> <span class='ocrx_word' id='word_1_178' title='bbox 1555 2772 1659 2876; x_wconf 88' lang='lat' dir='ltr'>quod</span> <span class='ocrx_word' id='word_1_179' title='bbox 1674 2771 1770 2848; x_wconf 91' lang='lat' dir='ltr'>bene</span> 
     </span>
     <span class='ocr_line' id='line_1_19' title="bbox 344 2899 1772 3005; baseline 0.001 -29"><span class='ocrx_word' id='word_1_180' title='bbox 344 2902 521 2979; x_wconf 90' lang='lat' dir='ltr'>credebat</span> <span class='ocrx_word' id='word_1_181' title='bbox 537 2900 793 2976; x_wconf 90' lang='lat' dir='ltr'>ecclesiasticis</span> <span class='ocrx_word' id='word_1_182' title='bbox 817 2901 1073 2989; x_wconf 88' lang='lat' dir='ltr'>sacramentis,</span> <span class='ocrx_word' id='word_1_183' title='bbox 1095 2916 1133 2975; x_wconf 91' lang='lat' dir='ltr'>et</span> <span class='ocrx_word' id='word_1_184' title='bbox 1152 2901 1272 2976; x_wconf 91' lang='lat' dir='ltr'>credit</span> <span class='ocrx_word' id='word_1_185' title='bbox 1287 2901 1392 3005; x_wconf 93' lang='lat' dir='ltr'>quod</span> <span class='ocrx_word' id='word_1_186' title='bbox 1406 2899 1468 2978; x_wconf 88' lang='lat' dir='ltr'>alii</span> <span class='ocrx_word' id='word_1_187' title='bbox 1483 2899 1615 2976; x_wconf 89' lang='lat' dir='ltr'>lratres</span> <span class='ocrx_word' id='word_1_188' title='bbox 1629 2901 1772 2978; x_wconf 91' lang='lat' dir='ltr'>ordinis</span> 
     </span>
     <span class='ocr_line' id='line_1_20' title="bbox 345 3030 1768 3137; baseline -0.001 -28"><span class='ocrx_word' id='word_1_189' title='bbox 345 3034 477 3111; x_wconf 91' lang='lat' dir='ltr'>eodem</span> <span class='ocrx_word' id='word_1_190' title='bbox 494 3032 609 3109; x_wconf 92' lang='lat' dir='ltr'>modo</span> <span class='ocrx_word' id='word_1_191' title='bbox 619 3032 828 3120; x_wconf 90' lang='lat' dir='ltr'>crederent,</span> <span class='ocrx_word' id='word_1_192' title='bbox 847 3051 885 3108; x_wconf 91' lang='lat' dir='ltr'>et</span> <span class='ocrx_word' id='word_1_193' title='bbox 896 3033 1001 3137; x_wconf 91' lang='lat' dir='ltr'>quod</span> <span class='ocrx_word' id='word_1_194' title='bbox 1016 3059 1149 3108; x_wconf 90' lang='lat' dir='ltr'>eornm</span> <span class='ocrx_word' id='word_1_195' title='bbox 1163 3032 1375 3108; x_wconf 86' lang='lat' dir='ltr'>sacerdotes</span> <span class='ocrx_word' id='word_1_196' title='bbox 1385 3030 1513 3108; x_wconf 93' lang='lat' dir='ltr'>debite</span> <span class='ocrx_word' id='word_1_197' title='bbox 1525 3030 1768 3108; x_wconf 90' lang='lat' dir='ltr'>celebrarent.</span> 
     </span>
     <span class='ocr_line' id='line_1_21' title="bbox 343 3160 1772 3269; baseline 0 -30"><span class='ocrx_word' id='word_1_198' title='bbox 343 3163 521 3240; x_wconf 81' lang='lat' dir='ltr'>durabant</span> <span class='ocrx_word' id='word_1_199' title='bbox 541 3163 714 3239; x_wconf 91' lang='lat' dir='ltr'>ordinem</span> <span class='ocrx_word' id='word_1_200' title='bbox 735 3189 810 3237; x_wconf 91' lang='lat' dir='ltr'>non</span> <span class='ocrx_word' id='word_1_201' title='bbox 832 3162 943 3237; x_wconf 84' lang='lat' dir='ltr'>exire.</span> <span class='ocrx_word' id='word_1_202' title='bbox 966 3163 1098 3239; x_wconf 89' lang='lat' dir='ltr'>Statim</span> <span class='ocrx_word' id='word_1_203' title='bbox 1119 3190 1187 3268; x_wconf 92' lang='lat' dir='ltr'>pro</span> <span class='ocrx_word' id='word_1_204' title='bbox 1203 3160 1378 3269; x_wconf 79' lang='lat' dir='ltr'>professis</span> <span class='ocrx_word' id='word_1_205' title='bbox 1397 3161 1645 3240; x_wconf 89' lang='lat' dir='ltr'>habebantur.</span> <span class='ocrx_word' id='word_1_206' title='bbox 1662 3162 1772 3239; x_wconf 90' lang='lat' dir='ltr'>Clan-</span> 
     </span>
     <span class='ocr_line' id='line_1_22' title="bbox 343 3292 1770 3399; baseline 0.001 -30"><span class='ocrx_word' id='word_1_207' title='bbox 343 3294 487 3371; x_wconf 90' lang='lat' dir='ltr'>destine</span> <span class='ocrx_word' id='word_1_208' title='bbox 504 3293 792 3398; x_wconf 85' lang='lat' dir='ltr'>recipiebantur,</span> <span class='ocrx_word' id='word_1_209' title='bbox 816 3320 859 3368; x_wconf 85' lang='lat' dir='ltr'>ex</span> <span class='ocrx_word' id='word_1_210' title='bbox 875 3322 951 3398; x_wconf 88' lang='lat' dir='ltr'>qno</span> <span class='ocrx_word' id='word_1_211' title='bbox 972 3310 1051 3368; x_wconf 91' lang='lat' dir='ltr'>erat</span> <span class='ocrx_word' id='word_1_212' title='bbox 1067 3294 1231 3399; x_wconf 90' lang='lat' dir='ltr'>suspicio</span> <span class='ocrx_word' id='word_1_213' title='bbox 1253 3311 1381 3370; x_wconf 89' lang='lat' dir='ltr'>contra</span> <span class='ocrx_word' id='word_1_214' title='bbox 1402 3321 1477 3370; x_wconf 92' lang='lat' dir='ltr'>eos.</span> <span class='ocrx_word' id='word_1_215' title='bbox 1501 3292 1639 3370; x_wconf 89' lang='lat' dir='ltr'>Milites</span> <span class='ocrx_word' id='word_1_216' title='bbox 1655 3312 1692 3370; x_wconf 91' lang='lat' dir='ltr'>et</span> <span class='ocrx_word' id='word_1_217' title='bbox 1709 3295 1770 3370; x_wconf 90' lang='lat' dir='ltr'>alii</span> 
     </span>
     <span class='ocr_line' id='line_1_23' title="bbox 344 3422 1771 3532; baseline 0.001 -31"><span class='ocrx_word' id='word_1_218' title='bbox 344 3428 405 3531; x_wconf 91' lang='lat' dir='ltr'>qui</span> <span class='ocrx_word' id='word_1_219' title='bbox 427 3424 488 3504; x_wconf 88' lang='lat' dir='ltr'>alii</span> <span class='ocrx_word' id='word_1_220' title='bbox 508 3425 755 3532; x_wconf 85' lang='lat' dir='ltr'>cingebantur</span> <span class='ocrx_word' id='word_1_221' title='bbox 775 3452 888 3530; x_wconf 90' lang='lat' dir='ltr'>super</span> <span class='ocrx_word' id='word_1_222' title='bbox 908 3424 1077 3501; x_wconf 87' lang='lat' dir='ltr'>camisias</span> <span class='ocrx_word' id='word_1_223' title='bbox 1095 3454 1180 3501; x_wconf 92' lang='lat' dir='ltr'>cum</span> <span class='ocrx_word' id='word_1_224' title='bbox 1200 3425 1339 3530; x_wconf 89' lang='lat' dir='ltr'>quibus</span> <span class='ocrx_word' id='word_1_225' title='bbox 1351 3422 1525 3530; x_wconf 90' lang='lat' dir='ltr'>jacebant</span> <span class='ocrx_word' id='word_1_226' title='bbox 1542 3425 1771 3530; x_wconf 90' lang='lat' dir='ltr'>quibusdam</span> 
     </span>
     <span class='ocr_line' id='line_1_24' title="bbox 344 3554 1772 3662; baseline 0 -30"><span class='ocrx_word' id='word_1_227' title='bbox 344 3555 507 3633; x_wconf 91' lang='lat' dir='ltr'>cordulis</span> <span class='ocrx_word' id='word_1_228' title='bbox 525 3556 563 3630; x_wconf 92' lang='lat' dir='ltr'>in</span> <span class='ocrx_word' id='word_1_229' title='bbox 584 3556 813 3660; x_wconf 90' lang='lat' dir='ltr'>penitencia,</span> <span class='ocrx_word' id='word_1_230' title='bbox 835 3554 903 3631; x_wconf 89' lang='lat' dir='ltr'>sed</span> <span class='ocrx_word' id='word_1_231' title='bbox 922 3556 992 3662; x_wconf 88' lang='lat' dir='ltr'>ipsi</span> <span class='ocrx_word' id='word_1_232' title='bbox 1009 3556 1095 3632; x_wconf 91' lang='lat' dir='ltr'>testi</span> <span class='ocrx_word' id='word_1_233' title='bbox 1112 3583 1189 3632; x_wconf 92' lang='lat' dir='ltr'>non</span> <span class='ocrx_word' id='word_1_234' title='bbox 1208 3554 1279 3632; x_wconf 86' lang='lat' dir='ltr'>fuit</span> <span class='ocrx_word' id='word_1_235' title='bbox 1296 3573 1515 3662; x_wconf 89' lang='lat' dir='ltr'>preceptum</span> <span class='ocrx_word' id='word_1_236' title='bbox 1532 3556 1636 3660; x_wconf 93' lang='lat' dir='ltr'>quod</span> <span class='ocrx_word' id='word_1_237' title='bbox 1655 3556 1772 3632; x_wconf 91' lang='lat' dir='ltr'>dictas</span> 
     </span>
     <span class='ocr_line' id='line_1_25' title="bbox 344 3686 1771 3792; baseline 0.001 -30"><span class='ocrx_word' id='word_1_238' title='bbox 344 3687 515 3765; x_wconf 90' lang='lat' dir='ltr'>cordulas</span> <span class='ocrx_word' id='word_1_239' title='bbox 536 3703 718 3792; x_wconf 91' lang='lat' dir='ltr'>portaret,</span> <span class='ocrx_word' id='word_1_240' title='bbox 743 3714 812 3762; x_wconf 91' lang='lat' dir='ltr'>nec</span> <span class='ocrx_word' id='word_1_241' title='bbox 832 3687 1009 3791; x_wconf 91' lang='lat' dir='ltr'>portavit,</span> <span class='ocrx_word' id='word_1_242' title='bbox 1026 3715 1096 3763; x_wconf 92' lang='lat' dir='ltr'>nec</span> <span class='ocrx_word' id='word_1_243' title='bbox 1114 3688 1182 3763; x_wconf 90' lang='lat' dir='ltr'>scit</span> <span class='ocrx_word' id='word_1_244' title='bbox 1202 3715 1271 3763; x_wconf 90' lang='lat' dir='ltr'>nec</span> <span class='ocrx_word' id='word_1_245' title='bbox 1290 3686 1433 3762; x_wconf 92' lang='lat' dir='ltr'>audivit</span> <span class='ocrx_word' id='word_1_246' title='bbox 1453 3687 1525 3763; x_wconf 93' lang='lat' dir='ltr'>dici</span> <span class='ocrx_word' id='word_1_247' title='bbox 1547 3687 1653 3791; x_wconf 93' lang='lat' dir='ltr'>quod</span> <span class='ocrx_word' id='word_1_248' title='bbox 1674 3687 1771 3765; x_wconf 90' lang='lat' dir='ltr'>dicte</span> 
     </span>
     <span class='ocr_line' id='line_1_26' title="bbox 344 3815 1770 3926; baseline 0.001 -35"><span class='ocrx_word' id='word_1_249' title='bbox 344 3816 496 3894; x_wconf 90' lang='lat' dir='ltr'>cordule</span> <span class='ocrx_word' id='word_1_250' title='bbox 517 3834 715 3926; x_wconf 85' lang='lat' dir='ltr'>tangerent</span> <span class='ocrx_word' id='word_1_251' title='bbox 734 3818 852 3924; x_wconf 91' lang='lat' dir='ltr'>capita</span> <span class='ocrx_word' id='word_1_252' title='bbox 872 3815 1093 3925; x_wconf 83' lang='lat' dir='ltr'>ydolorum,</span> <span class='ocrx_word' id='word_1_253' title='bbox 1115 3846 1186 3895; x_wconf 92' lang='lat' dir='ltr'>nec</span> <span class='ocrx_word' id='word_1_254' title='bbox 1204 3818 1310 3924; x_wconf 92' lang='lat' dir='ltr'>quod</span> <span class='ocrx_word' id='word_1_255' title='bbox 1328 3817 1438 3924; x_wconf 79' lang='lat' dir='ltr'>ydola</span> <span class='ocrx_word' id='word_1_256' title='bbox 1460 3817 1670 3893; x_wconf 89' lang='lat' dir='ltr'>adorarent.</span> <span class='ocrx_word' id='word_1_257' title='bbox 1695 3819 1770 3911; x_wconf 91' lang='lat' dir='ltr'>Qui</span> 
     </span>
     <span class='ocr_line' id='line_1_27' title="bbox 343 3945 1773 4054; baseline 0 -32"><span class='ocrx_word' id='word_1_258' title='bbox 343 3947 550 4024; x_wconf 85' lang='lat' dir='ltr'>noluissent</span> <span class='ocrx_word' id='word_1_259' title='bbox 561 3945 682 4025; x_wconf 85' lang='lat' dir='ltr'>lacere</span> <span class='ocrx_word' id='word_1_260' title='bbox 696 3947 824 4024; x_wconf 90' lang='lat' dir='ltr'>illicita</span> <span class='ocrx_word' id='word_1_261' title='bbox 838 3945 1042 4024; x_wconf 81' lang='lat' dir='ltr'>consessata</span> <span class='ocrx_word' id='word_1_262' title='bbox 1058 3975 1127 4054; x_wconf 91' lang='lat' dir='ltr'>per</span> <span class='ocrx_word' id='word_1_263' title='bbox 1141 3976 1246 4037; x_wconf 91' lang='lat' dir='ltr'>eum,</span> <span class='ocrx_word' id='word_1_264' title='bbox 1266 3947 1386 4024; x_wconf 92' lang='lat' dir='ltr'>credit</span> <span class='ocrx_word' id='word_1_265' title='bbox 1401 3948 1506 4053; x_wconf 94' lang='lat' dir='ltr'>quod</span> <span class='ocrx_word' id='word_1_266' title='bbox 1521 3946 1680 4025; x_wconf 79' lang='lat' dir='ltr'>luissent</span> <span class='ocrx_word' id='word_1_267' title='bbox 1696 3977 1773 4023; x_wconf 89' lang='lat' dir='ltr'>car·</span> 
     </span>
     <span class='ocr_line' id='line_1_28' title="bbox 343 4076 1771 4186; baseline -0.001 -32"><span class='ocrx_word' id='word_1_268' title='bbox 343 4078 416 4154; x_wconf 90' lang='lat' dir='ltr'>ceri</span> <span class='ocrx_word' id='word_1_269' title='bbox 436 4078 647 4184; x_wconf 90' lang='lat' dir='ltr'>mancipati.</span> <span class='ocrx_word' id='word_1_270' title='bbox 669 4076 939 4186; x_wconf 90' lang='lat' dir='ltr'>Injnngebatur</span> <span class='ocrx_word' id='word_1_271' title='bbox 960 4077 1015 4155; x_wconf 87' lang='lat' dir='ltr'>eis</span> <span class='ocrx_word' id='word_1_272' title='bbox 1034 4106 1102 4183; x_wconf 91' lang='lat' dir='ltr'>per</span> <span class='ocrx_word' id='word_1_273' title='bbox 1122 4094 1395 4155; x_wconf 91' lang='lat' dir='ltr'>sacramentum</span> <span class='ocrx_word' id='word_1_274' title='bbox 1420 4106 1468 4154; x_wconf 92' lang='lat' dir='ltr'>ne</span> <span class='ocrx_word' id='word_1_275' title='bbox 1492 4076 1700 4152; x_wconf 86' lang='lat' dir='ltr'>revelarent</span> <span class='ocrx_word' id='word_1_276' title='bbox 1720 4106 1771 4152; x_wconf 94' lang='lat' dir='ltr'>se-</span> 
     </span>
     <span class='ocr_line' id='line_1_29' title="bbox 343 4206 1768 4314; baseline -0.003 -30"><span class='ocrx_word' id='word_1_277' title='bbox 343 4223 440 4284; x_wconf 85' lang='lat' dir='ltr'>creta</span> <span class='ocrx_word' id='word_1_278' title='bbox 468 4207 719 4314; x_wconf 86' lang='lat' dir='ltr'>capitulorum</span> <span class='ocrx_word' id='word_1_279' title='bbox 747 4237 816 4285; x_wconf 90' lang='lat' dir='ltr'>nec</span> <span class='ocrx_word' id='word_1_280' title='bbox 841 4207 999 4284; x_wconf 89' lang='lat' dir='ltr'>modum</span> <span class='ocrx_word' id='word_1_281' title='bbox 1026 4208 1275 4314; x_wconf 79' lang='lat' dir='ltr'>recepcionis3</span> <span class='ocrx_word' id='word_1_282' title='bbox 1297 4206 1363 4313; x_wconf 92' lang='lat' dir='ltr'>qui</span> <span class='ocrx_word' id='word_1_283' title='bbox 1384 4206 1625 4294; x_wconf 89' lang='lat' dir='ltr'>revelassent,</span> <span class='ocrx_word' id='word_1_284' title='bbox 1649 4207 1768 4311; x_wconf 90' lang='lat' dir='ltr'>puniti</span> 
     </span>
     <span class='ocr_line' id='line_1_30' title="bbox 343 4336 1771 4446; baseline 0 -35"><span class='ocrx_word' id='word_1_285' title='bbox 343 4337 514 4425; x_wconf 86' lang='lat' dir='ltr'>luissent,</span> <span class='ocrx_word' id='word_1_286' title='bbox 524 4354 562 4414; x_wconf 90' lang='lat' dir='ltr'>et</span> <span class='ocrx_word' id='word_1_287' title='bbox 575 4336 797 4415; x_wconf 90' lang='lat' dir='ltr'>mantellum</span> <span class='ocrx_word' id='word_1_288' title='bbox 812 4336 1077 4442; x_wconf 87' lang='lat' dir='ltr'>perdidissent.</span> <span class='ocrx_word' id='word_1_289' title='bbox 1093 4338 1359 4446; x_wconf 89' lang='lat' dir='ltr'>lnjungebatur</span> <span class='ocrx_word' id='word_1_290' title='bbox 1375 4336 1428 4414; x_wconf 91' lang='lat' dir='ltr'>eis</span> <span class='ocrx_word' id='word_1_291' title='bbox 1443 4365 1490 4413; x_wconf 91' lang='lat' dir='ltr'>ne</span> <span class='ocrx_word' id='word_1_292' title='bbox 1500 4336 1771 4413; x_wconf 86' lang='lat' dir='ltr'>confiterentur</span> 
     </span>
     <span class='ocr_line' id='line_1_31' title="bbox 343 4466 1772 4573; baseline 0.001 -31"><span class='ocrx_word' id='word_1_293' title='bbox 343 4467 412 4544; x_wconf 90' lang='lat' dir='ltr'>nisi</span> <span class='ocrx_word' id='word_1_294' title='bbox 427 4470 686 4547; x_wconf 90' lang='lat' dir='ltr'>sacerdotibus</span> <span class='ocrx_word' id='word_1_295' title='bbox 699 4469 854 4547; x_wconf 90' lang='lat' dir='ltr'>ordinis.</span> <span class='ocrx_word' id='word_1_296' title='bbox 872 4470 1018 4545; x_wconf 91' lang='lat' dir='ltr'>Fratres</span> <span class='ocrx_word' id='word_1_297' title='bbox 1029 4469 1187 4545; x_wconf 90' lang='lat' dir='ltr'>scientes</span> <span class='ocrx_word' id='word_1_298' title='bbox 1201 4497 1346 4546; x_wconf 90' lang='lat' dir='ltr'>errores</span> <span class='ocrx_word' id='word_1_299' title='bbox 1359 4486 1396 4543; x_wconf 93' lang='lat' dir='ltr'>et</span> <span class='ocrx_word' id='word_1_300' title='bbox 1409 4467 1595 4573; x_wconf 84' lang='lat' dir='ltr'>corrigere</span> <span class='ocrx_word' id='word_1_301' title='bbox 1608 4466 1772 4543; x_wconf 92' lang='lat' dir='ltr'>valentes</span> 
     </span>
     <span class='ocr_line' id='line_1_32' title="bbox 342 4597 1771 4708; baseline 0.001 -35"><span class='ocrx_word' id='word_1_302' title='bbox 342 4597 495 4676; x_wconf 88' lang='lat' dir='ltr'>luerunt</span> <span class='ocrx_word' id='word_1_303' title='bbox 522 4599 755 4708; x_wconf 88' lang='lat' dir='ltr'>negligentes</span> <span class='ocrx_word' id='word_1_304' title='bbox 780 4601 974 4705; x_wconf 89' lang='lat' dir='ltr'>quianon</span> <span class='ocrx_word' id='word_1_305' title='bbox 1000 4617 1242 4677; x_wconf 82' lang='lat' dir='ltr'>correxerunt</span> <span class='ocrx_word' id='word_1_306' title='bbox 1266 4627 1330 4676; x_wconf 92' lang='lat' dir='ltr'>eos</span> <span class='ocrx_word' id='word_1_307' title='bbox 1355 4627 1424 4674; x_wconf 93' lang='lat' dir='ltr'>nec</span> <span class='ocrx_word' id='word_1_308' title='bbox 1450 4598 1771 4675; x_wconf 90' lang='lat' dir='ltr'>denunciaverunt</span> 
     </span>
     <span class='ocr_line' id='line_1_33' title="bbox 342 4729 1769 4838; baseline 0 -32"><span class='ocrx_word' id='word_1_309' title='bbox 342 4730 519 4807; x_wconf 91' lang='lat' dir='ltr'>Ecclesie.</span> <span class='ocrx_word' id='word_1_310' title='bbox 539 4731 693 4808; x_wconf 83' lang='lat' dir='ltr'>Audiuit</span> <span class='ocrx_word' id='word_1_311' title='bbox 715 4730 788 4806; x_wconf 91' lang='lat' dir='ltr'>dici</span> <span class='ocrx_word' id='word_1_312' title='bbox 810 4731 914 4838; x_wconf 89' lang='lat' dir='ltr'>quod</span> <span class='ocrx_word' id='word_1_313' title='bbox 940 4730 985 4806; x_wconf 90' lang='lat' dir='ltr'>ab</span> <span class='ocrx_word' id='word_1_314' title='bbox 1011 4730 1166 4836; x_wconf 91' lang='lat' dir='ltr'>antiquo</span> <span class='ocrx_word' id='word_1_315' title='bbox 1187 4729 1329 4807; x_wconf 88' lang='lat' dir='ltr'>fiebant</span> <span class='ocrx_word' id='word_1_316' title='bbox 1352 4730 1456 4806; x_wconf 90' lang='lat' dir='ltr'>omni</span> <span class='ocrx_word' id='word_1_317' title='bbox 1481 4729 1542 4806; x_wconf 93' lang='lat' dir='ltr'>die</span> <span class='ocrx_word' id='word_1_318' title='bbox 1564 4729 1769 4807; x_wconf 89' lang='lat' dir='ltr'>elemosine</span> 
     </span>
     <span class='ocr_line' id='line_1_34' title="bbox 343 4861 1769 4970; baseline -0.001 -33"><span class='ocrx_word' id='word_1_319' title='bbox 343 4861 536 4967; x_wconf 89' lang='lat' dir='ltr'>generales</span> <span class='ocrx_word' id='word_1_320' title='bbox 551 4862 589 4938; x_wconf 93' lang='lat' dir='ltr'>in</span> <span class='ocrx_word' id='word_1_321' title='bbox 606 4861 785 4939; x_wconf 91' lang='lat' dir='ltr'>domibus</span> <span class='ocrx_word' id='word_1_322' title='bbox 801 4861 960 4952; x_wconf 91' lang='lat' dir='ltr'>ordinis,</span> <span class='ocrx_word' id='word_1_323' title='bbox 978 4878 1016 4938; x_wconf 92' lang='lat' dir='ltr'>et</span> <span class='ocrx_word' id='word_1_324' title='bbox 1033 4863 1138 4967; x_wconf 88' lang='lat' dir='ltr'>quod</span> <span class='ocrx_word' id='word_1_325' title='bbox 1154 4889 1312 4970; x_wconf 89' lang='lat' dir='ltr'>magnus</span> <span class='ocrx_word' id='word_1_326' title='bbox 1327 4862 1503 4967; x_wconf 89' lang='lat' dir='ltr'>Magister</span> <span class='ocrx_word' id='word_1_327' title='bbox 1517 4863 1582 4968; x_wconf 91' lang='lat' dir='ltr'>qui</span> <span class='ocrx_word' id='word_1_328' title='bbox 1597 4891 1698 4939; x_wconf 91' lang='lat' dir='ltr'>nunc</span> <span class='ocrx_word' id='word_1_329' title='bbox 1713 4878 1769 4939; x_wconf 90' lang='lat' dir='ltr'>est</span> 
     </span>
    </p>
   </div>
   <div class='ocr_carea' id='block_1_7' title="bbox 0 0 2122 5940">
    <p class='ocr_par' dir='ltr' id='par_1_7' title="bbox 0 0 2122 5940">
     <span class='ocr_line' id='line_1_35' title="bbox 0 0 2122 5940; baseline 0 0"><span class='ocrx_word' id='word_1_330' title='bbox 0 0 2122 5940; x_wconf 95' lang='lat' dir='ltr'> </span> 
     </span>
    </p>
   </div>
  </div>
 </body>
</html>
