<?xml version="1.0" encoding="UTF-8"?>
<!DOCTYPE html PUBLIC "-//W3C//DTD XHTML 1.0 Transitional//EN"
    "http://www.w3.org/TR/xhtml1/DTD/xhtml1-transitional.dtd">
<html xmlns="http://www.w3.org/1999/xhtml" xml:lang="en" lang="en">
 <head>
  <title>
</title>
<meta http-equiv="Content-Type" content="text/html;charset=utf-8" />
  <meta name='ocr-system' content='tesseract 3.04.00' />
  <meta name='ocr-capabilities' content='ocr_page ocr_carea ocr_par ocr_line ocrx_word'/>
</head>
<body>
  <div class='ocr_page' id='page_1' title='image "./procsdestemplie00defegoog/procsdestemplie00defegoog_0152.png"; bbox 0 0 4236 5948; ppageno 0'>
   <div class='ocr_carea' id='block_1_1' title="bbox 748 514 1775 613">
    <p class='ocr_par' dir='ltr' id='par_1_1' title="bbox 748 514 1775 613">
     <span class='ocr_line' id='line_1_1' title="bbox 748 514 1775 613; baseline 0.007 -8"><span class='ocrx_word' id='word_1_1' title='bbox 748 514 942 606; x_wconf 74' lang='lat' dir='ltr'><strong>raucas</strong></span> <span class='ocrx_word' id='word_1_2' title='bbox 968 532 1060 604; x_wconf 82' lang='lat' dir='ltr'><strong>nas</strong></span> <span class='ocrx_word' id='word_1_3' title='bbox 1086 533 1388 608; x_wconf 71' lang='lat' dir='ltr'><strong>renarrans.</strong></span> <span class='ocrx_word' id='word_1_4' title='bbox 1705 540 1775 613; x_wconf 83' lang='lat' dir='ltr'><strong>no</strong></span> 
     </span>
    </p>
   </div>
   <div class='ocr_carea' id='block_1_2' title="bbox 345 661 1878 4044">
    <p class='ocr_par' dir='ltr' id='par_1_2' title="bbox 348 661 1807 2841">
     <span class='ocr_line' id='line_1_2' title="bbox 356 661 1777 780; baseline 0.001 -27"><span class='ocrx_word' id='word_1_5' title='bbox 356 661 597 756; x_wconf 74' lang='lat' dir='ltr'><strong>celebrarent.</strong></span> <span class='ocrx_word' id='word_1_6' title='bbox 619 671 771 750; x_wconf 85' lang='lat' dir='ltr'><strong>Audivit</strong></span> <span class='ocrx_word' id='word_1_7' title='bbox 791 674 864 751; x_wconf 89' lang='lat' dir='ltr'><strong>dici</strong></span> <span class='ocrx_word' id='word_1_8' title='bbox 885 674 988 780; x_wconf 90' lang='lat' dir='ltr'><strong>quod</strong></span> <span class='ocrx_word' id='word_1_9' title='bbox 1009 672 1093 749; x_wconf 90' lang='lat' dir='ltr'><strong>laici</strong></span> <span class='ocrx_word' id='word_1_10' title='bbox 1118 689 1290 752; x_wconf 88' lang='lat' dir='ltr'><strong>tenentes</strong></span> <span class='ocrx_word' id='word_1_11' title='bbox 1315 704 1449 753; x_wconf 90' lang='lat' dir='ltr'><strong>eorum</strong></span> <span class='ocrx_word' id='word_1_12' title='bbox 1470 674 1645 780; x_wconf 91' lang='lat' dir='ltr'><strong>capitulia</strong></span> <span class='ocrx_word' id='word_1_13' title='bbox 1664 675 1777 755; x_wconf 87' lang='lat' dir='ltr'><strong>lacie-</strong></span> 
     </span>
     <span class='ocr_line' id='line_1_3' title="bbox 354 803 1777 913; baseline 0.002 -31"><span class='ocrx_word' id='word_1_14' title='bbox 354 805 443 882; x_wconf 87' lang='lat' dir='ltr'><strong>bant</strong></span> <span class='ocrx_word' id='word_1_15' title='bbox 460 806 499 882; x_wconf 96' lang='lat' dir='ltr'><strong>in</strong></span> <span class='ocrx_word' id='word_1_16' title='bbox 524 833 658 882; x_wconf 89' lang='lat' dir='ltr'><strong>eornm</strong></span> <span class='ocrx_word' id='word_1_17' title='bbox 677 805 945 881; x_wconf 89' lang='lat' dir='ltr'><strong>terminacione</strong></span> <span class='ocrx_word' id='word_1_18' title='bbox 966 803 1109 910; x_wconf 89' lang='lat' dir='ltr'><strong>aliquas</strong></span> <span class='ocrx_word' id='word_1_19' title='bbox 1129 803 1409 898; x_wconf 91' lang='lat' dir='ltr'><strong>absoluciones,</strong></span> <span class='ocrx_word' id='word_1_20' title='bbox 1431 806 1550 882; x_wconf 89' lang='lat' dir='ltr'><strong>nescit</strong></span> <span class='ocrx_word' id='word_1_21' title='bbox 1577 808 1607 883; x_wconf 89' lang='lat' dir='ltr'><strong>si</strong></span> <span class='ocrx_word' id='word_1_22' title='bbox 1630 837 1649 883; x_wconf 91' lang='lat' dir='ltr'><strong>a</strong></span> <span class='ocrx_word' id='word_1_23' title='bbox 1670 809 1777 913; x_wconf 88' lang='lat' dir='ltr'><strong>penis</strong></span> 
     </span>
     <span class='ocr_line' id='line_1_4' title="bbox 354 924 1773 1043; baseline 0 -29"><span class='ocrx_word' id='word_1_24' title='bbox 354 935 409 1014; x_wconf 93' lang='lat' dir='ltr'><strong>vel</strong></span> <span class='ocrx_word' id='word_1_25' title='bbox 430 935 640 1043; x_wconf 89' lang='lat' dir='ltr'><strong>apeccatis,</strong></span> <span class='ocrx_word' id='word_1_26' title='bbox 661 963 738 1012; x_wconf 94' lang='lat' dir='ltr'><strong>non</strong></span> <span class='ocrx_word' id='word_1_27' title='bbox 760 924 1028 1034; x_wconf 41' lang='lat' dir='ltr'><strong>tamen‘credit</strong></span> <span class='ocrx_word' id='word_1_28' title='bbox 1049 935 1154 1042; x_wconf 92' lang='lat' dir='ltr'><strong>quod</strong></span> <span class='ocrx_word' id='word_1_29' title='bbox 1173 952 1327 1041; x_wconf 80' lang='lat' dir='ltr'><strong>possent</strong></span> <span class='ocrx_word' id='word_1_30' title='bbox 1350 935 1540 1014; x_wconf 86' lang='lat' dir='ltr'><strong>absolvere</strong></span> <span class='ocrx_word' id='word_1_31' title='bbox 1562 965 1582 1013; x_wconf 91' lang='lat' dir='ltr'><strong>a</strong></span> <span class='ocrx_word' id='word_1_32' title='bbox 1600 939 1773 1042; x_wconf 89' lang='lat' dir='ltr'><strong>peccatis.</strong></span> 
     </span>
     <span class='ocr_line' id='line_1_5' title="bbox 354 1065 1776 1172; baseline 0.001 -27"><span class='ocrx_word' id='word_1_33' title='bbox 354 1065 532 1145; x_wconf 86' lang='lat' dir='ltr'><strong>Jurabant</strong></span> <span class='ocrx_word' id='word_1_34' title='bbox 551 1066 724 1143; x_wconf 87' lang='lat' dir='ltr'><strong>ordinem</strong></span> <span class='ocrx_word' id='word_1_35' title='bbox 742 1093 819 1142; x_wconf 94' lang='lat' dir='ltr'><strong>non</strong></span> <span class='ocrx_word' id='word_1_36' title='bbox 840 1067 957 1154; x_wconf 74' lang='lat' dir='ltr'><strong>exire3</strong></span> <span class='ocrx_word' id='word_1_37' title='bbox 977 1065 1102 1142; x_wconf 88' lang='lat' dir='ltr'><strong>statim</strong></span> <span class='ocrx_word' id='word_1_38' title='bbox 1118 1095 1186 1171; x_wconf 91' lang='lat' dir='ltr'><strong>pro</strong></span> <span class='ocrx_word' id='word_1_39' title='bbox 1202 1067 1379 1172; x_wconf 81' lang='lat' dir='ltr'><strong>professis</strong></span> <span class='ocrx_word' id='word_1_40' title='bbox 1400 1066 1646 1144; x_wconf 83' lang='lat' dir='ltr'><strong>habebantur.</strong></span> <span class='ocrx_word' id='word_1_41' title='bbox 1669 1067 1776 1147; x_wconf 91' lang='lat' dir='ltr'><strong>Clan-</strong></span> 
     </span>
     <span class='ocr_line' id='line_1_6' title="bbox 355 1195 1775 1304; baseline 0.001 -29"><span class='ocrx_word' id='word_1_42' title='bbox 355 1197 498 1276; x_wconf 87' lang='lat' dir='ltr'><strong>destine</strong></span> <span class='ocrx_word' id='word_1_43' title='bbox 523 1197 812 1303; x_wconf 83' lang='lat' dir='ltr'><strong>recipiebantur,</strong></span> <span class='ocrx_word' id='word_1_44' title='bbox 845 1195 962 1274; x_wconf 89' lang='lat' dir='ltr'><strong>nullis</strong></span> <span class='ocrx_word' id='word_1_45' title='bbox 993 1197 1232 1302; x_wconf 86' lang='lat' dir='ltr'><strong>presentibus</strong></span> <span class='ocrx_word' id='word_1_46' title='bbox 1260 1199 1331 1275; x_wconf 89' lang='lat' dir='ltr'><strong>nisi</strong></span> <span class='ocrx_word' id='word_1_47' title='bbox 1358 1197 1536 1275; x_wconf 81' lang='lat' dir='ltr'><strong>iratribus</strong></span> <span class='ocrx_word' id='word_1_48' title='bbox 1566 1199 1685 1304; x_wconf 89' lang='lat' dir='ltr'><strong>ipsius</strong></span> <span class='ocrx_word' id='word_1_49' title='bbox 1715 1229 1775 1278; x_wconf 92' lang='lat' dir='ltr'><strong>or·</strong></span> 
     </span>
     <span class='ocr_line' id='line_1_7' title="bbox 355 1327 1775 1437; baseline 0.001 -33"><span class='ocrx_word' id='word_1_50' title='bbox 355 1327 467 1418; x_wconf 93' lang='lat' dir='ltr'><strong>dinis,</strong></span> <span class='ocrx_word' id='word_1_51' title='bbox 490 1356 534 1405; x_wconf 83' lang='lat' dir='ltr'><strong>ex</strong></span> <span class='ocrx_word' id='word_1_52' title='bbox 554 1355 631 1435; x_wconf 94' lang='lat' dir='ltr'><strong>quo</strong></span> <span class='ocrx_word' id='word_1_53' title='bbox 651 1328 771 1404; x_wconf 91' lang='lat' dir='ltr'><strong>credit</strong></span> <span class='ocrx_word' id='word_1_54' title='bbox 795 1328 900 1433; x_wconf 91' lang='lat' dir='ltr'><strong>quod</strong></span> <span class='ocrx_word' id='word_1_55' title='bbox 923 1344 1023 1403; x_wconf 89' lang='lat' dir='ltr'><strong>esset</strong></span> <span class='ocrx_word' id='word_1_56' title='bbox 1043 1327 1205 1432; x_wconf 91' lang='lat' dir='ltr'><strong>suspicio</strong></span> <span class='ocrx_word' id='word_1_57' title='bbox 1227 1346 1354 1406; x_wconf 91' lang='lat' dir='ltr'><strong>contra</strong></span> <span class='ocrx_word' id='word_1_58' title='bbox 1383 1357 1459 1406; x_wconf 90' lang='lat' dir='ltr'><strong>eos.</strong></span> <span class='ocrx_word' id='word_1_59' title='bbox 1482 1331 1523 1405; x_wconf 93' lang='lat' dir='ltr'><strong>In</strong></span> <span class='ocrx_word' id='word_1_60' title='bbox 1544 1329 1626 1437; x_wconf 91' lang='lat' dir='ltr'><strong>ejus</strong></span> <span class='ocrx_word' id='word_1_61' title='bbox 1645 1357 1775 1436; x_wconf 89' lang='lat' dir='ltr'><strong>recep-</strong></span> 
     </span>
     <span class='ocr_line' id='line_1_8' title="bbox 355 1455 1771 1565; baseline 0.002 -32"><span class='ocrx_word' id='word_1_62' title='bbox 355 1456 460 1534; x_wconf 93' lang='lat' dir='ltr'><strong>cione</strong></span> <span class='ocrx_word' id='word_1_63' title='bbox 510 1455 581 1536; x_wconf 76' lang='lat' dir='ltr'><strong>hait</strong></span> <span class='ocrx_word' id='word_1_64' title='bbox 621 1455 693 1534; x_wconf 87' lang='lat' dir='ltr'><strong>sibi</strong></span> <span class='ocrx_word' id='word_1_65' title='bbox 733 1457 868 1534; x_wconf 89' lang='lat' dir='ltr'><strong>tradita</strong></span> <span class='ocrx_word' id='word_1_66' title='bbox 904 1457 1067 1564; x_wconf 92' lang='lat' dir='ltr'><strong>quedam</strong></span> <span class='ocrx_word' id='word_1_67' title='bbox 1111 1458 1265 1534; x_wconf 91' lang='lat' dir='ltr'><strong>cordula</strong></span> <span class='ocrx_word' id='word_1_68' title='bbox 1310 1487 1383 1565; x_wconf 85' lang='lat' dir='ltr'><strong>qua</strong></span> <span class='ocrx_word' id='word_1_69' title='bbox 1427 1486 1540 1563; x_wconf 88' lang='lat' dir='ltr'><strong>super</strong></span> <span class='ocrx_word' id='word_1_70' title='bbox 1581 1458 1771 1536; x_wconf 91' lang='lat' dir='ltr'><strong>camisiam</strong></span> 
     </span>
     <span class='ocr_line' id='line_1_9' title="bbox 354 1587 1773 1696; baseline 0.003 -32"><span class='ocrx_word' id='word_1_71' title='bbox 354 1589 576 1696; x_wconf 84' lang='lat' dir='ltr'><strong>cingeretur.</strong></span> <span class='ocrx_word' id='word_1_72' title='bbox 603 1589 818 1696; x_wconf 87' lang='lat' dir='ltr'><strong>lnjunctum</strong></span> <span class='ocrx_word' id='word_1_73' title='bbox 847 1587 919 1664; x_wconf 88' lang='lat' dir='ltr'><strong>luit</strong></span> <span class='ocrx_word' id='word_1_74' title='bbox 948 1588 981 1664; x_wconf 95' lang='lat' dir='ltr'><strong>ei</strong></span> <span class='ocrx_word' id='word_1_75' title='bbox 1010 1616 1058 1664; x_wconf 92' lang='lat' dir='ltr'><strong>ne</strong></span> <span class='ocrx_word' id='word_1_76' title='bbox 1079 1587 1259 1665; x_wconf 89' lang='lat' dir='ltr'><strong>revelaret</strong></span> <span class='ocrx_word' id='word_1_77' title='bbox 1279 1606 1419 1666; x_wconf 89' lang='lat' dir='ltr'><strong>secreta</strong></span> <span class='ocrx_word' id='word_1_78' title='bbox 1437 1588 1705 1696; x_wconf 91' lang='lat' dir='ltr'><strong>capitulorum,</strong></span> <span class='ocrx_word' id='word_1_79' title='bbox 1726 1591 1773 1668; x_wconf 94' lang='lat' dir='ltr'><strong>de</strong></span> 
     </span>
     <span class='ocr_line' id='line_1_10' title="bbox 353 1718 1771 1826; baseline 0.002 -31"><span class='ocrx_word' id='word_1_80' title='bbox 353 1720 467 1799; x_wconf 91' lang='lat' dir='ltr'><strong>modo</strong></span> <span class='ocrx_word' id='word_1_81' title='bbox 492 1720 721 1826; x_wconf 91' lang='lat' dir='ltr'><strong>recepcionis</strong></span> <span class='ocrx_word' id='word_1_82' title='bbox 740 1719 890 1825; x_wconf 92' lang='lat' dir='ltr'><strong>speciali</strong></span> <span class='ocrx_word' id='word_1_83' title='bbox 920 1747 998 1796; x_wconf 92' lang='lat' dir='ltr'><strong>non</strong></span> <span class='ocrx_word' id='word_1_84' title='bbox 1025 1718 1151 1796; x_wconf 92' lang='lat' dir='ltr'><strong>habita</strong></span> <span class='ocrx_word' id='word_1_85' title='bbox 1181 1720 1390 1797; x_wconf 89' lang='lat' dir='ltr'><strong>mencione.</strong></span> <span class='ocrx_word' id='word_1_86' title='bbox 1420 1721 1497 1814; x_wconf 92' lang='lat' dir='ltr'><strong>Qui</strong></span> <span class='ocrx_word' id='word_1_87' title='bbox 1530 1721 1771 1811; x_wconf 85' lang='lat' dir='ltr'><strong>revelassent,</strong></span> 
     </span>
     <span class='ocr_line' id='line_1_11' title="bbox 352 1849 1773 1958; baseline 0.004 -31"><span class='ocrx_word' id='word_1_88' title='bbox 352 1851 519 1957; x_wconf 87' lang='lat' dir='ltr'><strong>graviter,</strong></span> <span class='ocrx_word' id='word_1_89' title='bbox 542 1853 610 1929; x_wconf 89' lang='lat' dir='ltr'><strong>sed</strong></span> <span class='ocrx_word' id='word_1_90' title='bbox 630 1851 749 1928; x_wconf 91' lang='lat' dir='ltr'><strong>nescit</strong></span> <span class='ocrx_word' id='word_1_91' title='bbox 768 1851 940 1958; x_wconf 82' lang='lat' dir='ltr'><strong>qualiter,</strong></span> <span class='ocrx_word' id='word_1_92' title='bbox 962 1850 1085 1956; x_wconf 90' lang='lat' dir='ltr'><strong>puniti</strong></span> <span class='ocrx_word' id='word_1_93' title='bbox 1101 1849 1270 1928; x_wconf 87' lang='lat' dir='ltr'><strong>fuissent.</strong></span> <span class='ocrx_word' id='word_1_94' title='bbox 1289 1853 1434 1928; x_wconf 86' lang='lat' dir='ltr'><strong>Fratres</strong></span> <span class='ocrx_word' id='word_1_95' title='bbox 1448 1852 1608 1929; x_wconf 90' lang='lat' dir='ltr'><strong>scientes</strong></span> <span class='ocrx_word' id='word_1_96' title='bbox 1628 1879 1773 1932; x_wconf 89' lang='lat' dir='ltr'><strong>errores</strong></span> 
     </span>
     <span class='ocr_line' id='line_1_12' title="bbox 351 1979 1773 2089; baseline 0.003 -33"><span class='ocrx_word' id='word_1_97' title='bbox 351 1980 583 2089; x_wconf 80' lang='lat' dir='ltr'><strong>negligentes</strong></span> <span class='ocrx_word' id='word_1_98' title='bbox 612 1979 767 2059; x_wconf 73' lang='lat' dir='ltr'><strong>luerunt</strong></span> <span class='ocrx_word' id='word_1_99' title='bbox 786 1981 875 2087; x_wconf 91' lang='lat' dir='ltr'><strong>quia</strong></span> <span class='ocrx_word' id='word_1_100' title='bbox 904 2008 980 2057; x_wconf 94' lang='lat' dir='ltr'><strong>non</strong></span> <span class='ocrx_word' id='word_1_101' title='bbox 1007 1997 1249 2057; x_wconf 85' lang='lat' dir='ltr'><strong>correxerunt</strong></span> <span class='ocrx_word' id='word_1_102' title='bbox 1278 2009 1342 2058; x_wconf 88' lang='lat' dir='ltr'><strong>eos</strong></span> <span class='ocrx_word' id='word_1_103' title='bbox 1361 2008 1431 2057; x_wconf 92' lang='lat' dir='ltr'><strong>nec</strong></span> <span class='ocrx_word' id='word_1_104' title='bbox 1452 1981 1773 2060; x_wconf 87' lang='lat' dir='ltr'><strong>denunciaverunt</strong></span> 
     </span>
     <span class='ocr_line' id='line_1_13' title="bbox 350 2109 1773 2219; baseline 0.002 -31"><span class='ocrx_word' id='word_1_105' title='bbox 350 2111 524 2190; x_wconf 85' lang='lat' dir='ltr'><strong>Ecclesie.</strong></span> <span class='ocrx_word' id='word_1_106' title='bbox 547 2113 590 2188; x_wconf 93' lang='lat' dir='ltr'><strong>ln</strong></span> <span class='ocrx_word' id='word_1_107' title='bbox 610 2111 799 2219; x_wconf 89' lang='lat' dir='ltr'><strong>aliquibus</strong></span> <span class='ocrx_word' id='word_1_108' title='bbox 818 2110 911 2188; x_wconf 93' lang='lat' dir='ltr'><strong>locis</strong></span> <span class='ocrx_word' id='word_1_109' title='bbox 931 2111 1074 2188; x_wconf 86' lang='lat' dir='ltr'><strong>ordinis</strong></span> <span class='ocrx_word' id='word_1_110' title='bbox 1094 2109 1299 2189; x_wconf 89' lang='lat' dir='ltr'><strong>elemosine</strong></span> <span class='ocrx_word' id='word_1_111' title='bbox 1325 2129 1364 2188; x_wconf 89' lang='lat' dir='ltr'><strong>et</strong></span> <span class='ocrx_word' id='word_1_112' title='bbox 1381 2111 1613 2217; x_wconf 86' lang='lat' dir='ltr'><strong>hospitalitas</strong></span> <span class='ocrx_word' id='word_1_113' title='bbox 1635 2114 1773 2192; x_wconf 90' lang='lat' dir='ltr'><strong>melius</strong></span> 
     </span>
     <span class='ocr_line' id='line_1_14' title="bbox 351 2241 1772 2351; baseline 0.003 -32"><span class='ocrx_word' id='word_1_114' title='bbox 351 2270 463 2350; x_wconf 89' lang='lat' dir='ltr'><strong>quam</strong></span> <span class='ocrx_word' id='word_1_115' title='bbox 483 2243 523 2320; x_wconf 92' lang='lat' dir='ltr'><strong>in</strong></span> <span class='ocrx_word' id='word_1_116' title='bbox 548 2241 629 2319; x_wconf 90' lang='lat' dir='ltr'><strong>aliis</strong></span> <span class='ocrx_word' id='word_1_117' title='bbox 650 2242 904 2320; x_wconf 89' lang='lat' dir='ltr'><strong>servabantur.</strong></span> <span class='ocrx_word' id='word_1_118' title='bbox 926 2242 1107 2321; x_wconf 88' lang='lat' dir='ltr'><strong>Ordinata</strong></span> <span class='ocrx_word' id='word_1_119' title='bbox 1131 2271 1201 2348; x_wconf 93' lang='lat' dir='ltr'><strong>per</strong></span> <span class='ocrx_word' id='word_1_120' title='bbox 1224 2243 1444 2351; x_wconf 86' lang='lat' dir='ltr'><strong>Magistrum</strong></span> <span class='ocrx_word' id='word_1_121' title='bbox 1470 2271 1558 2320; x_wconf 87' lang='lat' dir='ltr'><strong>cum</strong></span> <span class='ocrx_word' id='word_1_122' title='bbox 1586 2261 1772 2323; x_wconf 78' lang='lat' dir='ltr'><strong>conventa</strong></span> 
     </span>
     <span class='ocr_line' id='line_1_15' title="bbox 350 2372 1771 2479; baseline 0.001 -29"><span class='ocrx_word' id='word_1_123' title='bbox 350 2388 528 2450; x_wconf 84' lang='lat' dir='ltr'><strong>servasset</strong></span> <span class='ocrx_word' id='word_1_124' title='bbox 546 2389 649 2450; x_wconf 89' lang='lat' dir='ltr'><strong>totus</strong></span> <span class='ocrx_word' id='word_1_125' title='bbox 669 2372 781 2460; x_wconf 92' lang='lat' dir='ltr'><strong>ordo,</strong></span> <span class='ocrx_word' id='word_1_126' title='bbox 805 2389 933 2449; x_wconf 87' lang='lat' dir='ltr'><strong>contra</strong></span> <span class='ocrx_word' id='word_1_127' title='bbox 953 2399 1068 2478; x_wconf 91' lang='lat' dir='ltr'><strong>quem</strong></span> <span class='ocrx_word' id='word_1_128' title='bbox 1094 2399 1196 2447; x_wconf 92' lang='lat' dir='ltr'><strong>nunc</strong></span> <span class='ocrx_word' id='word_1_129' title='bbox 1220 2372 1376 2479; x_wconf 87' lang='lat' dir='ltr'><strong>grandia</strong></span> <span class='ocrx_word' id='word_1_130' title='bbox 1396 2372 1585 2462; x_wconf 89' lang='lat' dir='ltr'><strong>scandala,</strong></span> <span class='ocrx_word' id='word_1_131' title='bbox 1609 2374 1771 2479; x_wconf 89' lang='lat' dir='ltr'><strong>suspicio</strong></span> 
     </span>
     <span class='ocr_line' id='line_1_16' title="bbox 350 2501 1771 2611; baseline 0.001 -31"><span class='ocrx_word' id='word_1_132' title='bbox 350 2519 388 2580; x_wconf 87' lang='lat' dir='ltr'><strong>ct</strong></span> <span class='ocrx_word' id='word_1_133' title='bbox 414 2501 568 2581; x_wconf 85' lang='lat' dir='ltr'><strong>inlamia</strong></span> <span class='ocrx_word' id='word_1_134' title='bbox 597 2520 685 2580; x_wconf 91' lang='lat' dir='ltr'><strong>sunt</strong></span> <span class='ocrx_word' id='word_1_135' title='bbox 709 2520 852 2592; x_wconf 67' lang='lat' dir='ltr'><strong>exorta,</strong></span> <span class='ocrx_word' id='word_1_136' title='bbox 873 2503 980 2611; x_wconf 89' lang='lat' dir='ltr'><strong>cujus</strong></span> <span class='ocrx_word' id='word_1_137' title='bbox 1009 2502 1186 2579; x_wconf 81' lang='lat' dir='ltr'><strong>fratribus</strong></span> <span class='ocrx_word' id='word_1_138' title='bbox 1207 2503 1327 2579; x_wconf 86' lang='lat' dir='ltr'><strong>credit</strong></span> <span class='ocrx_word' id='word_1_139' title='bbox 1346 2502 1451 2607; x_wconf 88' lang='lat' dir='ltr'><strong>quod</strong></span> <span class='ocrx_word' id='word_1_140' title='bbox 1472 2519 1596 2578; x_wconf 88' lang='lat' dir='ltr'><strong>essent</strong></span> <span class='ocrx_word' id='word_1_141' title='bbox 1616 2520 1704 2580; x_wconf 91' lang='lat' dir='ltr'><strong>nota</strong></span> <span class='ocrx_word' id='word_1_142' title='bbox 1724 2503 1771 2582; x_wconf 90' lang='lat' dir='ltr'><strong>il·</strong></span> 
     </span>
     <span class='ocr_line' id='line_1_17' title="bbox 348 2629 1768 2741; baseline 0.001 -34"><span class='ocrx_word' id='word_1_143' title='bbox 348 2629 446 2710; x_wconf 91' lang='lat' dir='ltr'><strong>licita</strong></span> <span class='ocrx_word' id='word_1_144' title='bbox 467 2631 670 2711; x_wconf 85' lang='lat' dir='ltr'><strong>consessata</strong></span> <span class='ocrx_word' id='word_1_145' title='bbox 697 2662 765 2739; x_wconf 91' lang='lat' dir='ltr'><strong>per</strong></span> <span class='ocrx_word' id='word_1_146' title='bbox 794 2662 899 2722; x_wconf 89' lang='lat' dir='ltr'><strong>eum,</strong></span> <span class='ocrx_word' id='word_1_147' title='bbox 923 2650 961 2709; x_wconf 89' lang='lat' dir='ltr'><strong>et</strong></span> <span class='ocrx_word' id='word_1_148' title='bbox 981 2634 1087 2740; x_wconf 91' lang='lat' dir='ltr'><strong>quod</strong></span> <span class='ocrx_word' id='word_1_149' title='bbox 1112 2661 1269 2738; x_wconf 88' lang='lat' dir='ltr'><strong>magnus</strong></span> <span class='ocrx_word' id='word_1_150' title='bbox 1295 2632 1471 2741; x_wconf 83' lang='lat' dir='ltr'><strong>Magister</strong></span> <span class='ocrx_word' id='word_1_151' title='bbox 1498 2649 1536 2708; x_wconf 89' lang='lat' dir='ltr'><strong>et</strong></span> <span class='ocrx_word' id='word_1_152' title='bbox 1554 2632 1617 2708; x_wconf 91' lang='lat' dir='ltr'><strong>alii</strong></span> <span class='ocrx_word' id='word_1_153' title='bbox 1637 2634 1768 2710; x_wconf 91' lang='lat' dir='ltr'><strong>eadem</strong></span> 
     </span>
     <span class='ocr_line' id='line_1_18' title="bbox 348 2761 613 2841; baseline 0.008 -3"><span class='ocrx_word' id='word_1_154' title='bbox 348 2761 422 2841; x_wconf 90' lang='lat' dir='ltr'><strong>sint</strong></span> <span class='ocrx_word' id='word_1_155' title='bbox 442 2762 613 2841; x_wconf 84' lang='lat' dir='ltr'><strong>confessi.</strong></span> 
     </span>
    </p>

    <p class='ocr_par' dir='ltr' id='par_1_3' title="bbox 346 2891 1771 3505">
     <span class='ocr_line' id='line_1_19' title="bbox 401 2891 1768 3002; baseline -0.001 -31"><span class='ocrx_word' id='word_1_156' title='bbox 401 2893 617 3002; x_wconf 88' lang='lat' dir='ltr'><strong>Requisitus</strong></span> <span class='ocrx_word' id='word_1_157' title='bbox 647 2894 677 2970; x_wconf 91' lang='lat' dir='ltr'><strong>si</strong></span> <span class='ocrx_word' id='word_1_158' title='bbox 707 2895 761 2972; x_wconf 88' lang='lat' dir='ltr'><strong>sic</strong></span> <span class='ocrx_word' id='word_1_159' title='bbox 798 2895 1024 3001; x_wconf 88' lang='lat' dir='ltr'><strong>deposuerat</strong></span> <span class='ocrx_word' id='word_1_160' title='bbox 1056 2920 1182 2999; x_wconf 90' lang='lat' dir='ltr'><strong>prece,</strong></span> <span class='ocrx_word' id='word_1_161' title='bbox 1212 2909 1406 2998; x_wconf 90' lang='lat' dir='ltr'><strong>precepto,</strong></span> <span class='ocrx_word' id='word_1_162' title='bbox 1439 2891 1592 2981; x_wconf 91' lang='lat' dir='ltr'><strong>timore,</strong></span> <span class='ocrx_word' id='word_1_163' title='bbox 1620 2920 1768 2983; x_wconf 88' lang='lat' dir='ltr'><strong>amore,</strong></span> 
     </span>
     <span class='ocr_line' id='line_1_20' title="bbox 348 3021 1770 3129; baseline -0.002 -27"><span class='ocrx_word' id='word_1_164' title='bbox 348 3024 454 3114; x_wconf 92' lang='lat' dir='ltr'><strong>odio,</strong></span> <span class='ocrx_word' id='word_1_165' title='bbox 479 3022 539 3101; x_wconf 86' lang='lat' dir='ltr'><strong>vel</strong></span> <span class='ocrx_word' id='word_1_166' title='bbox 566 3022 766 3129; x_wconf 90' lang='lat' dir='ltr'><strong>temporali</strong></span> <span class='ocrx_word' id='word_1_167' title='bbox 795 3023 956 3101; x_wconf 91' lang='lat' dir='ltr'><strong>comodo</strong></span> <span class='ocrx_word' id='word_1_168' title='bbox 975 3022 1106 3100; x_wconf 91' lang='lat' dir='ltr'><strong>habito</strong></span> <span class='ocrx_word' id='word_1_169' title='bbox 1126 3022 1186 3099; x_wconf 90' lang='lat' dir='ltr'><strong>vel</strong></span> <span class='ocrx_word' id='word_1_170' title='bbox 1214 3021 1409 3110; x_wconf 88' lang='lat' dir='ltr'><strong>hahendo,</strong></span> <span class='ocrx_word' id='word_1_171' title='bbox 1436 3021 1632 3127; x_wconf 88' lang='lat' dir='ltr'><strong>respondit</strong></span> <span class='ocrx_word' id='word_1_172' title='bbox 1664 3023 1770 3128; x_wconf 91' lang='lat' dir='ltr'><strong>quod</strong></span> 
     </span>
     <span class='ocr_line' id='line_1_21' title="bbox 347 3151 1771 3260; baseline -0.001 -29"><span class='ocrx_word' id='word_1_173' title='bbox 347 3183 441 3244; x_wconf 91' lang='lat' dir='ltr'><strong>non,</strong></span> <span class='ocrx_word' id='word_1_174' title='bbox 464 3154 531 3231; x_wconf 93' lang='lat' dir='ltr'><strong>sed</strong></span> <span class='ocrx_word' id='word_1_175' title='bbox 557 3182 626 3260; x_wconf 92' lang='lat' dir='ltr'><strong>pro</strong></span> <span class='ocrx_word' id='word_1_176' title='bbox 644 3154 800 3232; x_wconf 89' lang='lat' dir='ltr'><strong>veritate</strong></span> <span class='ocrx_word' id='word_1_177' title='bbox 821 3155 997 3242; x_wconf 80' lang='lat' dir='ltr'><strong>dicenda3</strong></span> <span class='ocrx_word' id='word_1_178' title='bbox 1030 3153 1092 3230; x_wconf 91' lang='lat' dir='ltr'><strong>cui</strong></span> <span class='ocrx_word' id='word_1_179' title='bbox 1111 3152 1184 3229; x_wconf 88' lang='lat' dir='ltr'><strong>luit</strong></span> <span class='ocrx_word' id='word_1_180' title='bbox 1207 3152 1420 3259; x_wconf 87' lang='lat' dir='ltr'><strong>injunctum</strong></span> <span class='ocrx_word' id='word_1_181' title='bbox 1441 3151 1547 3258; x_wconf 92' lang='lat' dir='ltr'><strong>quod</strong></span> <span class='ocrx_word' id='word_1_182' title='bbox 1567 3178 1644 3228; x_wconf 92' lang='lat' dir='ltr'><strong>non</strong></span> <span class='ocrx_word' id='word_1_183' title='bbox 1669 3181 1771 3230; x_wconf 92' lang='lat' dir='ltr'><strong>reve-</strong></span> 
     </span>
     <span class='ocr_line' id='line_1_22' title="bbox 346 3279 1771 3391; baseline -0.001 -30"><span class='ocrx_word' id='word_1_184' title='bbox 346 3282 443 3361; x_wconf 91' lang='lat' dir='ltr'><strong>laret</strong></span> <span class='ocrx_word' id='word_1_185' title='bbox 461 3284 556 3360; x_wconf 91' lang='lat' dir='ltr'><strong>hanc</strong></span> <span class='ocrx_word' id='word_1_186' title='bbox 575 3313 681 3361; x_wconf 88' lang='lat' dir='ltr'><strong>suam</strong></span> <span class='ocrx_word' id='word_1_187' title='bbox 704 3284 1005 3391; x_wconf 88' lang='lat' dir='ltr'><strong>deposicionem,</strong></span> <span class='ocrx_word' id='word_1_188' title='bbox 1031 3310 1231 3391; x_wconf 90' lang='lat' dir='ltr'><strong>quousque</strong></span> <span class='ocrx_word' id='word_1_189' title='bbox 1256 3283 1517 3359; x_wconf 89' lang='lat' dir='ltr'><strong>attestaciones</strong></span> <span class='ocrx_word' id='word_1_190' title='bbox 1541 3279 1682 3359; x_wconf 89' lang='lat' dir='ltr'><strong>luerint</strong></span> <span class='ocrx_word' id='word_1_191' title='bbox 1700 3312 1771 3390; x_wconf 90' lang='lat' dir='ltr'><strong>pu·</strong></span> 
     </span>
     <span class='ocr_line' id='line_1_23' title="bbox 346 3412 1457 3505; baseline -0.004 -13"><span class='ocrx_word' id='word_1_192' title='bbox 346 3414 498 3505; x_wconf 77' lang='lat' dir='ltr'><strong>blicate3</strong></span> <span class='ocrx_word' id='word_1_193' title='bbox 520 3432 558 3492; x_wconf 86' lang='lat' dir='ltr'><strong>et</strong></span> <span class='ocrx_word' id='word_1_194' title='bbox 577 3443 655 3493; x_wconf 92' lang='lat' dir='ltr'><strong>non</strong></span> <span class='ocrx_word' id='word_1_195' title='bbox 676 3414 865 3493; x_wconf 90' lang='lat' dir='ltr'><strong>obtulerat</strong></span> <span class='ocrx_word' id='word_1_196' title='bbox 881 3444 920 3492; x_wconf 91' lang='lat' dir='ltr'><strong>se</strong></span> <span class='ocrx_word' id='word_1_197' title='bbox 941 3416 989 3492; x_wconf 86' lang='lat' dir='ltr'><strong>ad</strong></span> <span class='ocrx_word' id='word_1_198' title='bbox 1009 3413 1282 3492; x_wconf 83' lang='lat' dir='ltr'><strong>deffensionem</strong></span> <span class='ocrx_word' id='word_1_199' title='bbox 1302 3412 1457 3491; x_wconf 87' lang='lat' dir='ltr'><strong>ordinis.</strong></span> 
     </span>
    </p>

    <p class='ocr_par' dir='ltr' id='par_1_4' title="bbox 345 3540 1878 4044">
     <span class='ocr_line' id='line_1_24' title="bbox 401 3540 1767 3651; baseline -0.001 -26"><span class='ocrx_word' id='word_1_200' title='bbox 401 3545 492 3625; x_wconf 73' lang='lat' dir='ltr'><strong>Acts</strong></span> <span class='ocrx_word' id='word_1_201' title='bbox 510 3544 665 3623; x_wconf 85' lang='lat' dir='ltr'><strong>luerunt</strong></span> <span class='ocrx_word' id='word_1_202' title='bbox 680 3546 752 3624; x_wconf 91' lang='lat' dir='ltr'><strong>hec</strong></span> <span class='ocrx_word' id='word_1_203' title='bbox 775 3545 882 3623; x_wconf 91' lang='lat' dir='ltr'><strong>dictis</strong></span> <span class='ocrx_word' id='word_1_204' title='bbox 902 3545 963 3622; x_wconf 91' lang='lat' dir='ltr'><strong>die</strong></span> <span class='ocrx_word' id='word_1_205' title='bbox 983 3563 1020 3622; x_wconf 93' lang='lat' dir='ltr'><strong>et</strong></span> <span class='ocrx_word' id='word_1_206' title='bbox 1033 3544 1133 3635; x_wconf 91' lang='lat' dir='ltr'><strong>loco,</strong></span> <span class='ocrx_word' id='word_1_207' title='bbox 1152 3544 1392 3651; x_wconf 88' lang='lat' dir='ltr'><strong>presentibus</strong></span> <span class='ocrx_word' id='word_1_208' title='bbox 1416 3542 1593 3649; x_wconf 87' lang='lat' dir='ltr'><strong>magistro</strong></span> <span class='ocrx_word' id='word_1_209' title='bbox 1608 3540 1767 3632; x_wconf 83' lang='lat' dir='ltr'><strong>Amisio,</strong></span> 
     </span>
     <span class='ocr_line' id='line_1_25' title="bbox 346 3674 1767 3781; baseline 0.001 -29"><span class='ocrx_word' id='word_1_210' title='bbox 346 3704 407 3753; x_wconf 88' lang='lat' dir='ltr'><strong>me</strong></span> <span class='ocrx_word' id='word_1_211' title='bbox 426 3676 682 3755; x_wconf 89' lang='lat' dir='ltr'><strong>Floriamonte</strong></span> <span class='ocrx_word' id='word_1_212' title='bbox 702 3676 922 3769; x_wconf 89' lang='lat' dir='ltr'><strong>Dondedei,</strong></span> <span class='ocrx_word' id='word_1_213' title='bbox 943 3695 980 3754; x_wconf 94' lang='lat' dir='ltr'><strong>et</strong></span> <span class='ocrx_word' id='word_1_214' title='bbox 994 3675 1076 3753; x_wconf 91' lang='lat' dir='ltr'><strong>aliis</strong></span> <span class='ocrx_word' id='word_1_215' title='bbox 1094 3677 1250 3754; x_wconf 88' lang='lat' dir='ltr'><strong>notariis</strong></span> <span class='ocrx_word' id='word_1_216' title='bbox 1267 3704 1379 3781; x_wconf 90' lang='lat' dir='ltr'><strong>supra</strong></span> <span class='ocrx_word' id='word_1_217' title='bbox 1394 3674 1530 3753; x_wconf 92' lang='lat' dir='ltr'><strong>ultimo</strong></span> <span class='ocrx_word' id='word_1_218' title='bbox 1547 3675 1767 3766; x_wconf 88' lang='lat' dir='ltr'><strong>nominatis,</strong></span> 
     </span>
     <span class='ocr_line' id='line_1_26' title="bbox 345 3804 1878 3917; baseline -0.001 -33"><span class='ocrx_word' id='word_1_219' title='bbox 345 3805 420 3884; x_wconf 89' lang='lat' dir='ltr'><strong>boc</strong></span> <span class='ocrx_word' id='word_1_220' title='bbox 438 3807 537 3885; x_wconf 90' lang='lat' dir='ltr'><strong>salvo</strong></span> <span class='ocrx_word' id='word_1_221' title='bbox 560 3807 665 3914; x_wconf 90' lang='lat' dir='ltr'><strong>quod</strong></span> <span class='ocrx_word' id='word_1_222' title='bbox 690 3807 813 3884; x_wconf 92' lang='lat' dir='ltr'><strong>dictus</strong></span> <span class='ocrx_word' id='word_1_223' title='bbox 838 3807 1013 3916; x_wconf 81' lang='lat' dir='ltr'><strong>magister</strong></span> <span class='ocrx_word' id='word_1_224' title='bbox 1042 3809 1151 3917; x_wconf 89' lang='lat' dir='ltr'><strong>Hugo</strong></span> <span class='ocrx_word' id='word_1_225' title='bbox 1182 3835 1259 3886; x_wconf 93' lang='lat' dir='ltr'><strong>non</strong></span> <span class='ocrx_word' id='word_1_226' title='bbox 1280 3804 1450 3886; x_wconf 81' lang='lat' dir='ltr'><strong>interfuit</strong></span> <span class='ocrx_word' id='word_1_227' title='bbox 1469 3807 1686 3914; x_wconf 83' lang='lat' dir='ltr'><strong>juramento</strong></span> <span class='ocrx_word' id='word_1_228' title='bbox 1712 3823 1769 3882; x_wconf 89' lang='lat' dir='ltr'><strong>te·</strong></span> <span class='ocrx_word' id='word_1_229' title='bbox 1876 3905 1878 3911; x_wconf 23' lang='grc' dir='ltr'>Ι</span> 
     </span>
     <span class='ocr_line' id='line_1_27' title="bbox 345 3935 827 4044; baseline -0.002 -30"><span class='ocrx_word' id='word_1_230' title='bbox 345 3935 459 4014; x_wconf 85' lang='lat' dir='ltr'><strong>stium</strong></span> <span class='ocrx_word' id='word_1_231' title='bbox 474 3936 589 4015; x_wconf 91' lang='lat' dir='ltr'><strong>hodie</strong></span> <span class='ocrx_word' id='word_1_232' title='bbox 600 3936 827 4044; x_wconf 88' lang='lat' dir='ltr'><strong>juratorum.</strong></span> 
     </span>
    </p>
   </div>
   <div class='ocr_carea' id='block_1_3' title="bbox 342 4174 1768 4830">
    <p class='ocr_par' dir='ltr' id='par_1_5' title="bbox 342 4174 1768 4830">
     <span class='ocr_line' id='line_1_28' title="bbox 401 4174 1767 4308; baseline -0.007 -29"><span class='ocrx_word' id='word_1_233' title='bbox 401 4201 490 4279; x_wconf 87' lang='lat' dir='ltr'><strong>Post</strong></span> <span class='ocrx_word' id='word_1_234' title='bbox 517 4203 603 4292; x_wconf 94' lang='lat' dir='ltr'><strong>hec,</strong></span> <span class='ocrx_word' id='word_1_235' title='bbox 637 4201 699 4280; x_wconf 89' lang='lat' dir='ltr'><strong>die</strong></span> <span class='ocrx_word' id='word_1_236' title='bbox 729 4201 857 4281; x_wconf 88' lang='lat' dir='ltr'><strong>Martis</strong></span> <span class='ocrx_word' id='word_1_237' title='bbox 891 4200 1083 4308; x_wconf 88' lang='lat' dir='ltr'><strong>sequenti,</strong></span> <span class='ocrx_word' id='word_1_238' title='bbox 1114 4227 1189 4308; x_wconf 88' lang='lat' dir='ltr'><strong>que</strong></span> <span class='ocrx_word' id='word_1_239' title='bbox 1222 4198 1295 4277; x_wconf 88' lang='lat' dir='ltr'><strong>luit</strong></span> <span class='ocrx_word' id='word_1_240' title='bbox 1326 4196 1537 4306; x_wconf 88' lang='lat' dir='ltr'><strong>penultima</strong></span> <span class='ocrx_word' id='word_1_241' title='bbox 1568 4174 1649 4274; x_wconf 74' lang='lat' dir='ltr'><strong>dies</strong></span> <span class='ocrx_word' id='word_1_242' title='bbox 1677 4194 1767 4271; x_wconf 90' lang='lat' dir='ltr'><strong>dicti</strong></span> 
     </span>
     <span class='ocr_line' id='line_1_29' title="bbox 344 4325 1767 4437; baseline -0.006 -29"><span class='ocrx_word' id='word_1_243' title='bbox 344 4330 484 4408; x_wconf 86' lang='lat' dir='ltr'><strong>mensis</strong></span> <span class='ocrx_word' id='word_1_244' title='bbox 510 4331 656 4418; x_wconf 86' lang='lat' dir='ltr'><strong>Marcii,</strong></span> <span class='ocrx_word' id='word_1_245' title='bbox 677 4330 749 4409; x_wconf 85' lang='lat' dir='ltr'><strong>suit</strong></span> <span class='ocrx_word' id='word_1_246' title='bbox 768 4332 953 4409; x_wconf 89' lang='lat' dir='ltr'><strong>adductus</strong></span> <span class='ocrx_word' id='word_1_247' title='bbox 979 4331 1028 4407; x_wconf 93' lang='lat' dir='ltr'><strong>ad</strong></span> <span class='ocrx_word' id='word_1_248' title='bbox 1057 4331 1290 4437; x_wconf 89' lang='lat' dir='ltr'><strong>presenciam</strong></span> <span class='ocrx_word' id='word_1_249' title='bbox 1316 4328 1504 4406; x_wconf 87' lang='lat' dir='ltr'><strong>dictorum</strong></span> <span class='ocrx_word' id='word_1_250' title='bbox 1523 4325 1767 4403; x_wconf 91' lang='lat' dir='ltr'><strong>dominorum</strong></span> 
     </span>
     <span class='ocr_line' id='line_1_30' title="bbox 344 4455 1766 4570; baseline -0.006 -32"><span class='ocrx_word' id='word_1_251' title='bbox 344 4461 607 4570; x_wconf 84' lang='lat' dir='ltr'><strong>episcoporum</strong></span> <span class='ocrx_word' id='word_1_252' title='bbox 642 4480 680 4541; x_wconf 89' lang='lat' dir='ltr'><strong>et</strong></span> <span class='ocrx_word' id='word_1_253' title='bbox 711 4462 963 4539; x_wconf 86' lang='lat' dir='ltr'><strong>archidiaconi</strong></span> <span class='ocrx_word' id='word_1_254' title='bbox 992 4461 1228 4553; x_wconf 86' lang='lat' dir='ltr'><strong>Tridentini,</strong></span> <span class='ocrx_word' id='word_1_255' title='bbox 1261 4459 1343 4537; x_wconf 88' lang='lat' dir='ltr'><strong>aliis</strong></span> <span class='ocrx_word' id='word_1_256' title='bbox 1371 4458 1539 4565; x_wconf 86' lang='lat' dir='ltr'><strong>legitime</strong></span> <span class='ocrx_word' id='word_1_257' title='bbox 1568 4455 1766 4545; x_wconf 82' lang='lat' dir='ltr'><strong>excusatis,</strong></span> 
     </span>
     <span class='ocr_line' id='line_1_31' title="bbox 342 4586 1768 4700; baseline -0.006 -31"><span class='ocrx_word' id='word_1_258' title='bbox 342 4591 382 4670; x_wconf 90' lang='lat' dir='ltr'><strong>in</strong></span> <span class='ocrx_word' id='word_1_259' title='bbox 397 4592 702 4700; x_wconf 72' lang='lat' dir='ltr'><strong>domo&#39;predicta</strong></span> <span class='ocrx_word' id='word_1_260' title='bbox 718 4592 864 4671; x_wconf 91' lang='lat' dir='ltr'><strong>domini</strong></span> <span class='ocrx_word' id='word_1_261' title='bbox 884 4594 984 4670; x_wconf 88' lang='lat' dir='ltr'><strong>Petri</strong></span> <span class='ocrx_word' id='word_1_262' title='bbox 997 4593 1055 4669; x_wconf 81' lang='lat' dir='ltr'><strong>de·</strong></span> <span class='ocrx_word' id='word_1_263' title='bbox 1066 4591 1272 4680; x_wconf 86' lang='lat' dir='ltr'><strong>Sabaudia,</strong></span> <span class='ocrx_word' id='word_1_264' title='bbox 1291 4588 1404 4666; x_wconf 82' lang='lat' dir='ltr'><strong>frater</strong></span> <span class='ocrx_word' id='word_1_265' title='bbox 1422 4586 1651 4668; x_wconf 90' lang='lat' dir='ltr'><strong>Guillelmus</strong></span> <span class='ocrx_word' id='word_1_266' title='bbox 1670 4587 1768 4662; x_wconf 81' lang='lat' dir='ltr'><strong>Tex-</strong></span> 
     </span>
     <span class='ocr_line' id='line_1_32' title="bbox 342 4717 1767 4830; baseline -0.005 -29"><span class='ocrx_word' id='word_1_267' title='bbox 342 4723 435 4801; x_wconf 86' lang='lat' dir='ltr'><strong>toris</strong></span> <span class='ocrx_word' id='word_1_268' title='bbox 453 4722 652 4830; x_wconf 88' lang='lat' dir='ltr'><strong>presbiter,</strong></span> <span class='ocrx_word' id='word_1_269' title='bbox 680 4741 831 4801; x_wconf 91' lang='lat' dir='ltr'><strong>curatus</strong></span> <span class='ocrx_word' id='word_1_270' title='bbox 854 4723 1010 4801; x_wconf 92' lang='lat' dir='ltr'><strong>ecclesie</strong></span> <span class='ocrx_word' id='word_1_271' title='bbox 1034 4722 1082 4800; x_wconf 88' lang='lat' dir='ltr'><strong>de</strong></span> <span class='ocrx_word' id='word_1_272' title='bbox 1114 4720 1230 4800; x_wconf 88' lang='lat' dir='ltr'><strong>Cellis</strong></span> <span class='ocrx_word' id='word_1_273' title='bbox 1250 4719 1566 4799; x_wconf 87' lang='lat' dir='ltr'><strong>Claramontensis</strong></span> <span class='ocrx_word' id='word_1_274' title='bbox 1589 4717 1767 4806; x_wconf 89' lang='lat' dir='ltr'><strong>diocesis,</strong></span> 
     </span>
    </p>
   </div>
   <div class='ocr_carea' id='block_1_4' title="bbox 342 4846 1768 5068">
    <p class='ocr_par' dir='ltr' id='par_1_6' title="bbox 342 4846 1768 5068">
     <span class='ocr_line' id='line_1_33' title="bbox 342 4846 1768 4962; baseline -0.005 -31"><span class='ocrx_word' id='word_1_275' title='bbox 342 4851 448 4931; x_wconf 86' lang='lat' dir='ltr'><strong>testis</strong></span> <span class='ocrx_word' id='word_1_276' title='bbox 466 4879 580 4961; x_wconf 89' lang='lat' dir='ltr'><strong>supra</strong></span> <span class='ocrx_word' id='word_1_277' title='bbox 592 4855 759 4960; x_wconf 89' lang='lat' dir='ltr'><strong>juratus,</strong></span> <span class='ocrx_word' id='word_1_278' title='bbox 783 4871 827 4932; x_wconf 90' lang='lat' dir='ltr'><strong>ut</strong></span> <span class='ocrx_word' id='word_1_279' title='bbox 846 4855 1056 4962; x_wconf 87' lang='lat' dir='ltr'><strong>deponeret</strong></span> <span class='ocrx_word' id='word_1_280' title='bbox 1076 4851 1219 4930; x_wconf 89' lang='lat' dir='ltr'><strong>dictum</strong></span> <span class='ocrx_word' id='word_1_281' title='bbox 1250 4880 1380 4944; x_wconf 72' lang='lat' dir='ltr'><strong>suum3</strong></span> <span class='ocrx_word' id='word_1_282' title='bbox 1408 4850 1692 4962; x_wconf 87' lang='lat' dir='ltr'><strong>octuagenarius</strong></span> <span class='ocrx_word' id='word_1_283' title='bbox 1708 4846 1768 4925; x_wconf 88' lang='lat' dir='ltr'><strong>vel</strong></span> 
     </span>
     <span class='ocr_line' id='line_1_34' title="bbox 428 4989 1619 5068; baseline -0.007 -14"><span class='ocrx_word' id='word_1_284' title='bbox 428 4989 538 5054; x_wconf 70' lang='lat' dir='ltr'><strong>esocis</strong></span> <span class='ocrx_word' id='word_1_285' title='bbox 561 5010 614 5054; x_wconf 80' lang='lat' dir='ltr'><strong>nra</strong></span> <span class='ocrx_word' id='word_1_286' title='bbox 633 5011 803 5054; x_wconf 64' lang='lat' dir='ltr'><strong>antestans.</strong></span> <span class='ocrx_word' id='word_1_287' title='bbox 814 5025 856 5039; x_wconf 92' lang='lat'><strong>-·</strong></span> <span class='ocrx_word' id='word_1_288' title='bbox 869 5013 892 5052; x_wconf 87' lang='lat' dir='ltr'><strong>u</strong></span> <span class='ocrx_word' id='word_1_289' title='bbox 1584 5007 1619 5068; x_wconf 84' lang='lat'><strong>¹7</strong></span> 
     </span>
    </p>
   </div>
   <div class='ocr_carea' id='block_1_5' title="bbox 0 0 2122 5947">
    <p class='ocr_par' dir='ltr' id='par_1_7' title="bbox 0 0 2122 5947">
     <span class='ocr_line' id='line_1_35' title="bbox 0 0 2122 5947; baseline 0 0"><span class='ocrx_word' id='word_1_290' title='bbox 0 0 2122 5947; x_wconf 95' lang='lat' dir='ltr'><strong> </strong></span> 
     </span>
    </p>
   </div>
  </div>
 </body>
</html>
