4236 5948
610 520 806 617 procas
837 542 935 614 nus
966 542 1273 618 raMrmaas.
1577 552 1648 623 aar

232 688 337 776 dem,
359 685 400 763 in
427 684 620 792 presencia
644 682 894 789 prelatorum,
920 681 1181 791 religiosorum
1206 699 1244 760 et
1273 681 1449 761 aliorum.
1477 688 1527 764 Ex
1553 690 1654 766 ordi-

231 816 388 896 nacione
410 814 511 894 beati
539 814 720 893 Bernardi
745 814 1004 924 cingebantur,
1032 814 1073 892 in
1095 815 1253 922 signum
1274 815 1467 911 eastitatis,
1489 820 1655 899 cordulis

230 948 333 1027 unde
358 944 536 1025 volebant
553 945 770 1053 assumptis,
792 971 906 1051 super
924 944 1091 1022 camisias
1111 973 1198 1022 cum
1218 944 1359 1051 quibus
1378 944 1563 1053 jacebant.
1586 953 1655 1028 Re-

229 1078 393 1158 velantes
419 1096 561 1156 secreta
588 1074 837 1184 capitulorum
862 1094 900 1153 et
925 1076 1084 1155 modum
1109 1075 1339 1182 reccpcionis
1369 1077 1586 1157 incarcerati
1617 1100 1656 1158 et

228 1209 352 1314 puniti
378 1207 549 1286 fuissent.
583 1207 778 1299 Quamdiu
811 1222 985 1313 poterant
1014 1204 1184 1285 confiteri
1222 1206 1478 1286 sacerdotibus
1510 1210 1655 1290 ordinis

228 1366 375 1428 eorum,
394 1366 472 1417 non
496 1335 688 1415 debebant
705 1334 846 1442 absque
868 1363 1002 1415 eorum
1023 1333 1178 1414 licencia
1197 1334 1280 1417 aliis
1299 1335 1483 1415 confiteri.
1505 1341 1654 1417 Fratres

228 1470 373 1550 ordinis
403 1469 543 1577 quibus
572 1468 823 1546 communiter
849 1467 970 1546 credit
1001 1484 1109 1545 notas
1141 1468 1255 1545 fuisse
1292 1468 1583 1576 abnegacionem
1613 1489 1653 1549 et

227 1600 462 1707 spuicionem
481 1599 668 1706 predictas
696 1597 807 1706 [quas
834 1598 954 1677 credit
977 1615 1102 1677 ortum
1124 1598 1299 1677 habuisse
1324 1597 1424 1676 ultra
1444 1628 1562 1690 mare,
1585 1602 1652 1678 sed

225 1731 345 1810 nescit
369 1720 540 1837 quando,
565 1728 710 1807 audivit
740 1745 867 1807 tamen
892 1729 999 1836 quod
1030 1757 1109 1806 non
1136 1728 1182 1806 ab
1214 1727 1389 1836 antiquo]
1420 1730 1653 1839 negligentes

226 1860 397 1950 suerrmt,
414 1861 504 1968 quia
523 1888 601 1938 non
619 1875 863 1939 correxerunt
883 1887 953 1936 uec
969 1859 1292 1937 denunciaverunt
1313 1859 1480 1938 ecclesie.
1501 1862 1653 1939 Elemo-

223 1991 324 2095 sinas
345 2010 383 2070 et
397 1991 690 2099 hospitalitatem
717 1991 811 2068 vidit
836 1990 1102 2068 convenienter
1115 1988 1199 2069 lieri
1215 2008 1252 2066 et
1269 1991 1404 2068 servari
1418 1991 1456 2066 in
1474 1990 1651 2070 domibus

225 2122 369 2200 ordinis
400 2122 440 2198 in
470 2120 610 2228 quibus
640 2119 762 2198 extitit
793 2136 1060 2199 commoratus.
1094 2120 1377 2227 Precipiebatur
1409 2121 1463 2199 eis
1497 2149 1565 2229 per
1596 2153 1651 2199 sa-

226 2267 459 2332 cramentum
473 2251 578 2358 quod
593 2250 692 2328 bene
710 2265 899 2329 servarent
912 2249 1013 2328 bona
1028 2250 1188 2337 ordinis,
1212 2267 1251 2327 et
1270 2252 1375 2357 quod
1394 2251 1429 2327 ei
1444 2252 1572 2331 debite
1592 2283 1652 2330 ac-

223 2383 429 2488 quirerent.
452 2379 605 2458 Audivit
627 2379 702 2456 dici
727 2380 834 2485 quod
858 2408 991 2460 eorum
1016 2379 1191 2486 capitolia
1215 2380 1403 2488 generalia
1423 2380 1651 2461 tenebantur

225 2529 309 2618 post
333 2511 483 2589 missam
504 2527 542 2588 et
565 2535 799 2598 sermonem,
817 2509 1057 2616 tempestive,
1083 2507 1200 2588 nullis
1219 2511 1460 2616 presentibus
1482 2513 1554 2615 nisi
1575 2513 1649 2591 lra-

223 2640 345 2719 tribns
368 2640 528 2727 ordinis,
551 2657 589 2717 et
612 2639 882 2748 providebatur
898 2667 947 2716 ne
968 2638 1192 2719 audirentur
1211 2639 1375 2718 exterius
1394 2668 1469 2746 que
1489 2641 1648 2720 interius

225 2770 442 2879 agebantur.
471 2770 651 2850 Ordinato
675 2799 744 2878 per
769 2771 989 2879 Magistrum
1013 2797 1100 2850 cum
1130 2788 1317 2848 conventu
1342 2788 1521 2849 servasset
1546 2790 1648 2851 totus

224 2904 335 2992 ordo,
354 2920 484 2982 contra
503 2931 617 3010 quem
633 2930 735 2979 nunc
755 2902 912 3008 grandia
933 2902 1124 2993 scandala,
1146 2901 1309 3008 suspicio
1331 2919 1368 2979 et
1387 2901 1539 2979 infamia
1558 2923 1648 2980 sunt

225 3051 366 3123 exorta3
387 3050 427 3113 et
445 3033 565 3112 credit
584 3032 691 3141 quod
705 3033 827 3111 dictus
851 3033 1028 3140 Magister
1043 3050 1080 3110 et
1094 3030 1157 3109 alii
1177 3031 1468 3142 abnegacionem
1488 3052 1527 3112 et
1544 3036 1647 3141 spui·

223 3164 370 3241 cionem
387 3164 434 3243 de
453 3162 595 3270 quibus
611 3163 786 3270 deposuit
801 3163 878 3240 sint
893 3161 1065 3241 confessi.
1084 3165 1168 3240 Non
1184 3163 1374 3241 obtulerat
1385 3191 1424 3241 se
1441 3165 1488 3241 ad
1503 3164 1646 3244 dellen-
1747 3213 1750 3220 ·

225 3293 371 3372 sionem
387 3292 549 3380 ordinis,
567 3321 638 3369 nec
650 3291 772 3370 luerat
788 3292 888 3371 ultra
908 3320 1024 3369 mare.

278 3423 494 3529 Requisitus
505 3422 536 3501 si
547 3422 600 3500 sio
615 3423 841 3528 deposuerat
850 3450 980 3530 prece,
998 3441 1194 3529 precepto,
1210 3424 1349 3500 timore
1361 3486 1370 3515 ,
1381 3452 1525 3512 amore,
1537 3427 1643 3513 odio,

223 3554 280 3632 vol
306 3554 509 3662 temporali
537 3553 700 3632 comodo
728 3552 859 3631 habito
887 3551 946 3631 vel
972 3554 1169 3646 habendo,
1199 3555 1397 3661 respondit
1420 3557 1525 3662 qnod
1550 3585 1642 3644 non,

222 3684 289 3762 scd
309 3712 378 3791 pro
403 3684 556 3762 veritate
583 3682 768 3772 dicenda3
798 3682 860 3760 cui
887 3681 961 3760 luit
976 3709 978 3712 ’
991 3683 1203 3790 injunctum
1231 3684 1336 3791 quod
1364 3713 1441 3763 non
1464 3687 1646 3764 revelaret

223 3816 318 3892 banc
338 3844 444 3893 suam
463 3814 761 3921 deposicionem,
783 3841 982 3920 quousque
1003 3815 1264 3892 attestacioncs
1284 3815 1426 3892 suerint
1442 3816 1642 3921 publicato.

276 4079 406 4155 Frater
424 4079 558 4156 Petrus
578 4075 739 4155 Pufandi
759 4076 941 4166 serviens,
963 4076 1241 4155 Lemovicensis
1262 4077 1435 4164 diocesis,
1455 4078 1569 4154 testis
1582 4108 1644 4156 su-

223 4235 288 4312 pra
304 4207 469 4314 juratus,
487 4207 734 4316 quadraginta
750 4207 867 4284 trium
886 4233 1071 4283 annorum
1090 4206 1148 4284 vel
1170 4207 1280 4297 circa,
1304 4204 1458 4283 barbam
1478 4207 1547 4287 sed
1566 4236 1642 4285 non

220 4335 442 4415 mantellum
465 4337 669 4430 defferens,
689 4337 780 4444 quia
799 4337 923 4442 ipsum
942 4336 1139 4418 dimiserat
1154 4353 1335 4416 vetustate
1356 4353 1640 4441 consumptum,

195 4529 200 4541 .
219 4494 306 4544 cum
319 4494 398 4574 qno
414 4468 638 4574 inquisitum
653 4466 792 4556 fiierat,
810 4464 1007 4545 absolutus
1027 4483 1065 4543 et
1080 4466 1343 4547 reconciliatus
1358 4495 1424 4572 per
1440 4467 1640 4545 dominum
1771 4533 1772 4536 η

219 4597 525 4676 lemovicensem
541 4599 777 4706 episcopum,
795 4596 903 4675 lectis
919 4615 957 4675 et
971 4595 1171 4702 diligenter
1185 4597 1359 4703 expositis
1374 4596 1444 4678 sibi
1461 4596 1641 4675 omnibns
1661 4591 1669 4602 ’

219 4728 429 4836 etsingulis
447 4729 633 4822 articulis,
653 4727 851 4835 respondit
870 4726 977 4834 quod
996 4726 1146 4806 nullum
1170 4727 1287 4804 alium
1302 4726 1446 4804 viderat
1464 4726 1579 4833 recipi
1600 4729 1640 4806 in

218 4857 371 4950 ordine,
388 4887 459 4936 nec
478 4857 601 4938 fuerat
619 4858 718 4936 ultra
733 4886 855 4949 mare,
870 4887 941 4938 nec
960 4857 1131 4936 adfuerat
1149 4857 1320 4964 capitulis
1340 4857 1582 4944 eorumdem,
1601 4867 1639 4935 e't
