4236 5948
344 541 414 613 rsa
726 517 921 608 rnocns
947 534 1042 606 nus
1069 533 1371 604 ruururnns.

341 677 631 786 cognominibus
648 704 726 753 non
742 675 884 752 recolit.
902 676 943 751 In
958 675 1065 780 cujus
1079 674 1298 779 recepcione
1312 671 1468 749 fuerunt
1484 691 1622 749 servata
1635 675 1761 751 omnia

341 809 568 914 illicitaque
600 808 776 913 deposuit
805 805 1045 882 intervenisse
1077 805 1114 880 in
1145 833 1229 891 sua,
1258 832 1298 880 ex
1321 832 1397 909 quo
1420 805 1521 880 idem
1547 805 1665 893 testis,
1696 806 1760 910 qui

341 941 446 1045 prius
460 967 535 1016 non
557 938 778 1026 adverterat,
797 953 950 1043 propter
961 934 1042 1042 ejus
1050 935 1308 1041 juventutem,
1324 933 1420 1010 dicta
1437 933 1564 1010 illicita
1584 933 1676 1010 lacta
1697 963 1763 1040 per

342 1099 448 1157 eum,
468 1069 588 1175 etqui
609 1096 686 1145 non
708 1066 884 1144 credebat
909 1094 1028 1170 usque
1046 1083 1138 1144 tunc
1153 1065 1258 1172 quod
1272 1064 1440 1170 predicta
1461 1063 1588 1140 illicita
1608 1065 1763 1141 interve·

343 1201 466 1277 nirent
495 1201 534 1277 in
567 1198 851 1305 recepcionibus
883 1195 1061 1284 aliorum,
1086 1196 1131 1272 ad
1162 1225 1225 1274 cor
1251 1195 1448 1283 reductus,
1478 1195 1550 1271 fuit
1573 1195 1763 1272 confessus

343 1333 389 1407 de
410 1328 588 1436 predictis
611 1328 751 1406 illicitis
771 1328 919 1403 cuidam
934 1325 1036 1403 fratri
1058 1324 1203 1402 ordinis
1222 1327 1338 1401 sancti
1357 1324 1572 1431 Augustini,
1591 1327 1763 1430 peniten-

343 1460 455 1537 ciario
476 1459 566 1535 dicti
583 1457 728 1535 domini
750 1485 844 1564 pape
860 1456 1028 1545 Martini,
1052 1456 1159 1562 cujus
1175 1483 1314 1533 nomen
1328 1472 1367 1539 et
1379 1482 1587 1561 cognomen
1603 1456 1762 1561 ignorat.

343 1590 372 1664 A
392 1618 468 1695 quo
489 1588 627 1664 exstitit
647 1587 858 1675 absolutus,
884 1603 921 1663 et
942 1586 1123 1691 imposuit
1143 1585 1175 1661 ei
1194 1585 1299 1691 quod
1314 1585 1504 1692 jejunaret
1526 1585 1656 1691 quinta
1674 1583 1765 1661 seria

344 1720 382 1795 in
400 1747 495 1826 pane
511 1736 658 1826 etaqua
673 1746 909 1823 perannum,
925 1733 962 1793 et
975 1716 1079 1822 quod
1095 1743 1170 1792 non
1185 1733 1436 1822 perseveraret
1446 1715 1485 1790 in
1500 1714 1604 1792 dicto
1621 1743 1763 1801 errore,

345 1867 382 1925 et
401 1849 505 1955 quod
526 1847 781 1925 transfretaret
799 1876 912 1955 quam
934 1847 1040 1953 prius
1059 1863 1206 1953 posset;
1230 1875 1305 1953 que
1325 1846 1453 1925 omnia
1478 1846 1695 1951 complevit,
1724 1862 1767 1921 ut

346 1978 447 2054 dixit.
466 1979 568 2055 Ultra
587 2005 687 2057 mare
705 2005 790 2054 vero
808 1978 987 2062 existens,
1010 1977 1102 2054 vidit
1120 1976 1235 2084 recipi
1257 1977 1465 2054 secundum
1487 1976 1665 2053 eumdem
1687 2005 1767 2053 mo-

346 2109 437 2183 dum
467 2107 716 2187 conl'essatum
745 2136 812 2214 per
832 2136 936 2197 eum,
960 2108 998 2183 in
1021 2108 1184 2215 quadam
1210 2135 1354 2184 camera
1376 2108 1513 2187 domus
1540 2104 1690 2213 Templi
1718 2106 1765 2181 de

345 2237 514 2343 Sydone,
532 2237 684 2314 fratrem
700 2237 924 2315 Durandum
945 2238 1065 2314 Lastic
1090 2237 1313 2315 servientem
1334 2237 1381 2313 de
1402 2237 1589 2325 Alvernia,
1611 2236 1678 2342 qui
1701 2235 1767 2311 de-

346 2370 486 2445 tinetur
505 2367 606 2474 apud
626 2368 818 2458 Riomum,
841 2385 929 2445 sunt
948 2369 1094 2444 circiter
1113 2394 1200 2446 xxm
1220 2368 1325 2459 anni,
1351 2396 1419 2473 per
1433 2368 1583 2445 fratrem
1608 2367 1768 2443 Adema·

346 2527 431 2572 rum
445 2497 492 2573 de
502 2499 663 2604 Peyruza
675 2499 834 2575 diocesis
845 2497 1107 2585 nuthenensis,
1119 2497 1278 2581 militem
1288 2500 1494 2606 quondam,
1506 2516 1765 2606 preceptorem

346 2645 435 2706 tunc
449 2628 547 2705 dicte
565 2629 717 2720 domus,
732 2630 972 2735 presentibus
985 2647 1149 2735 quatuor
1162 2629 1292 2736 viginti
1306 2629 1484 2708 fratribus
1495 2648 1533 2706 et
1542 2630 1656 2718 ultra,
1669 2630 1769 2704 inter
1830 2720 1833 2727 Ι

348 2786 442 2862 quos
468 2772 573 2834 erant
597 2758 728 2834 fratres
754 2759 886 2835 Petrus
911 2759 958 2834 de
985 2759 1116 2836 Rubeo
1142 2760 1241 2835 Lacu
1256 2759 1571 2838 Claramontensis
1591 2757 1767 2845 diocesis,

347 2888 592 2995 Raymundus
617 2889 664 2965 de
681 2890 856 2995 Spinasso
878 2890 1129 2994 provincialis,
1145 2886 1364 2995 Aymericus
1382 2892 1552 2970 Satomes
1573 2890 1620 2965 de
1637 2889 1771 2967 Catha-

349 3018 449 3094 lonia
470 3018 624 3108 milites,
647 3021 711 3126 qui
736 3048 869 3099 omnes
893 3036 1100 3126 potuerunt
1119 3017 1245 3095 videre
1266 3039 1305 3098 et
1324 3022 1455 3105 audire
1476 3019 1669 3128 quomodo
1689 3047 1771 3124 pre·

348 3149 445 3225 dicta
462 3149 591 3225 illicita
606 3148 823 3256 agebantur.
841 3148 946 3227 Vidit
964 3150 1080 3225 eciam
1099 3176 1166 3254 per
1186 3151 1365 3228 eumdem
1381 3151 1541 3229 modum
1561 3149 1674 3255 recipi
1692 3148 1766 3224 fra-

349 3295 444 3353 trem
463 3279 685 3355 Durandum
703 3278 899 3356 Charnerii
918 3280 1157 3368 servientem,
1177 3281 1493 3361 Claramontensis
1512 3279 1684 3367 diocesis,
1704 3279 1771 3385 qui

351 3408 541 3484 detinetur
561 3408 663 3514 apud
676 3408 872 3496 Riomum‚
891 3410 929 3484 in
942 3409 1104 3515 quadam
1120 3440 1264 3491 camera
1278 3412 1416 3488 domus
1430 3409 1581 3514 Templi
1595 3409 1642 3485 de
1653 3409 1772 3486 sellis

351 3537 447 3612 dicte
464 3538 779 3616 Claramontensis
800 3538 974 3627 diocesis,
997 3567 1064 3644 per
1083 3539 1235 3618 fratrem
1255 3542 1410 3618 Petrum
1426 3541 1474 3618 de
1491 3539 1632 3617 Madito
1645 3541 1773 3644 predi·

351 3685 473 3753 ctum,
495 3669 560 3775 qui
586 3667 701 3745 [lebat
725 3668 876 3773 quando
897 3669 1126 3775 precipiebat
1147 3671 1313 3777 predicta
1334 3669 1462 3746 illicita
1488 3667 1587 3758 fieri,
1620 3686 1659 3746 et
1682 3675 1774 3746 sunt

351 3827 426 3876 xnn
444 3800 529 3874 anni
551 3800 608 3876 vel
625 3799 735 3890 circa;
753 3816 791 3876 et
809 3798 1012 3877 adsuerunt
1032 3799 1162 3878 fratres
1182 3802 1369 3880 Robertus
1388 3801 1603 3886 Charnerii,
1620 3801 1685 3904 qui
1707 3801 1774 3876 ad·

351 3927 444 4034 sugit
471 3930 508 4004 in
536 3929 712 4035 capcione
735 3928 912 4018 aliorum,
937 3947 975 4007 et
995 3932 1198 4009 Durandus
1222 3932 1419 4011 Charnerii
1448 3947 1644 4036 preceptor
1671 3930 1772 4005 dicte

351 4059 502 4148 domus,
525 4062 703 4151 serviens,
723 4061 957 4167 propinquus
978 4062 1066 4138 dicti
1083 4062 1268 4149 Durandi,
1296 4079 1333 4138 et
1356 4061 1548 4140 Gubertus
1573 4060 1773 4166 presbiter,

351 4207 499 4266 curatus
521 4206 611 4266 tunc
631 4190 729 4266 dicte
751 4191 904 4281 domus,
926 4191 1119 4268 deffuncti.
1144 4193 1248 4271 Vidit
1266 4192 1382 4268 eciam
1403 4220 1471 4297 per
1494 4190 1671 4268 eumdem
1696 4219 1776 4268 mo·

352 4321 442 4397 dum
469 4322 599 4425 recipi,
628 4339 716 4398 sunt
742 4349 810 4400 xxv
832 4323 921 4409 anni
945 4323 1002 4399 vel
1029 4326 1141 4412 circa,
1171 4325 1209 4401 in
1234 4324 1376 4431 capella
1396 4323 1532 4400 domus
1554 4321 1704 4427 Templi
1727 4322 1775 4399 de

352 4453 520 4557 sydone,
540 4450 691 4527 fratrem
712 4451 961 4530 Guillelmum
978 4455 1223 4561 Flamengum
1244 4454 1421 4543 militem,
1445 4454 1550 4560 cujus
1564 4479 1776 4560 cognomen

354 4583 518 4684 ignorat,
535 4580 582 4657 de
599 4583 705 4688 cujus
720 4584 791 4659 vita
807 4583 864 4659 vel
880 4602 1001 4661 morte
1017 4612 1093 4661 non
1109 4583 1223 4661 habet
1237 4584 1522 4671 certitudinem,
1546 4611 1613 4687 per
1629 4583 1774 4659 dictum

353 4709 502 4784 fratrem
534 4710 762 4787 Ademarum
794 4714 840 4791 de
869 4715 1048 4820 Peyruza,
1092 4714 1329 4820 presentibus
1359 4715 1463 4821 quasi
1500 4711 1677 4790 omnibus
1708 4714 1774 4818 qui

352 4838 546 4915 adsuerant
576 4841 612 4915 in
643 4842 861 4947 recepcione
891 4843 1048 4950 predicti
1080 4843 1202 4922 fratris
1235 4844 1406 4925 Durandi
1435 4842 1566 4921 Lastic.
1601 4841 1774 4922 Plurium
