4236 5948
735 561 931 653 annuas
956 580 1053 652 ons
1079 580 1378 653 ruuntrnns.
1693 578 1764 656 aas

348 749 424 799 non
445 748 514 826 pro
536 720 611 796 suis
631 721 807 825 peccatis,
837 722 904 797 sed
926 749 994 825 pro
1016 722 1168 808 nostris,
1194 740 1232 797 et
1256 751 1275 796 a
1296 721 1454 797 mortuis
1473 720 1535 796 die
1554 723 1665 797 tercia
1685 752 1767 800 snr-

348 852 495 928 rexisse.

403 980 462 1056 Ad
481 1005 662 1058 vin—xix
678 978 853 1056 articulos
872 982 1027 1086 negavit.

403 1110 462 1186 Ad
477 1138 523 1186 xx
540 1110 738 1188 articulum
753 1111 998 1216 respondens,
1016 1111 1162 1215 negavit
1177 1139 1263 1187 eum
1280 1129 1316 1186 et
1330 1111 1454 1189 omnia
1469 1130 1506 1188 et
1523 1112 1666 1219 singula
1683 1143 1771 1190 con·

347 1259 448 1318 tenta
464 1242 503 1316 in
515 1268 577 1332 eo,
589 1240 752 1317 adiciens
766 1241 869 1346 quod
879 1241 1310 1347 quocienscumqueipse
1323 1242 1450 1318 missas
1464 1240 1677 1331 celebravit,
1691 1245 1768 1350 ipse

350 1373 442 1448 dixit
457 1373 519 1448 illa
534 1372 644 1449 verba
665 1369 745 1475 [per
764 1400 827 1474 que
847 1370 1030 1477 ef]licitur
1049 1399 1185 1477 corpus
1205 1372 1342 1448 Christi
1364 1390 1402 1448 et
1422 1374 1502 1479 ejus
1517 1375 1665 1479 sanguis
1684 1405 1768 1479 pre-

347 1504 481 1582 ciosus.

404 1633 462 1712 Ad
481 1661 696 1711 xxi-xxnu
716 1633 891 1710 articulos
909 1634 1066 1738 negavit.
1493 1722 1496 1727 ¹

404 1763 462 1840 Ad
478 1789 545 1841 xxv
563 1761 760 1839 articulum
779 1762 1023 1869 respondens,
1042 1763 1187 1867 negavit
1200 1763 1288 1868 [cnm
1304 1762 1444 1870 Ia]ycus
1463 1763 1575 1840 fuerit
1593 1765 1766 1842 visitator.

349 1894 424 1970 Sed
443 1894 472 1969 si
493 1892 679 1997 presbiter
694 1892 823 1981 fuerit,
845 1894 1011 1998 quamvis
1031 1920 1107 1970 non
1126 1892 1260 1972 viderit
1280 1893 1440 2000 aliquem
1463 1893 1680 2000 [visitatorem
1695 1895 1766 2000 qui]

348 2043 443 2101 esset
462 2023 654 2128 presbiter,
677 2022 795 2099 credit
814 2021 918 2128 quod
938 2040 1061 2128 posset
1086 2023 1275 2101 absolvere
1298 2053 1317 2099 a
1340 2024 1515 2129 peccatis,
1542 2025 1588 2100 de
1613 2024 1765 2103 licencia

346 2174 470 2231 tantan
490 2156 546 2231 sui
563 2154 764 2260 superioris
784 2153 927 2261 prelati.

402 2283 459 2360 Ad
479 2309 725 2362 xxvi—xxvia
743 2282 918 2359 articulos
933 2283 1089 2387 negavit.

402 2414 459 2490 Ad
479 2441 561 2489 xxxx
586 2411 781 2489 articulum
801 2412 1050 2516 respondens,
1075 2413 1220 2517 negavit
1245 2441 1332 2490 eum
1358 2431 1395 2489 et
1422 2414 1545 2491 omnia
1566 2433 1603 2490 et
1622 2416 1765 2522 singula

345 2562 516 2622 contenta
540 2544 579 2617 in
606 2571 668 2629 eo,
697 2570 766 2617 nec
791 2541 911 2618 credit
928 2568 998 2616 nec
1016 2558 1071 2617 est
1093 2539 1188 2617 fides
1215 2542 1294 2647 ejus
1319 2542 1423 2646 quod
1448 2543 1570 2619 dictus
1593 2545 1765 2648 Magister

345 2673 535 2751 confessus
555 2671 667 2749 fuerit
691 2689 863 2749 contenta
876 2671 916 2746 in
932 2670 1089 2747 articulo
1108 2670 1336 2775 supradicto,
1359 2670 1457 2746 salvo
1475 2689 1600 2748 tamen
1619 2671 1763 2750 honore

346 2823 383 2880 et
400 2803 607 2880 reverencia
623 2801 764 2880 domini
779 2800 897 2877 nostri
916 2800 1053 2877 summi
1072 2799 1259 2905 pontilicis
1275 2817 1310 2875 et
1331 2797 1483 2878 fratrum
1497 2803 1577 2908 ejus
1592 2803 1761 2879 domino·

343 2965 427 3011 rum
448 2931 707 3022 cardinalium,
731 2930 929 3038 dequibus
944 2931 1065 3037 agitur
1079 2930 1118 3006 in
1137 2930 1303 3006 articulo,

400 3066 457 3140 Ad
492 3093 560 3141 xxx
587 3062 781 3140 articrdum
811 3062 1059 3168 respondens,
1086 3060 1230 3166 negarit
1253 3078 1425 3138 contenta
1457 3063 1495 3137 in
1525 3089 1585 3149 eo,
1610 3081 1761 3168 excepto

345 3197 464 3302 quod,
485 3214 570 3301 post
586 3196 859 3301 recepcionem,
876 3193 1058 3296 recipiens
1078 3191 1265 3268 osculatur
1276 3192 1314 3266 in
1329 3219 1393 3268 ore
1411 3210 1554 3269 tantum
1570 3212 1761 3299 receptum

343 3328 381 3401 in
402 3326 563 3403 fratrem.

400 3455 459 3531 Ad
473 3482 721 3532 xxxi-xxxin
740 3454 914 3533 articulos
933 3455 1087 3560 negarit.

398 3585 818 3661 admirationum
846 3585 1094 3691 respondens,
1126 3585 1323 3661 confitetur
1348 3585 1470 3689 ipsum
1504 3585 1701 3661 articulum
1726 3602 1762 3660 et

344 3732 516 3790 contenta
539 3716 577 3789 in
598 3743 659 3802 eo,
692 3742 736 3791 eo
762 3715 879 3792 modo
904 3716 968 3820 qui
993 3715 1173 3820 sequitur,
1196 3714 1300 3820 quod
1319 3716 1500 3819 recipiens
1524 3714 1610 3791 facit
1633 3715 1760 3820 jurare

343 3863 534 3949 receptum
561 3845 664 3950 quod
683 3873 751 3951 pro
777 3845 848 3922 alio
868 3845 1000 3923 ordine
1020 3845 1150 3951 majori
1172 3845 1229 3921 vel
1253 3846 1389 3923 minori
1405 3874 1479 3921 non
1498 3863 1601 3922 exeat
1615 3873 1684 3921 nec
1701 3876 1760 3922 re-

343 3977 488 4084 linquat
507 3976 678 4053 ordinem
698 3975 1010 4082 Templariornm.
1356 3955 1359 3961 Ι

397 4108 455 4183 Ad
471 4135 561 4185 xxxv
575 4108 770 4184 articulum
780 4108 1024 4213 respondens,
1046 4106 1242 4184 confitetur
1261 4108 1382 4212 ipsum
1400 4125 1437 4182 et
1456 4123 1627 4184 contenta
1642 4106 1681 4181 in
1700 4135 1757 4183 eo.

343 4239 418 4316 Sed
433 4240 621 4316 racionem
639 4268 753 4344 quare
771 4257 858 4315 sunt
876 4237 1031 4345 professi
1045 4238 1290 4316 incontinenti
1307 4239 1445 4343 recepti
1461 4239 1499 4313 in
1515 4238 1613 4314 dicto
1629 4237 1758 4314 ordine

341 4368 433 4444 dixit
452 4398 491 4445 se
513 4370 671 4458 nescire,
693 4369 759 4447 sed
779 4371 831 4446 sic
848 4370 1009 4446 habetur
1029 4368 1075 4447 de
1095 4397 1199 4446 more
1219 4387 1256 4445 et
1277 4368 1464 4445 observata
1486 4367 1758 4445 consuetudine

341 4498 428 4573 dicti
450 4499 607 4603 Templi.

396 4631 454 4706 Ad
473 4657 578 4708 xxxvi
605 4630 800 4707 articulum
830 4632 1074 4737 respondens,
1106 4632 1198 4708 dixit
1220 4632 1322 4735 quod
1347 4629 1584 4734 recepciones
1602 4628 1756 4705 fratrum

342 4762 428 4836 dicti
456 4762 598 4838 ordinis
621 4761 715 4838 finnt
735 4763 964 4868 ubicumque
985 4791 1050 4840 eos
1065 4763 1150 4839 fieri
1176 4762 1371 4866 contingit,
1393 4759 1568 4838 omnibus
1583 4760 1755 4845 exclusis,

342 4894 504 4998 exceptis
525 4892 701 4970 fratribus
724 4894 812 4970 dicti
837 4893 996 4984 ordinis,
1017 4893 1148 4973 clausis
1163 4893 1286 5002 januis
1312 4891 1384 4969 loci
1403 4891 1469 4969 ubi
1491 4890 1694 4999 capitulum
1714 4889 1758 4964 fit
