4236 5948
356 533 424 601 102
739 525 933 600 PROCES
960 528 1053 599 DES
1080 526 1382 600 TEMPLIERS.

351 669 565 774 Requisitus
586 665 667 755 ubi,
689 667 860 772 quando,
883 696 902 741 a
923 694 999 773 quo
1029 683 1067 742 et
1092 665 1254 771 qualiter
1281 666 1357 773 ipse
1382 684 1419 742 et
1440 666 1562 743 dictus
1582 669 1771 748 lohannes

351 799 490 906 recepti
506 797 667 887 fuerant,
685 797 880 904 respondit
894 825 933 874 se
949 797 1061 874 luisse
1075 814 1270 903 receptum
1287 796 1325 871 in
1341 797 1482 904 capella
1503 798 1638 877 domus
1658 803 1772 878 Tem·

350 931 402 1036 pli
419 930 466 1006 de
481 929 599 1006 Podio
614 928 754 1005 Revelli
775 928 1000 1004 Pictavensis
1016 927 1191 1017 diocesis,
1209 944 1248 1003 et
1267 957 1334 1033 per
1350 926 1503 1005 fratrem
1520 928 1769 1009 Guillelmum

350 1061 397 1136 de
416 1059 525 1137 Blera
546 1076 805 1164 preceptorem
828 1057 925 1135 dicte
947 1058 1099 1149 domus,
1121 1058 1189 1162 qui
1209 1057 1403 1136 detinetur
1416 1060 1516 1164 apud
1537 1059 1769 1166 Caynonem,

351 1191 537 1268 dominica
551 1206 635 1296 post
650 1190 789 1266 instans
806 1187 943 1266 festum
959 1188 1160 1265 nativitatis
1175 1189 1275 1266 beati
1288 1190 1469 1266 lobannis
1481 1191 1643 1295 Baptiste
1660 1210 1772 1269 erunt

350 1350 383 1397 χι
402 1321 489 1397 anni
509 1319 566 1396 vel
587 1319 699 1408 circa,
717 1318 956 1424 presentibus
975 1317 1153 1395 fratribus
1173 1318 1381 1397 Guillelmo
1401 1319 1646 1409 Charbonen,
1669 1320 1771 1399 Gua-

348 1452 454 1527 lredo
470 1451 606 1527 Prioris
618 1467 656 1526 et
668 1449 888 1557 Raymondo
903 1451 1077 1557 Pogneuz
1092 1450 1359 1537 servientibus,
1381 1450 1598 1539 deffunctis,
1613 1451 1652 1527 in
1668 1451 1770 1529 hunc

349 1582 507 1659 modum
525 1609 637 1657 :nam
654 1609 740 1656 cum
757 1580 931 1685 peciisset
948 1581 1138 1656 caritatem
1157 1596 1194 1655 et
1212 1579 1427 1656 societatem
1444 1578 1601 1656 fratrum
1612 1579 1767 1671 ordinis,

349 1728 387 1788 et
406 1739 629 1818 responsum
653 1709 784 1788 fnisset
806 1711 840 1786 ei
863 1711 967 1816 quod
987 1711 1271 1817 grandem-rem
1294 1708 1459 1815 petebat,
1483 1726 1520 1785 et
1539 1709 1647 1814 quod
1671 1710 1768 1788 bene

350 1841 755 1928 deliberaret,tandem
769 1841 855 1947 ipso
875 1840 1038 1918 instante
1049 1869 1088 1917 se
1109 1840 1239 1945 recipi,
1258 1838 1383 1916 dictus
1397 1856 1580 1945 receptor,
1603 1867 1769 1917 annuens

348 1972 441 2048 votis
461 1971 557 2078 ejus,
580 1970 668 2048 fecit
695 1999 782 2048 euin
809 1999 940 2048 vovere
965 1988 1003 2046 et
1021 1971 1148 2076 jurare
1179 1971 1400 2057 castitatem,
1423 1968 1702 2058 obedienciam,
1732 1987 1770 2046 et

348 2102 467 2177 rivere
483 2101 563 2178 sine
578 2101 747 2208 proprie,
765 2117 804 2176 et
818 2128 961 2176 servare
977 2101 1075 2176 bona
1092 2117 1131 2176 et
1146 2100 1369 2177 elemosinas
1385 2099 1545 2188 ordinis;
1564 2126 1642 2203 quo
1655 2097 1766 2187 facto,

351 2231 532 2337 imposuit
548 2228 629 2306 sibi‘
639 2229 880 2317 mantellum,
896 2246 935 2305 et
952 2247 1028 2306 tam
1044 2233 1124 2334 ipse
1140 2259 1253 2336 quam
1266 2229 1329 2306 alii
1345 2247 1506 2305 astantes
1519 2228 1675 2305 osculati
1687 2229 1769 2306 lue·

349 2379 439 2436 runt
457 2389 544 2436 eum
558 2361 598 2436 in
609 2388 686 2437 ore.
698 2361 828 2437 Dictus
843 2388 930 2437 vero
947 2361 1137 2438 lohannes
1151 2377 1323 2466 receptus
1337 2358 1409 2436 fnit
1429 2359 1469 2435 in
1480 2359 1612 2436 eadem
1628 2358 1768 2465 capella

349 2509 387 2568 et
409 2520 476 2597 per
500 2490 678 2567 eumdem
700 2508 948 2596 receptorem,
971 2492 1010 2567 in
1034 2490 1205 2597 proximo
1231 2491 1326 2567 festo
1352 2488 1666 2567 Annunciacionis
1691 2490 1768 2567 Do-

350 2622 486 2699 miniee
506 2637 620 2697 crunt
639 2638 723 2697 octo
742 2622 830 2697 anni
850 2621 910 2698 vel
930 2621 1041 2709 circa,
1061 2621 1300 2727 presentibus
1319 2619 1496 2697 fratribus
1516 2619 1766 2699 GerardoJu-

350 2753 442 2828 dicis
463 2751 510 2828 de
531 2750 767 2857 Auginhaco,
788 2768 884 2828 teste
905 2779 1016 2857 supra
1045 2752 1272 2840 examinato,
1290 2750 1468 2828 Iohanne·
1483 2750 1709 2856 deUssayo,
1731 2769 1769 2826 et

347 2881 552 2960 Guillelmo
568 2881 605 2959 lo
623 2882 734 2958 Breto
748 2881 1013 2968 servientibus,
1036 2882 1252 2968 deffunctis3
1268 2883 1307 2957 in
1323 2881 1431 2986 cujus
1442 2881 1625 2958 lobannis
1639 2909 1769 2987 recep·

348 3013 454 3088 cione
474 3012 642 3119 predicta
660 3011 759 3088 licita
776 3011 869 3086 sacta
890 3012 929 3085 in
950 3040 1016 3087 sua
1036 3012 1254 3117 recepcione
1282 3028 1420 3086 servata
1439 3010 1604 3086 luerunt.
1627 3009 1767 3115 Requi-

351 3143 444 3219 situs
461 3142 490 3218 si
508 3143 576 3218 scit
595 3142 653 3219 vel
676 3141 797 3217 credit
814 3141 918 3246 qnod
937 3140 1105 3246 predicta
1120 3141 1247 3218 illicita
1263 3140 1302 3217 in
1319 3140 1486 3217 articulis
1502 3156 1692 3229 contenta,
1709 3139 1767 3216 vel

348 3272 471 3378 aliqua
492 3273 621 3362 exeis,
642 3291 707 3349 aut
725 3271 851 3378 aliqua
866 3273 938 3349 alia
955 3273 1225 3351 intervenirent
1242 3275 1281 3350 in
1299 3272 1584 3378 recepcionibus
1604 3271 1766 3349 aliorum

347 3404 405 3478 vel
424 3419 526 3508 post,
550 3401 643 3478 dixit
669 3430 708 3479 se
728 3403 889 3488 nescire;
921 3403 1041 3480 credit
1069 3421 1212 3491 tamen,
1248 3422 1402 3510 propter
1431 3403 1498 3479 illa
1515 3430 1590 3509 que
1611 3429 1767 3510 magnus

348 3533 523 3641 Magister
538 3533 651 3611 etalii
672 3535 710 3609 in
731 3533 869 3612 litteris
888 3533 1104 3640 apostolicis
1117 3535 1299 3610 nominati
1322 3532 1479 3611 confessi
1498 3531 1611 3610 fuisse
1632 3533 1767 3611 dicun·

347 3680 420 3752 tur,
446 3665 550 3768 quod
576 3666 614 3739 in
638 3664 851 3771 aliquorum
875 3663 1160 3771 recepcionibus
1184 3663 1309 3770 aliqua
1334 3663 1463 3741 illicita
1483 3662 1764 3741 intervenimnt.

347 3792 527 3870 iurabant
550 3795 654 3900 quod
677 3823 752 3871 non
772 3796 915 3871 exirent
939 3795 1132 3883 ordinem,
1155 3812 1192 3872 et
1211 3794 1335 3872 statim
1359 3822 1429 3898 pro
1454 3793 1632 3899 professis
1649 3792 1766 3869 babe-

250 3936 253 3942 '
350 3924 498 4002 bantur.
529 3924 772 4002 Clandestine
797 3925 1091 4030 recipiebantur,
1119 3925 1261 4002 scilicet
1290 3924 1404 4000 nullis
1428 3923 1764 4030 presentibusnisi

348 4055 522 4134 fratribus
546 4057 706 4144 ordinis,
739 4057 933 4135 et-credit
949 4057 1054 4163 qnod
1079 4087 1122 4134 ex
1143 4058 1214 4134 hoc
1241 4057 1450 4134 habebatur
1481 4055 1578 4131 mala
1601 4055 1764 4160 suspicio

345 4204 474 4263 contra
502 4216 576 4264 eos.
611 4188 670 4264 De
692 4186 814 4294 ydolis
835 4214 911 4263 non
932 4187 1072 4264 audivit
1096 4187 1217 4294 loqui,
1246 4187 1313 4264 sed
1334 4184 1499 4264 cordulis
1518 4183 1766 4290 cingebantur

343 4317 541 4422 assumptis
553 4317 657 4394 unde
669 4316 862 4407 volebant,
873 4318 916 4393 in
932 4318 1081 4424 signum
1096 4319 1281 4394 castitatis.
1297 4317 1372 4411 Qui
1386 4315 1613 4393 revelassent
1622 4330 1766 4390 secreta

341 4446 593 4552 capitulorum
624 4448 747 4552 puniti
772 4445 933 4525 fuissent
947 4511 955 4538 ,
971 4448 1056 4524 ··sed
1070 4449 1197 4526 nescit
1225 4448 1400 4554 qualiter.
1426 4445 1579 4551 Absque
1594 4443 1765 4519 licencia
1791 4440 1795 4447 ’

343 4605 420 4652 non
458 4593 639 4681 poterant⁴
666 4577 839 4654 confiteri
880 4578 1105 4683 aliis-quam
1135 4577 1393 4655 sacerdotibus
1423 4575 1583 4658 ordinis,
1618 4589 1656 4650 et
1692 4572 1766 4650 hoc

345 4836 577 4943 negligentes
604 4837 759 4916 fuerunt
785 4841 969 4944 quianon
996 4857 1240 4917 correxerunt
1251 4866 1323 4915 eos
1347 4865 1417 4915 nec
1441 4836 1766 4913 denunciaverunt
