4236 5948
600 527 794 620 procus
826 545 924 618 nus
955 546 1263 620 reuersum.
1568 553 1641 624 207

220 690 288 769 sibi
317 684 500 765 mantello
524 689 695 776 recessit,
729 689 816 795 quia
849 687 1035 796 cogitabat
1063 687 1167 794 quod
1191 686 1299 766 lieret
1331 687 1533 796 abnegacio
1560 721 1644 799 pre-

221 821 332 911 dicta,
354 837 392 897 et
411 817 730 896 recommendavit
754 846 842 895 eum
867 818 1052 924 receptori
1072 818 1162 896 dicti
1180 817 1399 905 Guillelmi,
1421 820 1487 925 qui
1509 819 1645 897 attine-

218 950 281 1028 bat
308 948 436 1027 eidem
467 947 574 1039 testi3
607 966 644 1026 et
673 947 831 1025 fratrum
859 948 1027 1056 Hugonis
1057 948 1105 1024 de
1135 948 1272 1026 Anesio
1299 949 1534 1027 Turonensis
1561 951 1645 1028 dio-

219 1080 328 1173 cesis,
361 1097 400 1157 et
427 1077 623 1158 Guillelmi
655 1080 766 1187 luyto
798 1079 967 1187 ejusdem
999 1079 1158 1157 diocesis
1187 1079 1373 1171 militum,
1405 1097 1644 1186 receptorum

218 1210 372 1290 insimul
403 1210 442 1287 in
467 1209 609 1316 capella
631 1210 769 1289 domus
788 1208 938 1315 Templi
960 1210 1008 1287 de
1028 1209 1157 1288 Auson
1185 1210 1224 1286 in
1249 1208 1428 1315 capitulio
1458 1211 1642 1317 generali,

219 1359 382 1420 suntxv1
404 1340 493 1416 anni
516 1338 650 1446 elapsi,
677 1369 745 1447 per
763 1340 907 1418 dictum
927 1340 1080 1417 fratrem
1101 1340 1368 1432 Amblardum‚
1387 1357 1431 1418 ut
1450 1340 1522 1418 sibi
1542 1343 1645 1418 vide-

219 1490 294 1558 tur,
327 1469 567 1577 presentibus
596 1470 881 1576 preceptoribus
912 1488 950 1547 et
978 1470 1157 1548 fratribus
1187 1471 1254 1578 qui
1292 1488 1567 1548 consueverunt
1596 1474 1643 1550 ad

220 1601 363 1678 dictum
391 1600 598 1707 capitulum
620 1601 836 1689 convenire3
872 1619 910 1678 et
928 1600 1050 1679 fratris
1082 1600 1251 1710 Hugonis
1276 1601 1323 1677 de
1347 1599 1515 1708 Relbeyo
1544 1603 1644 1711 ejus-

220 1731 305 1808 dem
330 1729 488 1808 diocesis
507 1729 654 1818 militis,
675 1733 815 1837 recepti
835 1732 937 1837 apud
961 1731 1063 1810 Auso
1095 1732 1134 1808 in
1162 1730 1337 1836 capitulio
1361 1732 1543 1838 generali,
1577 1762 1644 1838 per

219 1860 361 1937 dictum
381 1859 535 1939 fratrem
559 1859 814 1954 Gaufredum,
835 1889 904 1968 per
933 1890 1053 1940 unum
1083 1890 1224 1939 annum
1251 1861 1309 1937 vel
1338 1862 1433 1939 circa
1452 1880 1537 1940 ante
1559 1893 1644 1969 cap-

221 1992 367 2068 cionem
388 2019 541 2083 eorum,
562 2019 632 2068 nec
662 2018 740 2068 non
766 2008 804 2068 et
834 1991 1030 2099 cujusdam
1051 1991 1204 2069 alterius
1220 1989 1346 2067 fratris
1365 1990 1511 2081 militis,
1536 1993 1644 2099 cujus

218 2148 360 2198 nomen
389 2139 427 2198 et
462 2148 672 2230 cognomen
705 2121 874 2229 ignorat,
902 2120 971 2198 lilii
1004 2122 1158 2201 domine
1175 2122 1239 2199 de
1272 2120 1393 2226 Cloye
1421 2122 1644 2200 Pictavensis

219 2251 393 2342 diocesis,
419 2251 559 2358 recepti
587 2253 627 2327 in
655 2251 755 2329 dicto
775 2252 861 2331 loco
891 2252 939 2330 de
964 2251 1083 2344 Auso,
1102 2253 1140 2330 in
1167 2252 1268 2331 dicto
1294 2250 1473 2357 capitulio
1500 2254 1540 2329 in
1566 2281 1644 2360 quo

218 2398 391 2487 receptus
410 2379 531 2458 lueret
546 2382 670 2459 dictus
689 2381 820 2491 Hugo;
842 2381 909 2459 sed
932 2400 1088 2488 propter
1107 2381 1343 2460 nobilitatem
1369 2400 1407 2459 et
1430 2383 1643 2487 potenciam

219 2510 406 2588 dictorum
431 2529 594 2618 quatuor
619 2509 785 2589 militum
814 2529 853 2588 et
874 2513 1083 2590 amicorum
1117 2512 1358 2601 eorumdem,
1379 2540 1456 2589 non
1475 2513 1645 2592 fecerunt

218 2641 510 2749 abnegccionem
533 2642 759 2748 predictam,
785 2669 854 2718 nec
882 2640 955 2719 suit
980 2659 1200 2749 preceptum
1232 2643 1393 2730 eisdem,
1421 2670 1490 2720 nec
1520 2643 1644 2749 alique

217 2769 288 2847 alic
311 2770 441 2850 illicita
469 2772 751 2849 intervenerunt
775 2772 814 2847 in
840 2771 1124 2878 recepcionibus
1155 2799 1287 2848 eorum
1315 2798 1384 2847 nec
1411 2790 1512 2877 post,
1539 2775 1644 2880 quod

218 2900 296 3005 ipse
315 2900 463 2978 sciverit
490 2901 548 2978 vel
573 2900 759 2978 audiverit
782 2900 869 2977 dici.
890 2901 1107 3006 Requisitus
1132 2901 1163 2977 si
1191 2901 1276 2990 scit,
1303 2899 1438 2988 credit,
1460 2899 1519 2976 vel
1540 2901 1645 2977 audi-

218 3030 310 3106 verit
333 3029 408 3107 dici
429 3030 535 3137 quod
556 3031 681 3138 aliqua
703 3029 774 3106 ulia
794 3028 923 3106 illicita
950 3047 1076 3137 preter
1102 3029 1241 3106 dictem
1265 3027 1556 3136 abnegacicnem
1586 3032 1644 3106 iu-

217 3163 445 3238 tervenirent
475 3163 514 3236 in
544 3160 829 3267 recepcionibus
861 3160 1020 3238 fratrum
1051 3159 1195 3237 ordinis
1225 3159 1284 3238 vel
1313 3176 1419 3266 post,
1447 3160 1644 3267 respondit

218 3291 323 3398 quod
349 3292 601 3370 communiter
626 3291 904 3398 precipiebatur
928 3292 981 3368 eis
1005 3291 1112 3399 quod
1139 3290 1376 3396 aoqtrirerent
1405 3290 1529 3368 ordini
1558 3294 1645 3398 qui-

218 3421 456 3528 buscumque
476 3423 599 3500 modis
622 3440 792 3529 possent,
820 3440 858 3500 et
872 3423 1055 3501 licetnon
1081 3420 1316 3500 declararent
1329 3420 1443 3500 licitis
1456 3421 1515 3499 vel
1533 3421 1645 3500 illici·

218 3553 279 3641 tis,
297 3553 409 3631 verba
428 3570 557 3631 temen
571 3554 738 3660 predicta
754 3553 1003 3631 imminebant
1019 3555 1056 3658 (l)
1082 3554 1171 3643 boc,
1189 3571 1226 3630 et
1246 3554 1294 3631 de
1309 3551 1407 3630 lacto
1425 3552 1646 3661 frequenter

219 3683 416 3761 servabant
434 3684 629 3790 quomodo
646 3701 832 3792 poterant.
854 3685 964 3774 Item,
983 3684 1077 3761 dixit
1094 3712 1133 3760 se
1155 3684 1292 3762 vidisse
1312 3685 1417 3790 quod
1434 3683 1565 3763 fratres
1583 3688 1645 3762 Jo-
1762 3684 1767 3695 ’

219 3811 524 3892 hennesGodelli
539 3813 587 3891 de
599 3815 775 3902 Turonis,
791 3832 828 3890 et
844 3814 1000 3920 quidam
1008 3813 1104 3892 clius
1121 3814 1284 3890 serviens
1299 3812 1415 3903 stulti,
1428 3815 1646 3893 minxerunt

220 3942 337 4019 semel
366 3944 406 4019 in
430 3944 528 4049 pede
561 3944 755 4050 cujusdam
783 3945 902 4021 crucis
935 3944 1059 4051 lignee
1090 3959 1212 4021 erecte
1240 3945 1281 4020 iu
1309 3944 1510 4022 cimitterio
1546 3945 1645 4020 dicte

222 4072 358 4149 domus
385 4073 434 4149 de
463 4074 570 4163 Bul03
602 4092 639 4151 et
673 4103 758 4152 cum
789 4076 868 4180 ipse
901 4075 1008 4152 testis
1042 4074 1349 4180 reprehendisset
1379 4101 1443 4151 eos
1473 4074 1520 4150 de
1553 4074 1640 4163 boc,

222 4203 310 4308 quia
321 4221 426 4281 erant
439 4204 492 4283 ibi
503 4205 574 4282 alia
588 4205 672 4283 loca
685 4206 897 4312 propinqua
918 4205 957 4281 in
973 4205 1113 4312 quibus
1123 4221 1300 4311 poterant
1312 4205 1496 4311 mingere,
1505 4222 1543 4281 et
1555 4204 1644 4309 quia

221 4333 444 4411 videbantur
463 4336 710 4414 industriosse
731 4335 805 4412 boc
828 4333 950 4412 facere
974 4336 1015 4410 in
1037 4336 1258 4441 despectum
1279 4335 1417 4425 crucis,
1441 4333 1644 4439 responde

221 4480 309 4540 runt
329 4464 364 4540 ei
385 4465 490 4571 quod
516 4467 595 4571 ipse
621 4465 784 4543 babebat
810 4464 928 4545 lacere
960 4467 1008 4543 de
1036 4468 1125 4556 boc,
1154 4484 1191 4544 et
1214 4465 1319 4572 quod
1336 4463 1453 4541 nichil
1473 4463 1521 4540 ad
1538 4491 1637 4541 eum.

222 4593 373 4671 Audivit
393 4594 466 4671 dici
493 4596 541 4673 de
560 4596 643 4673 aliis
668 4595 847 4674 fratribus
875 4586 1147 4702 ordinisquod
1175 4594 1341 4673 lacerent
1369 4594 1492 4702 aliqua
1511 4622 1647 4702 oppro-

220 4722 300 4801 bria
314 4726 435 4818 eruci,
461 4753 532 4804 osc
553 4728 659 4834 quod
685 4729 758 4806 boc
782 4730 1040 4835 preciperetur
1067 4727 1222 4804 eisdem.
1244 4727 1357 4815 Item,
1389 4724 1481 4803 dixit
1507 4753 1547 4803 se
1574 4724 1630 4802 fro

222 4873 384 4960 quenter
403 4857 588 4936 audivisse
609 4859 681 4936 dici
700 4888 720 4936 a
736 4860 866 4937 multis
886 4859 1064 4937 fratribus
1079 4858 1316 4937 venientibus
1337 4857 1385 4934 dc
1404 4857 1502 4937 ultra
1523 4885 1640 4943 mere,
