4236 5948
735 535 933 629 rxocts
958 557 1055 628 nes
1081 556 1380 630 rnurxrnns.
1694 560 1767 634 arr

345 704 540 770 'tenentem
566 695 792 799 preceptoris
809 694 917 773 dicte
944 695 1096 783 domus,
1125 696 1362 802 presentibus
1387 695 1499 774 fratre
1519 695 1695 777 Gnidone
1723 701 1768 776 de

346 823 525 900 Ferreriis
546 840 583 900 et
602 822 713 901 fratre
731 825 913 904 Michaele
940 827 987 904 de
1008 826 1109 915 Flex,
1129 844 1165 904 et
1189 827 1416 933 quibusdam
1437 827 1520 905 aliis
1539 828 1587 905 de
1607 857 1768 936 quorum

345 953 565 1032 nominibus
590 982 667 1031 non
695 955 839 1034 recolit.
869 956 969 1033 Dixit
1001 957 1118 1034 eciam
1147 986 1214 1063 per
1232 958 1490 1064 juramentum
1515 988 1627 1037 suum
1648 961 1767 1067 quod,

346 1101 432 1188 post
451 1082 588 1160 multas
606 1085 872 1191 promissiones
888 1087 935 1164 de
954 1087 1194 1164 observandis
1206 1090 1352 1166 statutis
1370 1106 1408 1165 et
1427 1091 1579 1166 secretis
1599 1090 1689 1167 dicti
1711 1120 1771 1169 or·

347 1213 445 1293 dinis
462 1213 568 1292 abeo
585 1215 713 1304 factas,
736 1217 859 1295 dictus
874 1217 1059 1322 recipiens
1072 1217 1160 1294 [ecit
1177 1246 1217 1295 se
1233 1219 1392 1295 osculari
1411 1219 1518 1296 abeo
1535 1220 1575 1295 in
1588 1220 1769 1301 umbilico

347 1361 385 1419 et
413 1344 452 1419 in
472 1372 554 1431 ore,
583 1361 621 1420 et
644 1362 772 1450 postea
804 1346 927 1424 dictus
951 1347 1134 1453 recipiens
1162 1347 1343 1453 aportavit
1372 1347 1443 1425 sibi
1464 1349 1665 1455 quamdam
1684 1380 1770 1428 cru·

347 1501 428 1550 cem
446 1474 493 1550 de
509 1473 624 1581 ligno,
642 1493 679 1551 et
691 1477 856 1583 precepit
874 1476 946 1554 sibi
961 1478 1065 1583 quod
1081 1494 1139 1553 ter
1157 1495 1309 1583 spueret
1328 1505 1439 1582 supra
1456 1478 1592 1556 dictam
1607 1509 1768 1568 crucem,

346 1620 384 1681 et
403 1604 481 1710 ipse
503 1605 639 1683 invitus
658 1605 764 1682 finxit
792 1636 831 1683 se
857 1636 991 1712 spuere
1014 1637 1125 1713 supra
1151 1608 1286 1685 dictam
1314 1637 1463 1684 crucem
1484 1609 1557 1696 bis,
1583 1611 1651 1687 sed
1670 1613 1769 1716 spuit

341 1735 444 1840 juxta
464 1764 612 1812 crucem
628 1737 675 1812 ad
690 1755 840 1814 terram.
856 1738 955 1816 Dixit
972 1739 1089 1815 eciam
1104 1766 1172 1844 per
1183 1738 1441 1845 juramentum
1457 1767 1568 1816 suum
1590 1742 1694 1846 quod
1713 1742 1770 1818 di·

346 1881 427 1942 ctus
445 1867 627 1972 recipiens
643 1868 737 1945 dixit
748 1867 819 1946 sibi
841 1869 945 1975 quod
963 1871 993 1945 si
1015 1897 1092 1945 non
1112 1887 1239 1974 posset
1263 1867 1472 1955 continere,
1491 1868 1676 1946 habitaret
1692 1900 1769 1947 car-

346 1994 481 2073 naliter
496 2026 580 2074 eum
596 1997 772 2076 fratribus
792 1998 953 2086 ordinis,
982 2000 1050 2075 sed
1070 1998 1162 2075 dixit
1181 1997 1286 2104 quod
1304 2026 1499 2104 nunquam
1524 1998 1658 2074 accidit
1678 2001 1768 2087 sibi;

345 2142 384 2201 et
400 2126 493 2202 dixit
507 2127 570 2204 ille
582 2127 647 2233 qui
664 2127 833 2234 loquitur
845 2129 948 2234 quod
966 2129 1144 2234 premissa
1164 2144 1250 2205 sunt
1264 2127 1335 2204 sibi
1356 2127 1455 2205 dicta
1470 2145 1508 2204 et
1525 2127 1617 2204 sacta
1638 2129 1677 2204 in
1691 2159 1769 2233 pre·

345 2258 469 2333 sencia
484 2259 654 2335 omnium
668 2260 937 2337 assistencium.
950 2261 1052 2336 Dixit
1064 2261 1181 2337 eciam
1192 2288 1260 2365 per
1268 2260 1527 2366 juramentum
1540 2287 1652 2335 suum
1667 2262 1771 2364 quod

345 2385 437 2462 vidit
454 2417 571 2464 unum
592 2386 743 2465 fratrem
763 2390 877 2495 recipi
900 2392 936 2465 in
958 2389 1060 2466 dicto
1079 2390 1226 2477 ordine,
1251 2405 1288 2464 et
1307 2388 1428 2465 credit
1441 2389 1546 2494 quod
1562 2390 1641 2493 ipse
1657 2408 1694 2465 et
1708 2392 1770 2467 alii

346 2518 435 2594 dicti
456 2519 599 2595 ordinis
613 2520 752 2624 recepti
773 2536 861 2595 sunt
875 2547 944 2624 per
958 2519 1070 2595 istum
1088 2518 1259 2596 modum.

402 2649 651 2755 Interrogatus
665 2665 795 2726 utrum
809 2649 860 2736 vi,
872 2648 930 2724 vel
944 2664 1048 2724 metu
1063 2648 1219 2724 carceris
1230 2675 1297 2723 seu
1310 2664 1603 2735 tormentorum,
1622 2665 1686 2722 aut
1701 2649 1771 2724 alia

347 2777 394 2852 de
410 2806 535 2865 causa,
557 2778 718 2884 aliquam
739 2777 874 2854 dixerit
892 2776 1091 2854 falsitatem
1112 2794 1177 2852 aut
1201 2777 1446 2854 immiscuerit
1470 2777 1509 2852 in
1529 2778 1768 2884 deposicione

345 2934 426 2994 sua,
449 2908 548 2984 dixit.
560 2937 628 3013 per
636 2908 895 3014 juramentum
912 2935 1025 2984 suum
1043 2905 1148 3011 quod
1168 2934 1262 2992 non;
1284 2906 1401 2982 immo
1421 2934 1553 3010 puram
1571 2923 1609 2982 et
1629 2935 1769 2984 meram

346 3037 488 3114 dixerat
507 3039 711 3114 veritatem.

349 3359 351 3363 -
401 3305 495 3379 ltem
515 3302 627 3380 irater
653 3303 827 3380 Nicolaus
856 3304 904 3380 de
934 3304 1169 3407 Compendio
1201 3321 1397 3408 preceptor
1422 3302 1559 3380 domus
1582 3301 1628 3378 de
1651 3302 1767 3378 Bosco

347 3432 465 3521 Senti,
491 3435 598 3511 etatis
622 3435 867 3545 quadraginta
886 3463 1071 3512 annorum
1100 3434 1157 3510 vel
1185 3434 1298 3519 circa,
1318 3433 1464 3539 juratus
1491 3431 1627 3511 eodem
1654 3433 1768 3508 modo

345 3563 394 3638 de
414 3593 453 3638 se
469 3579 507 3638 et
525 3564 607 3641 aliis
623 3565 660 3640 in
678 3593 787 3641 causa
806 3565 896 3641 fidei
919 3565 1042 3640 dicere
1063 3563 1272 3650 veritatem,
1291 3579 1329 3638 et
1342 3562 1594 3667 interrogatus
1606 3563 1658 3640 de
1673 3581 1768 3639 tem-

343 3719 435 3796 pore
457 3711 494 3768 et
508 3694 622 3771 modo
640 3721 706 3770 sue
727 3694 974 3799 recepcionis‚
994 3693 1085 3769 dixit
1101 3721 1168 3797 per
1176 3694 1433 3799 juramentum
1448 3721 1558 3770 suum
1577 3693 1680 3798 quod
1696 3691 1770 3771 fuit

344 3840 516 3927 receptus
536 3824 573 3899 in
594 3824 707 3900 domo
729 3824 776 3900 de
792 3823 932 3911 Veleia,
956 3841 1040 3900 octo
1060 3824 1146 3899 anni
1166 3841 1254 3899 sunt
1273 3823 1387 3929 elapsi
1408 3823 1464 3901 vel
1485 3823 1597 3910 circa,
1618 3851 1685 3927 per
1696 3824 1768 3898 lra-

341 3968 438 4028 trem
464 3953 724 4060 Raymundum
750 3954 797 4030 de
823 3953 900 4032 Gisi
928 3967 1159 4058 receptorem
1186 3954 1403 4058 Campanie‚
1430 3952 1666 4056 presentibus
1695 3951 1765 4027 lra-

342 4081 464 4160 tribus
481 4083 662 4162 Gaulrido
684 4083 731 4161 de
745 4084 859 4161 Trahi
879 4101 916 4161 et
936 4084 1104 4161 Johanne
1120 4084 1168 4160 de
1179 4083 1369 4170 Vemoli0‚
1393 4098 1431 4157 et
1445 4080 1670 4187 quibusdam
1684 4080 1767 4157 aliis

343 4213 391 4291 de
417 4242 582 4320 quorum
608 4214 827 4291 nominibus
857 4243 932 4291 non
968 4212 1108 4291 recolit.
1142 4214 1242 4291 Dixit
1273 4213 1388 4290 eciam
1419 4240 1485 4316 per
1506 4212 1765 4317 juramentum

342 4372 455 4422 suum
471 4345 589 4450 quod,
607 4360 691 4450 post
710 4344 845 4420 multas
858 4343 1125 4450 promissiones
1147 4344 1193 4419 de
1206 4342 1352 4420 statutis
1369 4359 1405 4418 et
1425 4340 1577 4418 secretis
1593 4339 1681 4416 dicti
1704 4370 1765 4416 or-

343 4472 442 4551 dinis
456 4472 504 4550 ab
524 4502 569 4550 eo
589 4473 716 4564 lactas,
737 4475 861 4551 dictus
879 4474 1064 4579 recipiens
1082 4475 1250 4578 precepit
1269 4473 1339 4550 sibi
1359 4471 1464 4578 quod
1483 4487 1636 4583 spueret
1655 4499 1765 4575 supra

326 4631 492 4705 ¹crucem
509 4605 677 4681 mantelli
693 4606 767 4693 sui,
780 4604 868 4712 quia
882 4603 965 4681 talis
981 4621 1059 4682 erat
1075 4605 1212 4681 modus
1229 4633 1296 4680 sue
1315 4601 1526 4711 religionis,
1545 4619 1583 4678 et
1602 4601 1680 4704 ipse
1696 4603 1767 4676 mi-

340 4750 443 4813 ntus
458 4748 496 4811 et
509 4734 682 4811 turbatus
695 4735 818 4823 valde,
836 4735 948 4811 dixit:
966 4735 1172 4841 «Domine,
1191 4732 1383 4839 quomodo
1399 4730 1560 4809 facerem
1573 4731 1646 4807 hoc
1661 4731 1765 4836 quod

342 4892 593 4974 egospuerem
604 4894 714 4972 snpra
723 4893 872 4943 crucem
884 4866 1005 4972 inqua
1014 4846 1179 4944 Salvator
1191 4893 1299 4942 meus
1309 4864 1380 4942 init
1389 4864 1537 4941 vivuset
1546 4863 1738 4939 mortuus?
1752 4900 1763 4927 ν

427 5014 533 5084 nocis
548 5033 602 5075 nxs
619 5031 793 5075 rxxrcrxxs.
806 5048 848 5060 -
860 5034 893 5074 ιι.
1577 5009 1617 5071 53
