4236 5948
734 537 932 631 rnocns
958 555 1052 628 nus
1079 556 1384 631 rnnrxrnns.
1690 556 1763 633 aas

338 701 596 807 juramentum
619 725 732 774 suum
757 698 876 803 quod,
903 715 988 803 post
1006 696 1142 774 multas
1166 698 1433 804 promissiones
1450 696 1496 774 ab
1521 725 1566 775 eo
1584 696 1696 775 lactas
1718 700 1764 777 de

343 828 487 907 statutis
505 845 543 905 et
561 826 809 905 observanciis
827 827 917 904 dicti
935 827 1078 905 ordinis
1099 829 1357 916 observandis,
1380 844 1418 907 et
1432 826 1608 907 mantello
1628 828 1699 906 sibi
1718 830 1766 906 ad

343 957 479 1038 collum
492 958 633 1063 posito,
650 957 771 1035 dictus
782 958 967 1063 recipiens
981 958 1147 1035 ostendit
1159 958 1229 1035 sibi
1242 988 1391 1035 crucem
1407 958 1445 1034 in
1457 975 1619 1064 quaerat
1632 987 1765 1066 ymago

342 1089 457 1167 Jhesu
476 1087 631 1177 Christi,
654 1105 692 1164 et
710 1087 876 1194 precepit
890 1087 960 1164 sibi
976 1087 1115 1192 pluries
1134 1089 1240 1194 quod
1264 1088 1464 1194 abnegaret
1481 1089 1638 1165 lhesum
1658 1082 1779 1166 Chri-¹

344 1236 459 1306 stum,
487 1237 523 1295 et
546 1219 651 1324 quod
676 1235 827 1324 spueret
849 1247 959 1323 supra
986 1246 1145 1296 crucem.
1167 1217 1269 1297 Dixit
1289 1218 1406 1295 eciam
1429 1246 1497 1323 per
1512 1218 1766 1325 juramentum

344 1376 451 1426 suum
465 1347 569 1455 quod
582 1376 650 1453 per
660 1349 880 1425 violenciam
895 1367 932 1425 et
945 1366 1070 1425 contra
1082 1348 1311 1426 voluntatem
1324 1377 1430 1424 suam
1443 1347 1635 1456 abnegavit
1649 1348 1767 1425 semel

344 1506 424 1568 ore,
447 1496 486 1556 et
504 1507 581 1556 non
604 1479 736 1569 corde,
764 1497 801 1556 et
823 1507 900 1555 non
920 1479 1067 1555 videtur
1091 1478 1160 1556 sibi
1181 1478 1286 1585 quod
1300 1495 1451 1583 spueret
1470 1507 1579 1586 supra
1602 1508 1763 1556 crucem.

343 1609 590 1717 Interrogatus
613 1609 661 1686 de
684 1609 830 1698 osculo,
856 1609 949 1685 dixit
971 1638 1039 1714 per
1049 1608 1304 1714 juramentum
1324 1638 1433 1685 suum
1455 1610 1560 1714 quod
1580 1609 1766 1687 osculatus

343 1736 415 1818 fuit
431 1740 672 1844 recipientem
691 1739 731 1816 in
752 1739 931 1817 umbilico
951 1740 1047 1815 etin
1069 1767 1146 1816 ore.
1167 1740 1268 1817 Dixit
1293 1739 1408 1815 eciam
1426 1767 1494 1843 per
1507 1739 1766 1846 juramentum

344 1897 456 1948 suum
473 1870 577 1976 quod
599 1871 742 1948 dictum
761 1869 834 1947 suit
853 1870 924 1946 sibi
945 1870 1049 1976 quod
1069 1870 1099 1946 si
1121 1889 1316 1975 urgeretur
1330 1869 1451 1946 calore
1466 1869 1640 1959 naturali,
1663 1868 1766 1976 quod

344 2001 602 2078 commisceret
626 2029 666 2076 se
692 2031 778 2077 cum
803 1999 978 2077 iratribus
1005 2000 1094 2077 dicti
1119 2000 1274 2077 ordinis.
1302 1999 1401 2078 Dixit
1427 2016 1553 2076 tamen
1578 2028 1646 2104 per
1664 2001 1768 2107 jura-

343 2146 511 2207 mentum
536 2157 647 2206 suum
673 2130 776 2236 quod
804 2158 997 2236 nunquam
1025 2129 1127 2218 lecit,
1155 2158 1224 2206 nec
1244 2129 1291 2205 ab
1316 2129 1440 2233 aliquo
1465 2127 1536 2206 luit
1554 2130 1765 2236 requisitus.

344 2257 445 2337 Dixit
463 2259 579 2336 eciam
598 2287 665 2364 per
678 2261 933 2367 juramentum
953 2289 1063 2336 suum
1083 2259 1186 2365 quod
1208 2260 1326 2337 credit
1344 2260 1448 2365 quod
1470 2287 1601 2336 omnes
1622 2258 1683 2336 alii
1702 2258 1767 2336 tali

345 2388 459 2468 modo
472 2390 708 2495 recipiantur.
728 2392 979 2494 Interrogatus
997 2407 1123 2466 utrum
1143 2388 1177 2464 vi
1193 2407 1483 2476 tormentorum,
1502 2388 1559 2465 vel
1573 2407 1677 2466 metu
1691 2418 1768 2465 car-

346 2519 454 2609 ceris,
474 2519 532 2597 vel
546 2519 616 2596 alia
633 2549 756 2607 causa,
774 2520 865 2595 dixit
879 2519 1043 2625 aliquam
1058 2517 1255 2595 falsitatem
1268 2518 1327 2594 vel
1342 2518 1586 2595 immiscuerit
1600 2519 1639 2594 in
1655 2518 1769 2624 depo-

346 2649 486 2727 siciona
497 2677 578 2736 sua,
597 2650 689 2727 dixit
702 2678 770 2754 per
779 2651 1033 2755 juramentum
1046 2676 1158 2724 suum
1171 2647 1274 2754 quod
1290 2676 1384 2736 non3
1397 2647 1514 2725 immo
1529 2647 1622 2725 dixit
1634 2676 1767 2753 puram

344 2797 548 2859 veritatem.

399 3044 492 3120 Item
505 3042 618 3119 irater
637 3045 827 3121 Johannes
849 3043 895 3120 de
910 3042 1128 3131 Carmelus,
1152 3042 1258 3118 etatis
1274 3040 1461 3148 sexaginta
1480 3068 1686 3127 annorum,
1703 3039 1767 3148 ju-

345 3188 444 3249 ratus
465 3174 599 3249 eodem
621 3173 735 3250 modo
757 3173 803 3250 de
824 3202 863 3251 se
886 3192 923 3250 et
942 3173 1022 3250 aliis
1042 3173 1081 3249 in
1101 3201 1211 3250 causa
1229 3171 1318 3248 fidei
1347 3171 1470 3248 dicere
1491 3170 1703 3260 veritatem,
1731 3187 1769 3246 et

345 3302 589 3409 interrogatus
604 3303 650 3382 de
666 3321 836 3411 tempore
854 3321 891 3381 et
903 3304 1019 3381 modo
1037 3332 1104 3380 sue
1120 3303 1364 3409 recepcionis‚
1389 3302 1480 3379 dixit
1500 3330 1566 3408 per
1580 3301 1769 3410 juramen·

343 3449 424 3511 tum
442 3461 553 3510 suum
572 3435 677 3539 quod
697 3452 868 3541 receptus
887 3434 959 3513 fuit
979 3434 1081 3539 apud
1097 3433 1247 3511 Bellum
1261 3433 1393 3513 Visum
1416 3434 1456 3510 in
1476 3432 1686 3512 Gastinesio
1702 3433 1771 3509 Se·

345 3565 520 3641 nonensis
545 3564 721 3652 diocesis,
749 3565 948 3642 tresdecim
973 3565 1059 3641 anni
1089 3581 1178 3641 sunt
1206 3564 1337 3668 elapsi,
1363 3592 1431 3668 per
1455 3564 1605 3641 fratrem
1630 3562 1769 3640 Radul-
1856 3576 1860 3581 “

344 3692 462 3798 phum
481 3693 528 3770 de
545 3693 775 3782 Hardiviller,
793 3693 1029 3798 presentibus
1040 3692 1218 3778 iratribus,
1230 3694 1339 3770 Petro
1351 3693 1494 3770 Picardi
1510 3710 1548 3770 et
1563 3691 1768 3772 Guillelino

344 3823 500 3930 agricola
527 3824 624 3900 dicte
642 3822 793 3912 domus,
814 3841 852 3900 et
863 3823 1090 3929 quibusdam
1105 3822 1185 3899 aliis
1205 3823 1252 3899 de
1268 3850 1433 3929 quorum
1454 3823 1670 3901 nominihus
1690 3850 1767 3899 non

344 3952 484 4031 recolit.
501 3951 601 4030 Dixit
617 3953 732 4029 eciam
751 3982 818 4058 per
829 3954 1087 4058 juramentum
1101 3981 1213 4028 suum
1229 3951 1350 4057 quod,
1365 3968 1450 4057 post
1465 3952 1601 4029 multas
1614 3951 1769 4056 promis-

344 4083 467 4161 siones
486 4083 532 4159 de
551 4084 792 4161 observandis
806 4082 956 4160 secretis
972 4100 1009 4158 et
1027 4083 1171 4158 statutis
1188 4080 1278 4157 dicti
1292 4080 1434 4185 ordinis
1452 4079 1584 4167 lactas,
1605 4095 1766 4184 apostata

342 4209 494 4289 fuitsibi
512 4213 675 4319 quedam
697 4244 785 4290 crux
804 4214 843 4289 in
863 4242 938 4318 qua
952 4230 1030 4289 erat
1045 4212 1190 4317 depicta
1204 4211 1326 4318 imago
1336 4209 1451 4287 Jhesu
1463 4209 1615 4299 Christi,
1632 4227 1669 4290 et
1679 4227 1768 4285 tnnc

342 4344 508 4449 precepit
528 4344 598 4421 sibi
620 4344 740 4421 dictus
763 4344 946 4450 recipiens
973 4343 1078 4449 quod
1100 4341 1301 4450 abnegaret
1318 4341 1473 4418 lhesum
1495 4341 1685 4419 Christum
1703 4369 1767 4415 cu-

337 4472 402 4580 jus
424 4474 548 4580 imago
572 4492 649 4552 erat
675 4476 744 4563 ibi,
775 4493 812 4551 et
837 4492 990 4579 spueret
1013 4503 1124 4579 supra
1153 4502 1303 4549 crucem
1326 4472 1402 4562 bis;
1429 4471 1534 4578 quod
1554 4473 1633 4578 ipse
1660 4469 1764 4560 lecit,

344 4620 385 4681 ut
402 4604 506 4683 dixit.
527 4606 628 4683 Dixit
648 4607 764 4682 eciam
785 4634 852 4712 per
865 4606 1124 4710 juramentum
1143 4632 1253 4680 suum
1278 4604 1384 4709 quod
1408 4601 1596 4680 osculatus
1621 4601 1693 4680 luit
1715 4602 1768 4677 di·

345 4751 446 4814 ctum
463 4737 707 4841 recipientem
732 4738 771 4813 in
792 4735 970 4813 umbilico
996 4736 1093 4812 etin
1119 4763 1184 4813 ore
1205 4735 1340 4811 solum.
1366 4732 1468 4812 Dixit
1488 4734 1605 4811 eciam
1628 4762 1695 4839 per
1704 4735 1767 4841 ju·

344 4883 554 4945 ramentum
576 4894 688 4942 suum
708 4867 815 4973 quod
833 4868 1067 4972 prohibitum
1089 4867 1161 4944 fuit
1181 4866 1252 4944 sihi
1276 4894 1322 4943 ne
1343 4864 1602 4944 commisceret
1620 4892 1659 4942 se
1681 4892 1765 4940 cum

428 5023 533 5083 rnoc'es
548 5041 601 5082 nes
616 5039 789 5081 rennuens.
806 5055 847 5068 ··-
864 5044 895 5082 n.
1556 5025 1596 5089 lvd
