4236 5948
385 517 430 585 72
767 496 963 582 PROCES
989 508 1082 580 DES
1108 510 1409 623 TEMPLIERS.

382 667 542 728 servaret
556 649 679 726 bonos
693 673 783 723 usus
797 663 834 723 et
851 648 968 724 bonas
985 647 1278 725 consuetudines
1293 649 1455 737 ordinis,
1477 663 1515 724 et
1529 649 1705 755 imposito
1722 650 1792 728 sibi

383 777 578 864 mantello,
609 776 730 854 dictus
753 791 924 881 receptor
949 791 987 852 et
1017 775 1078 852 alii
1104 792 1263 854 astantes
1287 776 1444 855 osculati
1467 775 1622 854 luemnt
1646 803 1733 855 eum
1755 780 1793 854 in

382 936 458 985 ore.
474 910 648 1014 Postque
663 905 752 982 dicti
769 903 958 982 Aubertus
974 922 1010 982 et
1029 904 1122 984 Milo
1143 905 1332 983 duxerunt
1348 907 1473 1011 ipsum
1490 922 1625 983 testem
1646 907 1694 983 ad
1709 909 1794 984 dor-

382 1039 627 1125 montorium,
646 1052 684 1114 et
703 1036 827 1114 clauso
848 1036 960 1127 ostio,
982 1036 1105 1112 dictus
1126 1035 1218 1113 Milo
1237 1037 1405 1142 precepit
1420 1037 1453 1114 ei
1470 1036 1575 1144 quod
1595 1036 1793 1146 abnegaret

380 1169 534 1244 Jhesum
550 1166 758 1255 Christum,
776 1182 912 1242 etcum
929 1165 1007 1270 ipse
1016 1165 1119 1241 testis
1135 1164 1279 1242 diceret
1292 1193 1331 1242 se
1344 1164 1450 1243 nullo
1464 1165 1579 1243 modo
1591 1163 1791 1251 facturum,

382 1297 474 1371 dixit
506 1297 540 1372 ei
567 1298 671 1404 quod
696 1296 768 1373 hoc
787 1293 985 1401 oportebat
1015 1323 1104 1372 eum
1123 1294 1262 1386 lacere,
1285 1296 1372 1402 qnia
1392 1312 1472 1372 erat
1491 1294 1538 1370 de
1564 1295 1713 1399 punctis
1733 1321 1794 1371 or-

381 1426 499 1515 dinis,
520 1443 557 1503 et
574 1442 664 1503 tunc
679 1426 757 1531 ipse
772 1425 877 1503 testis
893 1423 1087 1531 abnegavit
1106 1426 1263 1502 Jhesum
1276 1425 1471 1505 Christum
1482 1453 1548 1502 ore
1564 1452 1641 1501 non
1658 1422 1791 1512 corde,

380 1571 423 1630 ut
444 1555 547 1631 dixit.
568 1555 716 1631 Deinde
733 1555 856 1632 dictus
877 1553 969 1631 Milo
989 1553 1141 1631 extraxit
1153 1553 1337 1632 desubtus
1355 1572 1474 1632 vestes
1492 1580 1576 1630 suas
1591 1551 1793 1658 quamdam

382 1711 528 1758 crucem
560 1684 739 1790 ligneam,
773 1684 925 1789 pictam,
955 1698 1135 1772 veterem,
1165 1682 1204 1758 in
1234 1711 1308 1788 qua
1334 1711 1410 1760 non
1432 1683 1557 1788 potuit
1581 1681 1794 1758 discernere

381 1812 584 1919 imaginem
602 1810 795 1901 Crucifixi,
819 1831 856 1891 et
874 1812 1042 1920 precepit
1062 1812 1096 1889 ei
1111 1812 1215 1919 quod
1233 1827 1386 1918 spueret
1404 1839 1517 1918 super
1537 1839 1637 1902 eam,
1656 1828 1694 1885 et
1713 1811 1793 1915 ipse

380 1941 484 2018 testis
502 1969 578 2019 non
600 1943 721 2046 spuit,
740 1942 807 2018 sed
819 1941 928 2018 finxit
941 1969 980 2018 se
993 1969 1125 2047 spuere
1138 1940 1255 2047 juxta.
1272 1943 1451 2047 Postque
1470 1940 1564 2016 dixit
1573 1940 1607 2015 ei
1624 1938 1727 2045 quod
1742 1967 1793 2014 se·

381 2070 549 2146 cundum
567 2071 665 2146 dicta
686 2087 824 2175 puncta
842 2069 1005 2148 debebat
1019 2069 1178 2148 osculari
1199 2088 1432 2175 receptorem
1455 2097 1565 2145 suum
1587 2069 1627 2144 in
1647 2095 1730 2155 ano,
1757 2085 1794 2142 et

381 2215 526 2302 poterat
543 2198 775 2275 commisceri
797 2197 992 2275 carnaliter
1010 2197 1186 2276 fratribus
1201 2199 1347 2276 ordinis
1367 2217 1404 2277 et
1421 2198 1490 2302 ipsi
1507 2225 1592 2274 cum
1610 2224 1671 2287 θος
1688 2195 1793 2302 quod

380 2345 504 2403 tamen
518 2355 594 2404 non
605 2326 709 2417 lecit,
721 2354 791 2402 nec
804 2325 924 2403 credit
937 2327 1043 2434 quod
1057 2329 1199 2403 crimen
1215 2328 1478 2405 sodomiticum
1496 2327 1794 2403 committeretur

380 2457 419 2530 in
440 2455 585 2532 ordine.
601 2454 682 2531 lllia
697 2454 825 2532 illicita
839 2482 917 2531 non
932 2455 1214 2532 intervenerunt
1228 2457 1267 2531 in
1285 2456 1383 2532 dicta
1402 2485 1468 2533 sua
1491 2456 1708 2561 recepcione
1724 2482 1793 2530 nec

381 2602 484 2688 post,
507 2612 576 2661 nec
595 2585 664 2660 scit
678 2584 709 2659 si
726 2610 769 2660 ea
789 2584 1057 2660 intervenirent
1069 2585 1108 2659 in
1125 2585 1409 2689 recepcionibus
1427 2585 1589 2663 aliorum
1609 2583 1666 2661 vel
1686 2600 1791 2689 poste

380 2714 499 2790 credit
519 2730 646 2790 tamen
671 2712 776 2818 quod
795 2713 858 2800 sic,
883 2729 921 2788 et
940 2712 1045 2818 quod
1070 2713 1149 2816 ipse
1170 2713 1339 2790 nonfuit
1361 2712 1546 2791 infelicior
1564 2713 1644 2791 aliis
1668 2714 1794 2818 quoad

380 2843 459 2918 ista.
478 2841 690 2946 Requisitus
709 2842 740 2916 si
760 2838 904 2916 viderat
920 2836 1014 2915 alios
1031 2840 1071 2915 in
1090 2839 1223 2916 ordine
1237 2841 1372 2946 recipi,
1390 2841 1584 2944 respondit
1595 2841 1699 2946 quod
1719 2841 1792 2917 sic:

379 2970 530 3052 fratrem
547 2969 751 3045 Martinum
767 2969 814 3045 de
831 2967 1048 3056 Marselhes,
1069 2985 1204 3045 testem
1216 2995 1330 3075 supra
1342 2971 1514 3073 proximo
1530 2971 1790 3059 examinatum,

380 3126 447 3203 per
464 3096 615 3175 fratrem
635 3096 843 3174 Robertum
864 3097 912 3172 de
928 3097 1064 3175 Sancto
1082 3098 1188 3175 lusto
1202 3096 1452 3204 presbiterum
1465 3099 1674 3206 quondam,
1688 3100 1727 3174 in
1741 3127 1795 3175 ca-

379 3226 479 3331 pella
498 3225 636 3302 domus
651 3223 801 3331 Templi
825 3223 873 3301 de
894 3223 1097 3302 Somorens
1115 3223 1376 3303 Ambianensis
1402 3227 1579 3314 diocesis,
1601 3243 1689 3304 sunt
1709 3243 1793 3304 octo

380 3354 466 3429 anni
492 3352 550 3430 vel
570 3354 679 3442 circa,
704 3352 941 3458 presentibus
962 3352 1139 3431 iratribus
1163 3353 1318 3432 Alberto
1341 3355 1528 3462 predicto,
1555 3355 1725 3432 lohanne
1745 3355 1793 3432 de

381 3483 490 3572 Tere,
503 3498 597 3560 teste
608 3509 720 3587 supra
731 3482 951 3568 examinato,
967 3499 1004 3558 et
1014 3483 1242 3589 quibusdam
1253 3483 1335 3561 aliis
1343 3486 1390 3562 dc
1401 3512 1564 3592 quorum
1576 3482 1795 3560 nominibus

381 3639 457 3689 non
480 3612 708 3689 recordatur.
729 3610 835 3691 Vidit
857 3610 973 3687 eciam
992 3611 1109 3716 recipi
1130 3611 1283 3691 fratrem
1307 3612 1543 3692 Clementem
1571 3615 1619 3692 de
1639 3614 1792 3691 Hoden·

381 3740 468 3818 villa
486 3742 709 3827 servientem
728 3743 937 3848 quondam,
959 3758 1089 3820 natum
1110 3743 1158 3820 de
1177 3772 1294 3851 prope
1307 3743 1548 3824 Claromonte
1563 3743 1794 3821 Belvacensis

383 3870 557 3958 diocesis,
583 3871 647 3975 qui
677 3869 750 3948 fuit
775 3888 948 3979 receptus
973 3871 1013 3947 in
1042 3870 1183 3977 capella
1205 3873 1341 3951 domus
1366 3873 1517 3979 Templi
1539 3872 1586 3950 de
1615 3869 1794 3949 Morlenis

383 4000 480 4076 dicte
499 3999 730 4077 Belvacensis
750 4000 925 4092 diocesis,
947 4028 1013 4105 per
1031 4001 1174 4079 dictum
1194 4001 1346 4080 fratrem
1366 4001 1574 4080 Robertum
1590 4000 1637 4078 de
1658 4000 1793 4078 Sancto

380 4130 504 4216 Justo,
532 4146 621 4205 sunt
639 4155 674 4206 rx
700 4129 759 4206 vel
785 4129 917 4207 decern
937 4130 1044 4219 anni,
1064 4149 1237 4237 presente
1265 4129 1376 4209 lratrc
1405 4131 1575 4210 lohanne
1594 4128 1630 4207 le
1655 4127 1793 4206 Carnus

381 4257 587 4362 quondam,
611 4275 828 4364 preceptore
851 4276 944 4337 tunc
962 4257 1060 4337 dicte
1082 4259 1233 4351 domus,
1254 4259 1295 4334 in
1316 4286 1482 4366 quorum
1509 4256 1794 4365 recepcionibus

383 4385 499 4462 nichil
518 4385 611 4464 vidit
632 4385 806 4464 illicitum
825 4385 928 4475 fieri,
947 4387 1035 4493 quia
1060 4388 1170 4466 exivit
1192 4387 1331 4465 tradito
1355 4386 1537 4466 mantello
1565 4385 1666 4464 dicto
1690 4383 1791 4462 fratri

383 4514 566 4601 Martino,
587 4541 656 4621 pro
676 4541 722 4593 eo
743 4515 847 4622 quod
865 4516 1014 4624 sanguis
1033 4514 1156 4595 exibat
1172 4515 1219 4594 de
1237 4515 1391 4596 naribus
1411 4516 1528 4623 ipsius
1539 4515 1661 4606 testis,
1676 4531 1714 4592 et
1725 4541 1792 4591 ne-

383 4642 488 4718 scivit
511 4643 615 4749 quod
630 4661 802 4750 egerunt;
825 4643 1004 4723 mantello
1024 4662 1151 4723 autem
1169 4645 1425 4749 traditofldicto
1444 4643 1650 4731 Clementi,
1670 4641 1792 4719 dictus

382 4768 495 4848 lrat‘er
519 4771 878 4881 Robertusintravit
901 4801 1083 4853 cameram
1103 4802 1227 4864 suant,
1256 4791 1294 4853 et
1316 4775 1507 4881 predictus
1526 4771 1702 4852 Clemens
1720 4770 1792 4853 suit
