4236 5948
731 533 1372 625 procusoasruurtmns
1612 645 1618 655 .
1687 554 1762 626 sos

344 692 458 771 nibus
474 692 572 783 aliis,
591 709 773 796 quantum
795 692 840 768 ad
857 691 1164 797 abnegacionem,
1183 691 1416 796 spuicionem
1429 708 1465 766 et
1481 690 1569 778 alia,
1588 718 1652 767 eos
1668 719 1765 768 rece-

343 824 396 930 pit
416 851 483 929 per
503 821 612 898 illum
636 821 806 898 modum.
830 821 1046 928 Requisitus
1074 838 1203 897 utrum
1230 822 1282 912 vi,
1311 820 1369 896 vel
1400 839 1506 897 metu
1526 822 1683 898 carceris
1699 853 1765 898 seu

341 970 636 1042 tormentorum,
665 969 729 1027 aut
748 953 817 1027 alia
839 952 886 1028 de
912 980 1037 1040 causa,
1058 951 1219 1057 aliquam
1246 951 1443 1028 falsitatem
1461 952 1595 1028 dixerit
1612 971 1676 1029 aut
1695 955 1766 1028 im-

342 1084 535 1160 miscuerit
550 1083 589 1158 in
610 1082 851 1188 deposicione
873 1111 954 1171 sua,
978 1098 1041 1158 aut
1057 1082 1214 1159 tacuerit
1233 1083 1443 1171 veritatem,
1469 1083 1561 1159 dixit
1580 1112 1648 1189 per
1660 1086 1765 1191 jura-

341 1230 514 1291 mentum
536 1242 648 1289 suum
676 1214 778 1317 quod
805 1241 897 1301 non,
921 1241 990 1289 nec
1021 1211 1143 1317 aliqua
1165 1212 1343 1288 violencia
1372 1213 1441 1289 sibi
1469 1213 1537 1288 fuit
1565 1210 1674 1299 facta,
1700 1215 1763 1290 sed

342 1373 474 1450 puram
496 1343 689 1420 veritatem
709 1343 862 1419 dixerat.

398 1602 486 1677 Acta
512 1617 599 1677 sunt
625 1602 696 1677 hec
715 1630 829 1693 anno,
856 1602 1062 1688 indicione,
1095 1630 1239 1692 mense,
1266 1603 1344 1691 die,
1368 1602 1588 1708 pontificatu
1620 1623 1656 1680 et
1685 1605 1765 1680 loco

342 1731 538 1839 predictis,
563 1731 799 1838 presentibus
814 1732 997 1840 religiosis
1017 1749 1053 1808 et
1072 1732 1241 1809 honestis
1257 1733 1344 1809 viris
1365 1734 1540 1811 fratribus
1560 1734 1766 1810 Laurencio

345 1863 391 1941 de
412 1862 602 1948 Nannetis‚
624 1862 794 1938 Johanne
816 1862 864 1938 de
886 1861 1008 1939 Insula
1034 1863 1156 1968 priore
1177 1865 1372 1954 Trecensi,
1398 1882 1433 1940 ct
1454 1865 1578 1941 Felice
1603 1866 1649 1940 de
1668 1866 1766 1972 Fayo

344 1993 486 2071 ordinis
506 1993 802 2083 Predicatorum,
819 1994 990 2070 Johanne
1010 1993 1056 2069 de
1071 1995 1254 2082 Farreria,
1275 1994 1480 2072 Guillelmo
1501 1996 1548 2072 de
1571 1996 1764 2100 Clioques,

343 2141 388 2202 et.
399 2124 589 2230 Stephano
611 2124 658 2199 de
677 2124 901 2210 Matiscone,
924 2123 1084 2201 testibus
1104 2125 1151 2199 ad
1173 2124 1243 2200 hec
1267 2126 1400 2201 vocatis
1426 2126 1634 2230 specialiter
1655 2145 1691 2201 et
1708 2154 1767 2201 ro-

343 2255 446 2360 gatis.

399 2515 445 2590 Et
466 2542 534 2619 ego
554 2513 718 2590 Amisius
732 2515 779 2589 de
792 2513 992 2591 Aureliano
1008 2513 1128 2591 dictus
1147 2516 1183 2591 le
1200 2515 1312 2597 llatif,
1337 2515 1511 2604 clericus,
1536 2534 1766 2593 sacrosancte

344 2645 508 2721 Romane
534 2643 686 2721 ecclesie
720 2644 934 2721 auctoritate
961 2646 1128 2721 notarius
1153 2645 1343 2750 publicus,
1370 2646 1562 2749 premissis
1588 2647 1768 2722 omnibus

345 2790 383 2850 et
401 2772 556 2879 singulis
577 2773 872 2849 confessionibus
892 2774 929 2848 in
948 2775 1017 2850 hac
1037 2792 1073 2850 et
1091 2773 1385 2879 precedentibus
1403 2774 1519 2879 peciis
1542 2775 1653 2850 simul
1674 2776 1768 2851 sutis

344 2903 450 3011 signo
471 2931 557 2978 meo
580 2903 729 3008 signatis
755 2905 953 2994 contentis,
981 2932 1054 2980 una
1076 2933 1160 2980 cum
1182 2903 1341 2980 testibus
1371 2923 1407 2979 et
1430 2904 1591 3010 publicis
1615 2905 1767 2981 notariis

344 3061 455 3139 supra
481 3051 518 3108 et
544 3033 803 3139 infrascriptis,
826 3063 979 3139 presens
1012 3033 1180 3123 interfui,
1199 3064 1256 3122 ac,
1286 3035 1333 3110 de
1356 3035 1534 3111 mandato
1556 3035 1646 3111 dicti
1670 3063 1767 3111 com-

344 3163 518 3252 missarii,
541 3164 630 3240 huic
652 3165 903 3241 instrumento
927 3195 986 3242 mo
1012 3166 1211 3271 subscripsi
1233 3167 1272 3241 in
1290 3167 1548 3243 testimonium
1569 3168 1768 3272 premisso-

344 3322 446 3385 rum,
469 3295 641 3400 illudque
662 3296 768 3402 signo
785 3325 871 3373 meo
884 3297 995 3372 solito
1009 3297 1146 3402 signavi
1164 3314 1325 3402 rogatus.

399 3557 445 3631 Et
462 3585 530 3661 ego
549 3557 708 3631 lacobus
724 3558 771 3632 de
788 3559 934 3635 Virtuto
956 3560 1113 3635 clericus
1129 3559 1436 3638 Cathalaunensis
1454 3562 1628 3652 diocesis,
1645 3559 1763 3667 publi-

344 3714 408 3762 cus
436 3685 619 3789 imperiali
646 3687 862 3763 auctoritate
892 3689 1073 3776 notarius,
1104 3691 1295 3794 premissis
1323 3691 1498 3766 omnibus
1527 3709 1565 3766 et
1591 3691 1765 3796 singulis,

344 3833 456 3921 prout
475 3815 512 3889 in
529 3814 692 3920 presenti
709 3831 805 3890 carta
820 3844 887 3892 seu
905 3819 1007 3921 pecia
1026 3836 1062 3892 et
1085 3820 1301 3923 precedenti
1323 3820 1434 3895 simul
1451 3821 1543 3896 sutis
1559 3822 1664 3926 signo
1682 3850 1766 3896 meo

345 3946 496 4052 signatis
522 3946 770 4034 continentur,
792 3974 969 4022 unacum
993 3948 1153 4025 testibus
1174 3966 1211 4025 et
1234 3949 1396 4055 publicis
1422 3951 1575 4026 notariis
1601 3979 1710 4054 supra
1730 3969 1765 4025 et

344 4074 584 4181 infrascriptis
594 4133 602 4161 ,
614 4103 768 4180 presens
778 4075 946 4165 interfui,
964 4106 1023 4153 me
1035 4077 1253 4182 subscripsi,
1268 4096 1304 4154 et
1318 4080 1466 4184 signum
1476 4106 1602 4154 nreum
1614 4077 1764 4154 solitum

345 4206 499 4310 apposui
516 4223 676 4311 rogatus.

400 4467 446 4541 Et
479 4495 547 4571 ego
580 4468 726 4544 Evenus
750 4468 857 4575 Phily
882 4470 929 4546 de
962 4471 1095 4548 Sancto
1128 4470 1270 4548 Nicasio
1300 4472 1453 4548 clericus
1479 4471 1766 4576 Corisopitensis

345 4595 520 4684 diocesis,
540 4599 740 4703 apostolica
760 4599 933 4705 publicus
952 4601 1169 4678 auctoritate
1183 4603 1365 4692 notarius,
1382 4602 1572 4707 premissis
1591 4601 1767 4678 omnibus

345 4742 381 4801 et
397 4727 566 4833 singulis,
590 4746 702 4832 prout
728 4731 766 4804 in
785 4731 948 4834 presenti
973 4732 1099 4809 rotulo
1121 4749 1158 4808 et
1176 4734 1391 4838 precedenti
1419 4733 1641 4841 consignatis
1661 4733 1766 4840 signo

343 4881 429 4932 meo
450 4857 701 4946 continentur,
723 4888 898 4937 unacum
918 4861 1077 4938 testibus
1102 4880 1138 4940 et
1153 4892 1263 4968 supra
1283 4881 1321 4940 et
1335 4861 1578 4970 infrascriptis
1595 4863 1765 4953 notariis,
