4236 5948
732 514 927 607 anonas
958 534 1048 605 nas
1074 534 1374 608 vervecinas.
1694 543 1762 612 105

345 676 520 754 Ecciesie.
551 673 784 752 Elemosinas
814 692 852 752 et
881 673 1172 781 hospitalitatem
1203 677 1297 754 vidit
1327 678 1589 755 convenienter
1618 676 1699 753 sieri
1727 699 1765 754 et

346 807 477 884 servari
494 805 532 881 in
546 804 729 882 domibus
740 806 887 882 ordinis
904 806 942 880 in
956 805 1094 910 quibus
1107 804 1177 882 suit
1192 825 1439 887 conversatus.
1461 807 1585 884 Nescit
1602 807 1769 914 qualiter·

345 936 569 1015 tenebantur
588 935 778 1041 capitulis,
791 937 879 1041 quia
900 964 975 1012 non
997 937 1168 1014 interfuit
1185 967 1253 1014 nec
1275 940 1321 1015 de
1344 940 1416 1015 hoc
1437 939 1637 1044 inquisivit.
1653 939 1765 1017 Ordi-

344 1084 425 1145 nata
441 1096 509 1173 per
530 1065 747 1170 Magistrum
760 1095 844 1142 cum
857 1083 1043 1142 conventu
1064 1084 1203 1146 servata
1225 1067 1382 1149 fuissent
1403 1071 1441 1144 in
1462 1069 1612 1159 ordine,
1635 1088 1763 1146 contra

346 1226 455 1302 quam
477 1224 576 1273 nunc
597 1195 768 1271 scandala
787 1196 958 1301 grandia,
981 1198 1143 1301 suspicio
1164 1214 1201 1274 et
1220 1197 1476 1300 infamiaqsunt
1489 1199 1604 1277 modo
1623 1217 1760 1277 exorta.

398 1327 614 1433 Requisitus
633 1327 662 1401 si
681 1326 733 1402 sic
753 1327 930 1432 deposuit
946 1354 1070 1431 prece,
1094 1345 1288 1433 precepto,
1309 1329 1463 1414 timore,
1485 1357 1629 1419 amore,
1653 1329 1761 1423 odio,

344 1457 399 1536 vsl
414 1455 613 1561 temporali
634 1455 795 1535 comodo
815 1455 944 1535 habito
959 1453 1017 1530 vei
1034 1456 1228 1543 habendo,
1246 1459 1444 1564 respondit
1463 1459 1567 1564 quod
1585 1487 1677 1547 non,
1696 1463 1765 1538 sed

344 1616 409 1693 pro
439 1588 590 1664 veritate
615 1586 792 1675 dicenda;
824 1587 884 1663 cui
909 1585 980 1663 suit
1000 1586 1212 1693 injunctum
1237 1590 1340 1694 quod
1365 1618 1442 1667 non
1466 1589 1647 1666 revelaret
1669 1591 1765 1669 banc

345 1717 754 1823 suam-deposicionem
766 1745 966 1822 quousque
982 1718 1242 1796 attestaciones
1258 1719 1399 1797 inerint
1411 1719 1619 1825 pnblicate3
1636 1738 1674 1797 et
1688 1749 1765 1799 non

344 1847 531 1925 obtulerat
549 1875 588 1924 se
609 1847 656 1923 ad
677 1846 952 1923 deffensionem
974 1845 1130 1923 ordinis.

399 1976 487 2054 Acta
502 1975 656 2055 bierunt
671 1977 740 2052 hec
756 1976 817 2052 die
835 1993 877 2051 et
897 1975 980 2052 loco
996 1977 1191 2082 predictis,
1211 1978 1449 2083 presentibus
1469 1980 1646 2086 magistro
1663 1981 1767 2056 Ami-

343 2107 417 2193 sio,
430 2134 492 2183 me
512 2106 768 2185 Floriamonte
788 2106 1007 2193 Dondedei,
1030 2107 1163 2183 etaliis
1184 2108 1463 2214 notariissupra
1481 2108 1620 2185 ultimo
1640 2112 1764 2186 nomi-

344 2237 447 2313 natis.
475 2236 607 2313 Dictus
635 2252 763 2315 umen
783 2238 954 2314 Mathsus
972 2237 1176 2343 predictus
1201 2266 1278 2314 non
1298 2237 1473 2315 interfuit
1494 2241 1762 2317 examinacioni

344 2367 431 2445 dicti
450 2367 573 2445 fratris
594 2367 876 2455 Bartholomaei,
895 2396 933 2443 ae
954 2395 1140 2444 excusans.

396 2631 588 2717 Poschee,
614 2631 675 2707 die
691 2632 865 2708 Mercurii
883 2633 1073 2736 sequenti,
1095 2661 1171 2738 que
1191 2633 1262 2710 fuit
1281 2634 1485 2712 xxuudies
1515 2634 1603 2710 dicti
1625 2637 1764 2712 mensis

343 2761 485 2848 Marcii,
515 2760 588 2838 snit
612 2761 798 2838 adductus
822 2762 867 2838 ad
892 2761 1122 2866 presenciam
1145 2763 1368 2839 eorumdem
1393 2764 1636 2842 dominorum
1662 2793 1765 2843 com-

344 2891 616 2980 missariorum,
647 2891 686 2965 in
711 2891 826 2967 domo
856 2890 1199 2995 pradictadomini
1225 2892 1324 2966 Petri
1354 2892 1402 2967 de
1424 2893 1627 2982 sabaudia,
1651 2894 1765 2971 frater

343 3021 493 3101 auditus
511 3022 559 3098 de
579 3021 708 3098 Monte
727 3021 894 3098 Laudato
920 3022 1100 3113 sarriens,
1123 3023 1357 3099 Turonensis
1379 3022 1553 3114 diocesis,
1574 3027 1679 3102 testis
1701 3054 1765 3102 su-

342 3180 406 3259 pra
417 3151 581 3257 juratus,
601 3151 824 3227 mantellum
847 3151 991 3228 ordinis
1008 3168 1045 3229 et
1059 3150 1214 3229 barbam
1231 3151 1432 3243 defferens,
1448 3155 1764 3260 quadragenarius

343 3280 400 3357 val
415 3280 526 3368 circa,
546 3310 632 3358 cum
653 3309 730 3385 qun
751 3275 975 3386 inquisitum
996 3282 1133 3368 suerat,
1156 3282 1352 3359 absolutus
1368 3299 1406 3359 et
1420 3283 1681 3362 reconciliatus
1696 3314 1766 3390 per

344 3410 542 3488 dominum
562 3410 886 3516 archiepiscopaun
906 3413 1180 3489 Turonensem.
1213 3412 1335 3491 Lectis
1359 3430 1483 3490 antem
1506 3429 1544 3490 et
1564 3413 1766 3521 diiigenter

344 3541 517 3646 expositis
542 3542 612 3619 sibi
633 3541 813 3620 omnibus
834 3561 871 3619 et
891 3543 1047 3649 singuiis
1072 3542 1255 3631 articulis,
1283 3544 1560 3647 protestacione
1583 3547 1764 3649 premissa

344 3673 444 3776 quod
457 3699 535 3748 non
550 3671 715 3748 intendit
727 3673 905 3750 recedere
919 3701 938 3748 a
953 3673 1193 3778 deposicione
1214 3701 1386 3777 pereum
1407 3674 1498 3750 sacta
1520 3701 1644 3752 coram
1663 3675 1765 3754 dicto

345 3801 500 3879 domino
520 3803 817 3908 archiepiscopo,
839 3802 1036 3908 respondit
1055 3833 1095 3880 se
1108 3804 1268 3891 nescire,
1288 3832 1356 3879 nec
1378 3806 1547 3893 credere,
1571 3835 1640 3883 nec
1656 3809 1766 3884 audi-

344 3932 436 4009 visse
468 3932 542 4008 dici
573 3932 620 4009 de
652 3933 837 4010 contentis
867 3933 905 4008 in
927 3933 981 4009 eis
1005 3932 1077 4009 nisi
1101 3934 1205 4038 quod
1235 3934 1416 4036 sequitur.
1443 3934 1544 4012 Dixit
1571 3964 1706 4040 nempe
1725 3965 1764 4013 se

345 4061 458 4140 fuisse
472 4080 682 4168 receptum,
714 4064 808 4139 circa
828 4066 968 4140 instans
988 4063 1125 4140 festum
1146 4064 1345 4140 nativitatis
1371 4064 1486 4140 sancti
1503 4064 1683 4142 tohannis
1701 4068 1764 4141 Ba-

342 4192 453 4296 ptista
468 4210 580 4270 erunt
599 4193 747 4272 circiter
764 4220 849 4273 xvut
869 4193 974 4283 anni,
992 4192 1035 4268 in
1044 4192 1186 4299 capelia
1200 4195 1338 4270 domus
1348 4193 1498 4299 Templi
1517 4194 1760 4299 Angavensis,

343 4350 408 4429 per
432 4321 585 4401 batrem
604 4326 758 4420 Petrum
786 4327 833 4401 de
860 4324 1029 4402 Mandito
1055 4326 1267 4428 quondam,
1300 4343 1392 4402 tunc
1416 4325 1541 4402 locum
1568 4341 1763 4403 tenentem

342 4452 559 4540 visitatoris,
599 4454 837 4558 presentibus
872 4453 1048 4531 iratribus
1086 4454 1688 4561 Raginaldobertrandi-milite,
1728 4475 1765 4533 et

342 4581 532 4688 Stephano
565 4582 615 4660 de
649 4584 829 4667 Ambasia·
860 4601 1078 4690 preceptore
1112 4584 1211 4660 dicte
1246 4584 1399 4674 domus,
1432 4586 1616 4669 avunculo
1647 4586 1765 4691 ipsius

342 4711 468 4802 testis,
504 4713 726 4800 deffunctis,
766 4715 805 4791 in
837 4715 938 4791 hunc
974 4712 1130 4793 modum
1161 4744 1169 4786 ε
1198 4740 1285 4790 nam
1322 4742 1409 4790 cum
1445 4714 1662 4823 frequenter
1699 4747 1766 4824 pa·

343 4842 468 4918 ciisset
485 4870 620 4946 panem
641 4861 679 4920 et
698 4873 833 4949 aquarn
862 4843 1024 4932 ordinis,
1047 4860 1084 4921 et
1109 4841 1308 4920 obtulisset
1330 4844 1482 4922 sevelis
1508 4846 1589 4923 fieri
1617 4877 1764 4925 servum
