4236 5948
750 493 946 585 rnocls
973 511 1069 585 nas
1095 512 1396 587 enuntians.
1712 520 1782 590 iss

364 663 399 727 ct
419 675 558 756 aquam
575 663 613 725 et
632 648 848 728 societatem
873 651 1033 742 ordinis,
1062 670 1100 731 et
1117 653 1317 732 obtulisset
1340 682 1379 731 se
1399 652 1496 730 velle
1521 653 1603 731 lieri
1633 683 1781 732 servum

363 779 546 857 esclavum
562 780 707 857 ordinis
723 798 761 858 et
775 784 891 860 Terre
912 784 1047 861 Sancte
1063 784 1094 862 si
1111 784 1159 860 ad
1175 813 1257 861 eam
1275 786 1498 891 perveniret,
1517 802 1555 862 et
1571 784 1735 862 finaliter
1748 787 1782 863 ei

360 939 532 990 concessa
542 911 711 1004 luissent,
721 915 878 1019 prestito
891 913 990 993 abeo
1002 921 1337 1022 perjuramentum
1348 918 1454 1024 quod
1464 945 1541 995 non
1551 935 1630 994 erat
1640 917 1783 995 servilis

360 1041 1052 1137 condicionis,necexcommunicatus,
1064 1046 1516 1155 necalterireligioni,vel
1528 1047 1779 1138 matrimonio,

360 1175 495 1253 debitis
519 1202 595 1282 que
614 1175 757 1254 solvere
777 1205 855 1255 non
871 1194 998 1283 posset
1023 1177 1227 1284 obligatus,
1254 1207 1324 1255 nec
1339 1179 1502 1257 habebat
1522 1177 1781 1255 infirmitatem

358 1305 552 1395 latentem,
581 1335 651 1384 nec
668 1307 826 1384 dederat
844 1336 914 1385 nec
930 1309 1155 1413 promiserat
1179 1308 1322 1415 aliquid
1341 1310 1448 1417 quod
1467 1309 1626 1386 indicto
1646 1309 1780 1387 ordine

358 1436 595 1542 reciperetur,
619 1434 708 1513 lecit
733 1466 821 1516 enm
848 1436 969 1516 dietus
992 1456 1166 1543 receptor
1186 1467 1319 1516 vovere
1347 1457 1385 1517 et
1403 1441 1529 1545 jurare
1552 1438 1777 1530 castitatem,

357 1566 635 1660 obedienciam,
658 1584 696 1645 et
718 1568 842 1645 vivere
861 1568 942 1645 sine
957 1568 1129 1674 proprio,
1152 1584 1190 1645 et
1208 1570 1314 1674 quod
1334 1598 1402 1675 pro
1422 1596 1530 1675 posse
1548 1596 1617 1644 suo
1633 1568 1780 1675 juvaret

356 1697 401 1773 ad
416 1697 690 1804 anquirendum
705 1699 860 1774 Terram
877 1699 1063 1776 Sanctam.
1075 1700 1164 1775 Post
1178 1726 1252 1804 que
1267 1699 1390 1775 dictus
1403 1716 1576 1805 receptor
1590 1700 1782 1777 associavit

356 1853 442 1903 eum
468 1844 506 1904 et
523 1843 668 1933 patrem
696 1844 734 1906 et
755 1844 915 1903 matrem
939 1855 1028 1906 suos
1051 1828 1248 1904 beneficiis
1274 1829 1432 1919 ordinis,
1463 1846 1500 1904 et
1523 1829 1723 1934 imponens
1743 1831 1778 1906 ei

355 1956 593 2049 mantellum,
611 1957 776 2035 luituna
792 1987 877 2035 curn
899 1957 1077 2037 omnibus
1092 1959 1300 2037 astantibus
1321 1989 1409 2035 eum
1425 1958 1613 2037 osculatus
1634 1960 1672 2034 in
1689 1987 1776 2050 ore3

355 2104 390 2164 et
403 2087 581 2166 instruxit
599 2116 688 2165 eum
704 2105 799 2196 quot
810 2091 925 2167 Pater
941 2104 1057 2167 noster
1074 2089 1216 2166 diceret
1234 2118 1304 2196 pro
1324 2090 1427 2168 horis
1446 2089 1541 2176 suis,
1564 2104 1602 2165 et
1616 2089 1778 2195 qualiter

353 2234 498 2325 regeret
514 2247 554 2295 se
574 2218 614 2295 in
630 2219 780 2308 ordine,
803 2237 841 2296 et
859 2219 1021 2327 qualiter
1034 2220 1194 2326 jaceret,
1220 2248 1409 2326 exponens
1430 2220 1463 2296 ei
1486 2219 1650 2297 diversos
1671 2248 1776 2297 casus

352 2366 505 2455 propter
517 2378 614 2456 quos
627 2366 776 2456 poterat
795 2351 986 2427 incurrere
1009 2351 1170 2429 diversas
1190 2379 1305 2456 penas
1325 2351 1535 2428 secundum
1557 2349 1700 2428 ordinis
1719 2351 1776 2427 di-

352 2479 557 2585 sciplinam,
567 2498 606 2559 et
619 2482 862 2589 postmodum
879 2500 1124 2560 recesserunt.
1141 2483 1356 2589 Requisitns
1370 2483 1399 2559 si
1416 2481 1637 2559 interfuerat
1649 2510 1776 2587 recep-

351 2608 448 2687 cioni
467 2610 626 2718 alicujus
649 2610 802 2689 alterins
830 2611 993 2719 Anglici,
1020 2613 1122 2690 Scoti
1143 2612 1201 2688 vel
1216 2612 1406 2704 Ybernici,
1436 2627 1476 2687 et
1500 2610 1529 2686 si
1546 2610 1688 2687 viderat
1709 2610 1777 2687 ali·

351 2767 463 2846 quem
484 2769 529 2818 ex
544 2741 598 2818 eis
612 2742 825 2819 interfuisse
845 2741 1133 2847 recepcionibns
1148 2742 1286 2847 quibus
1306 2743 1385 2847 ipse
1404 2741 1508 2818 testis
1527 2739 1714 2829 adfuerat,
1736 2759 1776 2818 et

349 2869 378 2945 si
402 2870 547 2947 viderat
571 2871 735 2978 aliquem
759 2871 876 2976 recipi
899 2899 967 2976 per
986 2870 1140 2948 fratrem
1159 2870 1402 2973 Himbertnm
1416 2869 1570 2946 Blanchi
1592 2870 1770 2962 militem,

349 3017 609 3107 preceptorem
639 3001 832 3091 ethernio,
864 3001 1062 3108 respoudit
1087 3002 1192 3107 qnod
1222 3027 1316 3092 non,
1348 3028 1605 3106 necunquam
1631 3000 1774 3076 viderat

349 3129 492 3207 dictum
509 3130 663 3210 fratrem
684 3132 945 3220 Himbertnm,
963 3132 1035 3209 nisi
1055 3132 1172 3209 semel
1183 3172 1197 3220 ,·
1211 3132 1250 3208 in
1268 3132 1365 3208 dicta
1386 3132 1501 3209 domo
1518 3129 1769 3238 d'Oysimont‚

348 3286 435 3336 eum
467 3259 588 3338 dictus
618 3260 732 3338 frater
761 3261 982 3339 Himbertus
1001 3261 1300 3370 proficisceretur
1328 3261 1367 3337 iu
1397 3259 1580 3366 Angliam.
1602 3262 1674 3339 Cui
1700 3260 1772 3337 luit

348 3388 561 3496 injunctum
584 3419 654 3497 per
678 3391 799 3469 dictos
824 3392 1000 3470 dominos
1027 3391 1317 3478 commissarios,
1345 3390 1383 3467 in
1406 3391 1543 3468 virtute
1564 3391 1771 3498 juramenti

347 3519 490 3623 prestiti
510 3546 579 3625 per
594 3521 791 3614 eumdem,
806 3521 910 3629 quod
925 3549 1003 3599 non
1023 3521 1206 3599 revelaret
1223 3522 1320 3598 hanc
1342 3549 1449 3600 suam
1471 3521 1767 3628 deposicionem,

346 3677 545 3758 quousque
560 3653 821 3730 attestaciones
836 3651 978 3729 luerint
994 3652 1196 3758 publicata.

401 3913 533 3990 Frater
550 3914 741 3993 lohannes
765 3915 814 3993 de
831 3917 957 3996 Menat
975 3917 1154 4007 serviens,
1177 3933 1375 4024 preceptor
1395 3915 1535 3995 domus
1553 3915 1702 4021 Templi
1720 3916 1767 3991 de

346 4041 509 4120 Marchia
526 4044 858 4136 ¹Claramontensis
882 4046 1058 4135 diocesis,
1086 4047 1193 4124 testis
1223 4074 1334 4152 snpra
1348 4046 1514 4153 juratus,
1536 4044 1768 4151 quinquage-

345 4172 471 4250 narius
493 4174 553 4251 vel
578 4176 689 4265 cirea,
710 4176 935 4254 mantellum
953 4177 1097 4256 ordinis
1118 4195 1156 4255 et
1177 4177 1334 4255 barbam
1355 4176 1560 4264 defferens,
1583 4202 1670 4250 cum
1690 4201 1767 4279 quo

345 4301 566 4409 inquisitum
591 4304 729 4397 luerat,
758 4307 955 4386 absolutus
979 4325 1018 4385 et
1036 4307 1297 4385 reconciliatus
1317 4335 1385 4413 per
1405 4305 1604 4382 dominnm
1626 4303 1768 4409 episco-

342 4460 434 4537 pum
455 4434 817 4530 Claramontensem,
839 4438 945 4515 lectis
965 4455 1002 4516 et
1023 4438 1224 4544 diligenter
1244 4436 1421 4543 expositis
1439 4433 1510 4513 sibi
1532 4431 1710 4511 omuibus
1730 4449 1769 4508 et

341 4561 498 4675 singulis
517 4565 699 4660 articulis,
727 4567 923 4674 respoudit
951 4596 990 4647 se
1010 4568 1174 4659 nescire,
1199 4595 1268 4643 nec
1293 4566 1462 4657 credere,
1489 4592 1559 4641 nec
1583 4562 1766 4640 audivisse

341 4691 414 4770 dici
435 4694 690 4777 decantantis
716 4698 755 4775 in
784 4699 837 4777 eis
863 4698 934 4777 nisi
962 4699 1067 4805 quod
1085 4698 1267 4804 sequitur.
1294 4696 1396 4775 Dixit
1424 4721 1561 4802 nempe
1585 4721 1624 4771 se
1651 4691 1764 4771 luisse

340 4843 532 4932 receptum
551 4827 593 4903 in
609 4828 749 4934 capella
765 4828 902 4907 domus
920 4828 1072 4935 Templi
1093 4830 1142 4906 de
1157 4827 1339 4915 Marchia,
1356 4828 1450 4904 circa
1467 4827 1611 4904 instans
1625 4823 1763 4902 festum
1824 4919 1827 4925 Ι
