4236 5948
348 543 416 610 na
730 512 924 610 rnools
951 537 1045 607 ons
1072 530 1374 608 rnunnrsns.

339 679 514 754 Ecclesia.
538 678 589 752 Ex
609 694 784 783 precepto
800 677 1036 782 superiorum
1055 675 1147 751 vidit
1164 674 1385 751 elemosinas
1404 690 1441 750 et
1463 672 1754 776 hospitalitatem

342 809 608 884 convenienter
627 805 708 882 fieri
731 824 767 882 et
787 806 921 882 servari
952 807 990 880 in
1020 805 1197 882 domibus
1223 804 1366 880 ordinis
1394 803 1432 877 in
1454 801 1593 907 quibus
1620 803 1756 880 exstitit

345 954 612 1023 commoratus,
636 954 673 1011 et
688 936 828 1012 audivit
844 935 1008 1012 deffendi
1025 962 1072 1010 ne
1089 935 1256 1010 indebite
1272 933 1510 1039 acquirerent
1524 932 1662 1008 ordini.
1682 933 1762 1010 Sta-

345 1085 469 1143 tutum
491 1067 669 1142 lactnma
696 1066 870 1172 Magistro
895 1093 942 1141 ne
972 1081 1143 1141 uteretur
1175 1064 1285 1140 certis
1307 1062 1453 1137 cibariis
1482 1062 1521 1137 in
1547 1079 1646 1138 sexta
1671 1061 1761 1139 feria

344 1198 496 1275 servavit
517 1197 626 1282 ordo,
649 1213 776 1272 contra
796 1225 910 1301 quem
930 1224 1031 1271 nunc
1051 1195 1204 1302 grandia
1230 1193 1420 1279 scandala,
1444 1193 1606 1297 suspicio
1636 1211 1675 1269 et
1701 1193 1758 1268 in—

346 1327 562 1402 famia-sunt
583 1341 723 1409 exorta,
746 1342 783 1400 et
812 1341 938 1402 contra
969 1353 1083 1429 quem
1114 1324 1236 1399 dictus
1265 1323 1441 1432 Magister
1467 1322 1592 1426 aliqua
1625 1323 1762 1399 dicitur

345 1455 458 1532 luisse
475 1453 683 1544 confessus;
707 1455 754 1530 ad
769 1453 877 1560 cujus
895 1454 1038 1529 ordinis
1054 1451 1314 1530 defensionem
1336 1482 1374 1529 se
1391 1452 1590 1528 obtulerat.

402 1584 616 1690 Reqnisitus
630 1584 661 1658 si
674 1584 726 1658 sic
740 1583 964 1688 deposuerat
973 1610 1099 1688 prece,
1110 1599 1286 1689 precepto
1299 1643 1308 1670 ,
1319 1583 1454 1659 timore
1467 1643 1476 1669 ,
1494 1608 1635 1667 amore,
1653 1581 1761 1668 odio,

344 1715 400 1791 vel
418 1712 613 1818 temporali
635 1713 794 1788 comodo
808 1712 938 1790 habito
951 1712 1010 1790 vel
1028 1712 1219 1802 habendo,
1242 1712 1438 1817 respondit
1454 1711 1559 1815 quod
1580 1736 1672 1796 non,
1695 1710 1762 1786 sed

344 1873 413 1949 pro
432 1844 584 1920 veritate
605 1841 779 1930 dicenda;
803 1841 862 1917 cui
883 1840 954 1918 fuit
982 1842 1192 1948 injunctum
1225 1841 1327 1946 quod
1359 1868 1436 1917 non
1461 1839 1642 1917 revelaret
1667 1838 1763 1917 hanc

344 2003 451 2049 snam
470 1972 766 2078 deposicionem,
782 1998 979 2076 quousque
1000 1971 1259 2047 attestaciones
1277 1969 1414 2046 suerint
1435 1969 1635 2075 publicate.

402 2236 529 2310 Frater
544 2234 700 2339 Egidius
714 2233 761 2309 de
782 2235 989 2309 Lovencort
1003 2234 1181 2318 serviens,
1194 2231 1454 2309 Ambianensis
1469 2233 1641 2320 diocesis,
1660 2231 1765 2308 testis

347 2390 457 2465 supra
482 2363 651 2467 juratus,
692 2387 734 2438 nv
767 2390 952 2437 annorum
990 2362 1047 2437 vel
1078 2362 1189 2449 circa,
1226 2362 1292 2466 qui
1328 2361 1550 2437 mantellum
1583 2378 1763 2437 vetustate

347 2508 612 2596 consumptum
631 2491 844 2582 dimiserat,
866 2491 1110 2596 postmodum
1126 2491 1205 2566 radi
1224 2489 1361 2567 fecerat
1381 2490 1451 2567 sibi
1472 2491 1643 2577 barbam,
1667 2507 1705 2566 et
1725 2492 1763 2567 in

345 2621 503 2697 consilio
522 2623 696 2698 Remensi
713 2621 907 2699 absolutus
925 2638 963 2697 et
981 2621 1245 2698 reconciliatus
1260 2620 1382 2698 fuerat
1401 2650 1469 2726 per
1486 2621 1684 2697 dominum
1707 2649 1765 2696 ar-

346 2751 624 2856 chiepiscopum
654 2754 876 2828 Remensem
905 2751 972 2858 qui
1005 2750 1245 2856 inquisiverat
1277 2780 1363 2826 cum
1392 2751 1539 2828 eodem.
1573 2749 1693 2827 Lectis
1729 2767 1767 2825 et

346 2879 548 2986 diligenter
567 2880 744 2986 expositis
764 2880 836 2957 sibi
856 2880 1035 2958 omnibus
1056 2897 1093 2956 et
1119 2879 1275 2988 singulis
1299 2881 1482 2972 articulis,
1504 2880 1661 2986 repetita
1680 2907 1767 2986 pro-

346 3010 548 3086 testacione
566 3011 750 3114 predicta,
769 3010 966 3116 respondit
984 3037 1024 3086 se
1045 3010 1206 3099 nescire,
1224 3038 1293 3086 nec
1306 3011 1478 3102 credere,
1495 3039 1565 3087 nec
1581 3008 1765 3086 audivisse

346 3139 442 3213 adici
463 3141 510 3216 de
530 3139 713 3216 contentis
739 3139 777 3214 in
796 3139 850 3216 eis
870 3138 944 3215 nisi
962 3140 1065 3244 quod
1085 3141 1266 3246 sequitur.
1288 3139 1390 3216 Dixit
1411 3167 1548 3246 nempe
1568 3139 1673 3245 quod
1687 3139 1765 3244 ipse

347 3283 384 3341 et
404 3266 516 3342 frater
535 3266 753 3371 Amulphus
772 3268 951 3356 serviens,
971 3268 1079 3374 cujus
1098 3296 1306 3375 cognomen
1330 3287 1368 3345 et
1386 3270 1542 3374 patriam
1563 3271 1710 3376 ignorat
1730 3285 1767 3344 et

295 3492 297 3498 ,
348 3424 394 3470 an
404 3397 513 3482 vivat,
535 3396 689 3473 suerunt
701 3397 815 3473 simul
831 3398 986 3503 recepti,
1004 3398 1042 3473 in
1060 3399 1263 3475 crastinum
1277 3399 1447 3477 instantis
1465 3400 1549 3476 sesti
1569 3398 1768 3475 nativitatis

345 3527 526 3602 lobannis
537 3526 699 3633 Baptiste
714 3546 824 3604 erunt
839 3555 861 3605 a
874 3528 980 3618 anni,
997 3529 1034 3602 in
1051 3529 1190 3633 capella
1203 3529 1340 3606 domus
1354 3529 1503 3636 Templi
1520 3530 1567 3605 de
1584 3530 1768 3604 Morman·

347 3657 404 3730 cio
429 3656 674 3762 Lingonensis
704 3658 882 3747 diocesis,
912 3687 981 3763 per
1006 3656 1157 3735 fratrem
1186 3660 1434 3736 Laurentium
1457 3660 1504 3736 de
1530 3659 1644 3736 Belna
1676 3675 1768 3734 tunc

347 3802 605 3891 preceptorem
630 3787 728 3863 dicte
759 3788 917 3875 domus,
946 3787 1183 3892 presentibus
1212 3788 1387 3865 fratribus
1416 3787 1591 3866 Guidonc
1611 3786 1649 3863 lo
1670 3789 1768 3863 Mas-

304 3949 308 3955 ·
346 3941 388 3990 so
405 3915 626 3991 etDurando
642 3916 749 4022 cujus
764 3943 974 4023 cognomen
991 3916 1137 4023 ignorat
1159 3933 1196 3993 et
1215 3944 1261 3991 an
1281 3916 1356 3993 sint
1372 3916 1458 4008 vivi,
1476 3933 1513 3993 et
1538 3915 1768 4022 quibusdam

346 4043 427 4119 aliis
450 4044 497 4120 de
521 4044 660 4151 quibus
690 4073 768 4122 non
794 4045 942 4136 recolit,
967 4045 1005 4120 in
1030 4046 1130 4121 hunc
1157 4046 1315 4122 modum
1339 4076 1347 4120 :
1373 4074 1458 4121 nam
1485 4074 1571 4121 cum
1594 4045 1769 4149 peciisset

345 4201 478 4276 panem
502 4192 540 4251 et
559 4203 693 4281 aquam
714 4192 752 4252 et
771 4176 985 4252 societatem
1011 4175 1153 4251 ordinis
1177 4192 1214 4252 et
1241 4178 1295 4252 eis
1320 4177 1573 4264 concessisset,
1595 4173 1684 4251 fecit
1703 4202 1769 4252 eos

347 4331 478 4380 vovere
494 4323 531 4381 et
540 4305 668 4412 jurare
689 4306 910 4398 castitatem,
931 4306 1210 4394 obedienciam,
1231 4307 1352 4383 uvore
1368 4307 1448 4383 sine
1468 4307 1674 4413 proprio-et
1692 4335 1770 4384 ser·

347 4461 429 4508 vare
442 4433 564 4511 bonos
580 4462 670 4512 usus
681 4451 718 4511 et
731 4434 848 4512 bonas
859 4436 1318 4527 consuetudinesordinis3
1336 4453 1373 4513 et
1385 4437 1568 4542 impositis
1588 4437 1641 4514 eis
1662 4465 1768 4513 man-

346 4560 462 4651 tellis,
480 4561 635 4640 fuerunt
656 4593 720 4642 eos
740 4593 871 4642 omnes
891 4565 1047 4643 osculati
1076 4566 1114 4642 in
1145 4595 1232 4645 ore:
1264 4585 1301 4644 et
1326 4568 1516 4643 instructis
1535 4583 1631 4672 quot
1657 4567 1771 4644 Pater

348 4707 461 4767 noster
479 4691 646 4769 dicerent
664 4723 733 4800 pro
754 4696 856 4773 horis
875 4695 969 4785 suis,
997 4713 1035 4773 et
1053 4697 1214 4803 qualiter
1233 4725 1271 4774 se
1289 4698 1329 4773 in
1350 4697 1482 4773 ordine
1502 4713 1695 4802 regerent,
1710 4724 1770 4772 re-

347 4837 550 4901 cesserunt.
578 4822 718 4932 Elapsis
734 4853 822 4903 vero
840 4853 903 4907 sex
920 4825 978 4902 vel
999 4844 1142 4931 septem
1162 4826 1313 4919 diebus,
1337 4827 1459 4906 dictus
1478 4843 1650 4931 receptor
1663 4854 1770 4902 voca·
