4236 5948
631 495 851 623 'eneces
877 550 974 622 nas
1000 551 1303 625 rennuens.
1608 555 1682 627 aaa

258 720 372 799 regno
385 691 555 780 Francia,
573 691 790 768 auctoritate
806 692 1005 796 apostolica
1018 692 1183 799 deputati
1198 694 1235 770 in
1251 693 1365 769 domo
1380 691 1518 768 milicie
1535 696 1683 801 Templi

258 825 417 903 Parisius
437 852 505 929 pro
527 820 753 928 inquirendo
770 840 895 899 contra
916 823 1095 929 quasdam
1112 853 1288 930 personas
1307 824 1448 901 ibidem
1467 824 1681 915 existentes,

259 957 381 1035 eidem
407 954 545 1031 delatas
575 953 812 1058 superdicto
842 955 996 1031 crimine
1020 957 1226 1043 existentis,
1255 973 1423 1034 nostrum
1443 953 1683 1060 publicorum

257 1088 485 1165 notariorum
505 1103 542 1161 et
562 1083 879 1190 infrascriptorum
899 1087 1050 1163 testium
1074 1088 1264 1192 presencia
1284 1085 1530 1191 personaliter
1553 1090 1684 1166 consti-

257 1236 358 1296 tutus
375 1216 488 1296 irater
508 1218 638 1292 Petrus
658 1213 705 1291 de
725 1216 941 1303 Tortavilla,
965 1216 1076 1295 lrater
1091 1218 1253 1295 serviens
1268 1217 1359 1294 dicti
1379 1217 1522 1294 ordinis
1543 1219 1682 1297 milicie

256 1349 425 1455 Templi,
453 1348 558 1425 etatis
578 1347 849 1454 quinquaginta
868 1376 1050 1427 annorum
1070 1349 1128 1425 vel
1154 1350 1265 1436 circa,
1287 1369 1330 1424 ut
1354 1348 1515 1438 dicebat,
1533 1350 1682 1456 juratus

256 1484 302 1558 ad
318 1498 439 1559 sancta
458 1479 530 1555 Dei
550 1477 762 1586 Evangelia,
788 1477 911 1555 eidem
931 1479 1117 1586 preposita
1139 1498 1174 1555 et
1193 1479 1239 1556 ab
1261 1480 1341 1586 ipso
1360 1496 1471 1568 tacta,
1494 1479 1621 1557 dicere
1641 1483 1680 1559 iu

256 1641 363 1689 causa
384 1609 490 1697 fidei,
523 1627 599 1686 tam
618 1607 666 1684 de
686 1636 725 1685 se
746 1637 858 1715 quarn
881 1607 928 1685 de
952 1608 1051 1699 aliis,
1077 1609 1240 1715 plenam,
1271 1639 1402 1715 puram
1432 1627 1470 1685 et
1497 1608 1680 1719 integram

254 1744 457 1820 veritatem.
474 1741 520 1817 Et
539 1741 789 1847 iuterrogatus
805 1739 852 1815 de
872 1757 1042 1846 tempore
1061 1758 1099 1817 et
1116 1741 1231 1818 modo
1248 1740 1478 1846 recepcionis
1493 1770 1575 1831 sue,
1589 1742 1682 1820 dixit

254 1903 320 1980 per
322 1875 579 1980 juramentum
592 1899 704 1948 suum
719 1870 823 1976 quod
837 1872 965 1978 viginti
980 1902 1043 1951 sex
1057 1874 1142 1949 anni
1160 1891 1250 1950 sunt
1264 1873 1376 1978 elapsi
1390 1874 1495 1979 quod
1509 1892 1680 1980 receptus

253 2004 324 2082 luit
344 2007 382 2082 in
398 2005 512 2082 domo
534 2003 580 2079 de
600 2002 756 2079 Furchis
777 2004 1003 2081 Senonensis
1022 2005 1199 2093 diocesis,
1219 2033 1286 2110 per
1302 2004 1453 2082 fratrem
1469 2005 1679 2084 Iohannem

253 2137 299 2213 de
319 2138 449 2214 Turno
470 2134 706 2223 defunctum,
730 2152 820 2211 tunc
839 2135 1113 2214 thesaurarium
1131 2135 1279 2242 Templi
1300 2137 1475 2227 Parisius,
1500 2139 1681 2243 presenti-

251 2263 321 2344 bus
341 2265 452 2343 lratre
472 2267 582 2343 Petro
604 2265 704 2342 dicto
730 2265 777 2342 de
804 2265 1002 2344 Cormeliis
1030 2267 1086 2344 vel
1112 2267 1158 2344 de
1185 2268 1333 2355 Turno,
1361 2295 1437 2343 non
1460 2267 1680 2345 recordatur

250 2395 346 2474 bene
368 2398 416 2473 dc
436 2425 529 2504 que,
552 2414 590 2473 et
602 2395 829 2504 quibusdam
851 2396 932 2475 aliis
950 2397 998 2474 de
1019 2427 1179 2505 quorum
1201 2398 1420 2476 nominibus
1439 2427 1514 2475 non
1535 2399 1677 2476 recolit.

251 2528 502 2634 Interrogatus
522 2528 570 2604 de
590 2525 706 2605 modo
728 2528 958 2633 recepcionis
983 2557 1065 2621 sue,
1096 2528 1187 2606 dixit
1205 2557 1274 2635 per
1290 2529 1678 2634 juramentnmsuum

250 2658 353 2764 quod
373 2661 494 2766 primo
511 2659 681 2735 fecerunt
701 2688 787 2735 eum
800 2659 1018 2765 promittere
1040 2659 1175 2738 multas
1195 2660 1448 2738 observancias
1468 2659 1556 2736 dicti
1579 2660 1679 2738 ordi·

252 2790 324 2879 nis,
347 2809 384 2866 et
400 2791 528 2897 jurare
545 2817 689 2867 servare
710 2806 844 2866 statuta
873 2790 1036 2880 ordinis3
1059 2808 1110 2877 et,
1139 2792 1210 2868 hoc
1241 2790 1353 2880 Iacto,
1388 2791 1571 2895 recipiens
1591 2791 1678 2868 fecit

251 2920 374 2996 eidem
389 2920 498 2997 indui
511 2918 732 2996 mantellum
749 2919 901 2997 ordinis.
916 2922 1001 3015 Quo
1019 2921 1132 3008 laeto,
1151 2921 1252 2998 idem
1270 2921 1454 3026 recipiens
1470 2920 1574 2998 duxit
1587 2947 1674 2997 eum

250 3051 296 3126 ad
308 3050 511 3156 quemdam
530 3050 657 3126 Iocum
672 3049 786 3127 alium
802 3068 839 3127 et
850 3068 1053 3139 secretum,
1073 3069 1283 3143 et,osteasa
1301 3051 1425 3127 eidem
1435 3080 1543 3128 cruce
1552 3051 1592 3126 in
1603 3081 1676 3157 qua

251 3199 328 3258 erat
352 3181 498 3287 depicta
521 3209 655 3288 ymago
674 3180 792 3258 thesu
817 3182 976 3270 Christi,
1007 3183 1175 3289 precepit
1198 3181 1322 3259 eidem
1348 3183 1453 3289 quod
1477 3182 1676 3285 abnegaret

250 3340 336 3388 eum
350 3312 456 3419 cujus
471 3328 548 3387 erat
567 3314 717 3418 ymago,
735 3328 773 3387 et
786 3329 936 3417 spueret
951 3341 1061 3418 supra
1075 3342 1234 3390 crucem.
1248 3313 1371 3406 Quam
1385 3312 1675 3420 abnegacionem

249 3461 285 3519 et
306 3442 538 3549 spuicionem
557 3440 645 3519 lecit
663 3459 721 3520 ter
746 3441 792 3518 de
813 3460 989 3548 precepto
1010 3471 1097 3533 suo;
1125 3443 1253 3520 dicens
1279 3444 1392 3521 etiam
1417 3444 1482 3550 qui
1506 3444 1675 3552 loquitur

248 3573 368 3680 quod,
392 3574 439 3649 de
458 3591 634 3679 precepto
655 3572 773 3678 ipsius
792 3573 1006 3679 recipientis
1022 3575 1208 3653 osculatus
1228 3574 1300 3652 luit
1320 3604 1406 3652 eum
1422 3575 1460 3651 in
1476 3575 1551 3653 sxne
1567 3576 1672 3681 spine

248 3704 362 3792 dorsi,
385 3721 514 3809 postea
530 3702 569 3778 in
590 3702 788 3793 umbilico,
811 3720 849 3779 et
865 3704 977 3812 tertio
997 3703 1035 3779 in
1055 3732 1132 3781 ore.
1151 3704 1253 3780 Dixit
1271 3706 1389 3781 eciam
1403 3735 1470 3812 per
1478 3705 1674 3812 juramen-

208 3834 211 3839 ’
245 3852 324 3912 tum
345 3864 457 3913 suurn
480 3833 585 3941 quod
616 3851 702 3939 post
728 3834 797 3910 hec
817 3834 921 3910 idem
939 3834 1123 3940 recipiens
1143 3833 1235 3910 dixit
1258 3835 1382 3913 eidem
1403 3837 1506 3941 quod
1527 3854 1673 3942 poterat

245 3995 283 4042 se
295 3966 537 4044 commiscere
551 3963 744 4042 carnaliter
754 3993 842 4043 cum
854 3963 936 4041 aliis
951 3963 1142 4053 fratribus,
1163 3983 1199 4041 et
1215 3964 1278 4040 alii
1295 3995 1381 4042 curn
1399 3994 1462 4050 eo,
1475 3966 1505 4042 si
1519 3967 1669 4045 vellent.

244 4097 345 4174 Dixit
363 4115 487 4174 tamen
507 4125 575 4204 per
587 4098 843 4204 juramentum
860 4125 971 4174 suum
991 4096 1095 4203 quod
1112 4124 1304 4203 nunquam
1324 4095 1423 4172 fecit.

298 4232 550 4335 Interrogatus
576 4228 607 4305 si
633 4255 827 4334 nunquam
848 4227 942 4305 vidit
965 4227 1110 4335 aliquos
1129 4226 1259 4304 fratres
1285 4228 1399 4332 recipi
1427 4228 1464 4303 in
1486 4227 1585 4303 dicto
1607 4253 1670 4302 or·

244 4359 347 4447 dine,
368 4358 459 4437 dixit
479 4388 545 4464 per
560 4360 815 4467 juramentum
835 4388 945 4437 suum
962 4360 1067 4466 quod
1080 4360 1133 4436 sic
1152 4358 1278 4465 plures
1296 4358 1468 4434 Parisios.

221 4588 223 4593 λ
267 4570 271 4576 ,
296 4493 547 4596 Interrogatus
567 4495 696 4569 utrum
710 4519 777 4596 per
791 4490 904 4567 istum
924 4491 1082 4568 modurn
1097 4491 1364 4595 reciperentur,
1383 4489 1473 4566 dixit
1488 4516 1555 4593 per
1564 4489 1668 4596 jura·

242 4638 410 4698 mentum
428 4650 539 4699 suum
559 4621 662 4729 quod
684 4621 748 4699 sic.

295 4755 544 4858 Interrogatus
563 4753 756 4858 quomodo
776 4753 861 4838 scit,
884 4751 976 4828 dixit
994 4752 1097 4858 quod
1119 4751 1222 4828 vidit.

189 4894 193 4900 '
296 4885 546 4990 Interrogatus
566 4899 692 4959 utrum
718 4882 851 4961 viderit
870 4883 1063 4988 quoddam
1083 4883 1204 4987 capud
1223 4884 1326 4990 quod
1345 4885 1531 4971 adoratur,
1555 4900 1596 4958 nt
1613 4880 1667 4956 di·

1423 5037 1475 5101 36.
