4236 5948
358 532 431 602 soe
742 507 936 600 raocts
962 525 1056 598 nus
1081 525 1379 598 rnnrrrrns.

229 759 235 770 .
354 668 433 745 lum
454 668 502 745 ad
521 666 660 744 coIIum
681 691 801 742 suum.
819 667 864 742 Et
880 664 968 743 fecit
983 666 1104 743 dictus
1119 666 1304 771 recipiens
1317 664 1503 771 apportari
1525 665 1562 738 in
1581 658 1773 770 presencia

356 827 421 874 sua
440 796 641 904 quamdam
662 823 808 872 crucem
830 823 960 872 eneam
977 796 1016 870 in
1034 824 1107 902 qua
1122 814 1200 872 erat
1213 796 1330 904 figura
1345 792 1524 882 crucifixi,
1547 810 1585 871 et
1599 794 1691 872 dicit
1702 795 1773 873 sihi

356 942 394 1003 et
412 926 578 1033 precepit
597 924 700 1031 quod
721 924 919 1031 abnegaret
933 925 1123 1003 Christum
1138 926 1245 1031 cujus
1261 925 1378 1032 figura
1394 941 1471 1001 erat
1486 924 1551 1002 ibi.
1567 925 1660 1018 Qui,
1685 925 1774 1003 licet

356 1057 506 1144 invitus,
525 1055 627 1143 Iecit;
649 1070 687 1130 et
704 1072 795 1131 tunc
804 1056 970 1161 precepit
984 1053 1055 1131 sibi
1070 1054 1172 1131 idern
1184 1055 1368 1160 recipiens
1382 1054 1486 1160 quod
1499 1072 1650 1160 spueret
1663 1083 1773 1162 supra

356 1214 452 1274 eam,
476 1202 513 1261 et
532 1185 631 1291 spuit
649 1183 696 1259 ad
715 1202 864 1261 terram.

409 1317 656 1418 Interrogatus
669 1313 866 1419 quociens,
886 1312 977 1388 dixit
991 1342 1057 1418 per
1072 1302 1326 1418 juramentum
1342 1342 1450 1389 suum
1465 1315 1567 1420 quod
1581 1341 1658 1391 non
1673 1317 1774 1420 spuit

354 1444 424 1520 nisi
445 1439 577 1528 semel,
601 1458 638 1517 et
653 1440 701 1517 de
716 1441 790 1518 hoc
803 1441 900 1518 bene
913 1441 1141 1518 recordatur.
1163 1443 1431 1549 Interrogatus,
1452 1470 1538 1519 cum
1553 1443 1651 1519 vovit
1671 1445 1772 1521 casti·

351 1590 483 1660 tatem,
505 1572 535 1647 si
550 1569 621 1648 sibi
634 1569 705 1648 Iuit
719 1570 863 1678 aliquid
876 1569 1017 1647 dictum
1037 1569 1141 1676 quod
1155 1571 1413 1648 commisceret
1423 1599 1464 1647 se
1478 1571 1671 1648 carnaiiter
1685 1601 1772 1648 cum

351 1701 543 1789 fratribus,
572 1699 665 1777 dixit
681 1728 749 1806 per
762 1701 1019 1805 juramentum
1038 1729 1148 1778 suum
1168 1700 1272 1808 qnod
1290 1729 1384 1789 non,
1403 1728 1649 1807 necunquam
1668 1700 1769 1779 Iecit.

352 1833 563 1938 Requisitus
581 1859 651 1937 per
663 1831 918 1938 juramentum
937 1859 1047 1907 suurn
1068 1848 1193 1907 utrum
1211 1831 1270 1907 alii
1292 1829 1423 1908 fratres
1437 1830 1528 1907 dicti
1544 1831 1685 1908 ordinis
1704 1859 1772 1936 per

352 1961 458 2039 iIIum
469 1960 626 2038 modum
639 1960 875 2064 recipiantur,
899 1959 991 2035 dixit
1009 1960 1111 2064 quod
1132 1960 1252 2036 credit
1269 1959 1373 2065 quod
1394 1985 1471 2035 non
1485 1957 1600 2036 fuerit
1619 1959 1689 2035 sibi
1706 1960 1771 2036 ali-

351 2092 444 2198 quid
460 2090 600 2167 Iactum
617 2090 722 2194 quod
743 2116 816 2164 non
837 2087 901 2163 Iiat
916 2089 1013 2177 aliis,
1029 2107 1155 2164 tamen
1173 2089 1265 2165 dixit
1284 2089 1386 2195 quod
1399 2116 1538 2192 paucos
1554 2070 1653 2164 Iecit.
1670 2090 1771 2167 Dixit

350 2238 474 2296 tamen
495 2247 562 2324 per
576 2219 832 2324 juramentum
853 2246 963 2293 suum
993 2221 1096 2321 quod
1123 2235 1318 2324 postquam
1346 2235 1536 2322 receperat
1562 2217 1648 2295 illos
1677 2246 1770 2323 quos

351 2349 453 2436 fecit,
471 2347 700 2453 precipiebat
719 2346 943 2452 quibusdam
958 2346 1004 2422 de
1024 2347 1228 2424 astantibus
1247 2347 1300 2425 ihi
1320 2347 1425 2453 quod
1446 2347 1626 2425 ducerent
1644 2375 1709 2424 eos
1723 2349 1771 2424 ad

350 2496 508 2584 partem,
531 2477 750 2553 et-Incerent
768 2478 822 2552 eis
841 2476 882 2552 id
900 2476 1005 2582 quod
1024 2475 1220 2555 debebant.
1240 2479 1385 2553 Tamen
1399 2477 1492 2554 dixit
1506 2506 1573 2583 per
1585 2478 1772 2583 juramen-

348 2626 438 2684 turn.
456 2635 569 2684 snum
592 2606 696 2712 qnod
715 2605 937 2682 intencionis
965 2635 1030 2682 sue
1060 2623 1140 2682 erat
1163 2607 1269 2712 quod
1287 2604 1456 2683 Iacerent
1480 2623 1518 2683 et
1536 2607 1771 2712 preciperent

349 2736 443 2815 illud
458 2736 635 2842 eis-quod
654 2734 724 2813 sibi
744 2735 864 2812 Inerat
881 2734 1038 2834 Quum,
1060 2753 1099 2811 et
1117 2763 1187 2842 per
1204 2735 1312 2812 idum
1327 2735 1484 2812 modum
1499 2736 1767 2841 reciperentur.

349 2867 561 2972 Requisitus
580 2882 706 2942 utrum
720 2865 774 2954 vi,
790 2865 846 2941 vel
860 2857 962 2941 metu
983 2883 1257 2944 tormentorum
1273 2864 1331 2941 vel
1349 2866 1520 2955 carceris,
1549 2883 1614 2942 aut
1631 2865 1700 2941 alia
1722 2865 1767 2943 de

347 3024 470 3084 causa,
483 2995 645 3100 aliquam
660 2992 855 3070 falsitatem
873 2993 1007 3071 dixerit
1020 2994 1078 3072 vel
1098 2995 1346 3072 immiscuerit
1363 2995 1401 3071 in
1424 2994 1663 3100 deposicione
1684 3023 1765 3082 sna,

347 3143 412 3202 ant
422 3125 581 3202 tacuerit
598 3125 815 3212 veritatem,
828 3123 920 3200 dixit
934 3152 1002 3230 per
1015 3126 1271 3231 jurameutum
1289 3152 1404 3223 suum
1420 3124 1523 3230 quod
1538 3151 1629 3212 non,
1651 3124 1766 3202 immo

348 3254 440 3332 dixit
455 3282 589 3359 puram
605 3253 796 3330 veritatem
810 3271 964 3359 propter
977 3255 1133 3331 salutern
1152 3255 1275 3331 anime
1293 3281 1372 3331 sue.

401 3513 497 3588 Item
514 3539 633 3601 anno,
651 3511 864 3600 indicione,
887 3510 1127 3618 pontificatu,
1141 3540 1264 3600 anno,
1284 3541 1413 3590 mense
1434 3529 1472 3591 et
1490 3513 1552 3590 die
1574 3513 1764 3618 predictis,

347 3642 542 3747 inipsius
555 3641 801 3747 inquisitoris,
825 3659 998 3719 nostrum
1024 3642 1256 3722 notariorum
1277 3643 1513 3749 publicorum
1533 3659 1571 3721 et
1590 3642 1766 3720 infrascri-

346 3789 494 3877 ptarum
519 3773 720 3876 presencia
740 3772 1099 3852 constitutusvfrater
1119 3774 1306 3851 Iohannes
1330 3774 1382 3849 de
1407 3773 1513 3880 Cugy
1543 3771 1667 3850 custos
1689 3800 1765 3851 mo

345 3901 487 3979 landini
509 3902 687 3995 Parisius,
702 3901 936 3980 Beracensis·
955 3902 1130 3991 diocesis,
1152 3928 1227 3980 nnn
1248 3930 1447 3991 annorum,
1466 3903 1613 4008 juratus
1629 3903 1763 3980 eodem

344 4030 459 4109 modo
475 4030 600 4108 dicere
624 4031 672 4108 de
687 4047 787 4109 seet
804 4032 884 4109 aliis
909 4032 946 4107 in
968 4060 1077 4109 causa
1102 4031 1190 4109 fidei
1212 4031 1423 4121 veritatem,
1447 4048 1485 4108 et
1515 4032 1763 4138 interrogatus

345 4160 580 4265 detempore
606 4177 645 4237 et
666 4161 783 4238 modo
808 4189 874 4238 sue
907 4161 1272 4266 recepcIonis,-dixit
1289 4189 1358 4264 per
1378 4161 1636 4267 juramentum
1650 4188 1760 4237 suum

343 4288 448 4396 quod
477 4288 550 4366 fuit
576 4307 749 4395 receptus
777 4290 959 4367 inv-domo
982 4291 1195 4383 Parisiensi,
1222 4318 1258 4368 rx
1283 4307 1369 4367 sunt
1388 4291 1492 4377 anni,
1519 4314 1589 4395 per
1610 4290 1759 4367 fratrem

343 4419 541 4526 Hugonem
569 4419 619 4496 de
645 4419 834 4508 Paraudo,
853 4438 1026 4525 presente
1046 4421 1161 4498 fratre
1181 4420 1357 4501 Guidone
1386 4439 1603 4525 preceptore
1623 4411 1761 4499 Carno-

342 4548 455 4634 tensi,
478 4565 517 4624 et
532 4548 758 4654 quibusdam
777 4549 858 4626 aliis
873 4550 921 4627 de
935 4578 1099 4656 quorum
1119 4550 1337 4628 nominibus
1357 4577 1433 4626 non
1447 4549 1588 4627 recolit.
1609 4551 1657 4626 Et
1671 4549 1761 4626 dixit

344 4676 459 4753 eciam
480 4679 601 4782 quod,
626 4707 671 4755 eo
691 4696 842 4785 recepto
863 4697 901 4757 et
924 4679 1018 4758 facta
1040 4680 1288 4786 promissione
1314 4680 1361 4757 de
1384 4681 1531 4758 statutis
1553 4697 1592 4756 et
1609 4680 1760 4756 secretis

342 4804 458 4911 ipsius
477 4806 617 4887 ordinis
636 4809 890 4900 observandis,
912 4809 1036 4889 dictus
1048 4811 1233 4918 recipiens
1246 4811 1373 4917 posuit
1391 4810 1465 4889 sibi
1477 4808 1699 4887 mantellum
1712 4807 1758 4885 ad
1801 4791 1812 4802 ⁸
