4236 5948
342 575 415 647 tro
732 557 931 645 enonas
957 572 1052 643 ons
1078 572 1376 643 reuertens,

340 719 480 824 priore,
499 733 535 791 et
547 714 656 790 fratre
672 714 858 790 Bernardo
873 714 919 789 de
935 713 1083 789 Ardeua
1093 711 1233 788 lectore
1248 712 1544 798 Predicatorum‚
1561 730 1598 787 et
1612 712 1764 790 duobus

342 848 523 954 [frutribus
542 844 787 949 Minoribusll,
815 843 955 920 scilicet
979 841 1091 918 fratre
1111 840 1315 921 Guillelmo
1337 841 1488 918 Amaldi
1510 841 1706 947 gardiano,
1730 862 1765 919 et

341 977 452 1053 fratre
483 975 688 1055 Guillelmo
716 974 889 1052 Brendini
924 974 1068 1051 ordinis
1095 971 1248 1049 fratrum
1282 973 1473 1049 Minorum
1514 991 1764 1051 conventuum

343 1107 435 1211 [ville
453 1104 711 1209 PerpinicuiP];
742 1104 919 1181 adhibitis
948 1105 1062 1180 eciam
1087 1103 1196 1181 nobis
1224 1101 1343 1179 tribus
1369 1102 1521 1179 notariis
1544 1102 1709 1208 publicis
1728 1121 1763 1179 et

337 1237 486 1342 juratis,
503 1235 674 1312 videlicet
687 1237 795 1313 Petro
809 1235 1015 1343 Gayraudi,
1029 1236 1139 1311 Petro
1153 1233 1350 1340 Raylnaudi
1369 1249 1405 1311 et
1420 1233 1587 1340 Iohanne]
1607 1232 1655 1310 de
1668 1235 1763 1312 Villa

342 1367 462 1454 Clara,
490 1367 554 1472 qui
580 1385 791 1472 presentem
823 1366 1107 1471 inquisicionem
1128 1366 1345 1441 auctoritate
1375 1382 1411 1440 et
1436 1363 1608 1441 mandato
1635 1383 1764 1442 nostro

337 1497 429 1600 jussi
450 1515 536 1573 sunt
555 1496 715 1572 scribere
737 1510 773 1572 et
793 1495 957 1574 fideliter
978 1495 1025 1602 [in
1038 1499 1194 1600 somnam
1214 1494 1410 1600 pulblicam
1429 1495 1609 1601 redigere.
1631 1495 1766 1572 Citari-

342 1654 425 1702 mus
449 1654 517 1731 per
541 1645 686 1703 nostras
713 1644 881 1731 patentes
903 1627 1061 1714 litterae,
1088 1645 1126 1702 et
1154 1627 1256 1703 citari
1282 1626 1437 1702 fecimus
1469 1654 1536 1731 per
1560 1626 1763 1702 discretum

313 1768 317 1775 '
344 1757 461 1832 virum
483 1757 658 1862 [Jacotam
678 1760 824 1835 Martini
847 1760 1023 1863 officialem
1032 1755 1063 1862 2]
1084 1775 1256 1833 nostrum
1278 1756 1476 1832 Elnensem
1504 1784 1633 1833 omnes
1657 1759 1766 1831 Tem-

343 1886 477 1988 plarios
499 1888 696 1962 existentes
717 1888 753 1960 in
775 1887 872 1962 dicta
893 1889 1007 1965 domo
1023 1887 1141 1963 Mansi
1162 1887 1232 1963 Dei
1256 1904 1381 1962 nostre
1400 1884 1569 1962 Elnensis
1590 1886 1763 1973 diocesis,

345 2033 380 2089 et
398 2016 731 2119 eorum-singulos,
754 2043 838 2090 cum
862 2014 1002 2120 [uliusll
1031 2017 1070 2089 in
1091 2015 1186 2090 diota
1211 2031 1336 2091 nostra
1358 2014 1498 2091 diocesi
1520 2014 1615 2091 nulli
1645 2034 1766 2091 essent

344 2174 413 2221 nec
425 2147 498 2221 sint
512 2144 640 2221 fratres
656 2144 799 2220 ordinis
813 2143 902 2219 dicti
917 2143 1082 2248 Templi:
1093 2171 1250 2248 quarum
1261 2144 1416 2247 quidem
1429 2143 1634 2219 litterarum
1648 2144 1765 2220 forma

346 2274 552 2351 dinoscitur
567 2301 646 2350 esse
660 2273 743 2348 talis
759 2304 766 2345 :

403 2402 640 2509 Raymundus
669 2404 913 2480 miseracione
934 2402 1057 2478 divina
1082 2403 1253 2479 Elnensis
1279 2404 1491 2508 episcopus,
1519 2424 1694 2482 executor
1719 2407 1765 2481 ad

346 2533 572 2639 infrascripta
592 2562 611 2607 a
633 2533 731 2609 Sede
752 2533 952 2638 apostolica
976 2531 1193 2637 deputatus,
1222 2533 1383 2610 discreto
1407 2534 1486 2610 viro
1512 2535 1649 2613 Jacobo
1672 2538 1768 2614 Mar-

345 2664 413 2738 tini
440 2663 586 2741 officiali
612 2681 739 2740 nostro
765 2663 915 2739 Elnensi
943 2663 1100 2739 salutem
1121 2663 1160 2739 in
1185 2664 1349 2741 Domino
1369 2664 1646 2769 sempiternam.
1670 2667 1768 2744 Cum

346 2821 431 2880 nos,
448 2794 553 2900 juxta
579 2811 798 2898 preceptum
822 2793 1068 2898 apostolicum
1089 2792 1308 2870 litteratorie
1336 2793 1446 2870 nobis
1470 2793 1624 2885 sactum,
1655 2823 1769 2899 super

346 2922 510 2998 articulis
528 2923 637 2999 nobis
658 2925 779 3000 missis
806 2953 874 3028 per
896 2922 1143 3001 reverendum
1163 2924 1202 2998 in
1223 2923 1373 3000 Christo
1399 2941 1543 3029 patrem
1567 2924 1766 3000 dominum

345 3053 537 3159 Egidium,
568 3055 691 3129 diviua
715 3055 953 3158 providencia
979 3071 1102 3131 sancte
1132 3053 1380 3130 Narbonensis
1406 3054 1561 3131 ecclesie
1581 3055 1768 3159 archiepi-

347 3211 518 3289 scopum,
550 3202 676 3261 contra
708 3184 940 3290 Templarios
970 3185 1148 3291 degentes
1175 3184 1213 3260 in
1244 3185 1358 3261 domo
1386 3186 1503 3261 Mansi
1527 3185 1597 3262 Dei
1626 3185 1766 3262 milicie

346 3313 508 3417 Templi,
533 3332 657 3390 nostre
677 3315 846 3391 Elnensis
866 3315 1041 3401 diocesis,
1062 3315 1251 3420 inquirere
1271 3315 1511 3391 intendamus
1530 3316 1569 3390 in
1585 3333 1706 3393 castro
1720 3317 1767 3392 de

275 3440 278 3444 “
348 3440 543 3517 Trullariis
562 3445 690 3546 (quem
712 3444 867 3547 quidem
887 3443 1015 3520 locum
1031 3443 1226 3521 decentem
1248 3461 1286 3520 et
1305 3462 1534 3549 oportunum
1555 3445 1769 3549 putavimus

348 3569 394 3664 ad
413 3571 594 3675 predicta,
619 3601 703 3647 cum
721 3573 768 3648 sit
787 3574 1023 3680 propinquus
1043 3575 1113 3680 ipsi
1140 3569 1269 3651 domui
1290 3575 1408 3651 Mansi
1429 3574 1534 3678 Dei),
1556 3574 1662 3651 vobis
1682 3573 1769 3649 dici

347 3729 433 3777 mus
449 3719 485 3776 et
504 3703 725 3780 mandamus
744 3703 920 3812 quatinus
937 3706 985 3780 ad
1006 3706 1142 3782 dictam
1159 3705 1315 3782 domum
1335 3705 1452 3782 Mansi
1472 3704 1543 3782 Dei
1563 3704 1770 3809 personali·

347 3848 404 3907 ter
430 3834 666 3921 accedentes,
699 3864 741 3910 ex
770 3852 873 3940 parte
907 3853 1049 3923 nostra,
1079 3864 1167 3942 ymo
1195 3837 1317 3912 verius
1342 3833 1560 3941 apostolica,
1590 3834 1713 3911 citetis
1733 3851 1768 3910 et

347 3965 598 4067 peremptorie
630 3993 760 4041 omnes
790 3984 828 4041 et
847 3966 1015 4073 singulos
1036 3965 1172 4060 fratres¹
1186 3966 1284 4042 dicte
1306 3966 1442 4043 domus
1463 3985 1501 4042 et
1525 3965 1670 4042 ordinis
1689 3992 1769 4070 pre-

347 4092 467 4180 libati,
490 4112 532 4169 ut
552 4096 646 4170 sicut
664 4096 944 4172 mandabuntur
963 4125 1031 4201 per
1051 4124 1120 4172 nos
1140 4095 1364 4172 lieteratorie
1385 4096 1460 4173 sive
1479 4122 1548 4201 per
1566 4095 1766 4185 nuncium,

348 4224 481 4300 diebus
508 4224 664 4330 singulis
685 4242 722 4300 et
740 4225 974 4330 temporibus
994 4226 1238 4331 assignandis,
1259 4226 1298 4299 in
1319 4224 1419 4301 dicto
1443 4225 1526 4301 loco
1549 4226 1595 4301 de
1615 4225 1769 4301 'l’rulars

347 4371 586 4458 compareant
599 4357 846 4458 personaliter
865 4384 990 4432 coram
1000 4356 1127 4445 nobis,
1145 4372 1183 4431 et
1191 4355 1278 4431 viris
1292 4354 1567 4431 venerabilibus
1578 4372 1615 4432 et
1628 4354 1769 4431 discre-

346 4484 394 4559 tis
413 4484 523 4561 nobis
537 4486 641 4591 juxta
660 4485 877 4561 mandatum
898 4485 1142 4589 apostolicum
1162 4484 1365 4573 associatis,
1387 4484 1580 4561 Bernardo
1599 4485 1770 4589 Hugonis

348 4612 516 4720 deUrgio
526 4614 787 4691 archidiacono
801 4614 932 4720 majori
941 4675 950 4702 ,
960 4632 997 4690 et
1006 4615 1228 4721 Raymundo
1242 4613 1438 4693 Guillelmi
1452 4615 1601 4690 sacrista
1612 4614 1768 4692 ecclesie

347 4740 535 4832 Elnensis,
551 4771 698 4819 necnon
709 4743 892 4851 religiosis
904 4743 1080 4823 fratribus
1093 4745 1431 4824 BemardoMarcbi
1444 4744 1569 4850 priore
1585 4761 1622 4821 et
1636 4745 1770 4821 Beren

348 4871 452 4979 gario
476 4872 524 4950 de
548 4872 696 4950 Ardena
719 4875 857 4951 lectore
883 4875 1032 4952 ordinis.
1051 4877 1349 4968 Predicatorum3
1380 4874 1589 4955 Guillelmo
1615 4874 1768 4953 Amaldi
