4236 5948
649 544 842 639 rnocns
870 568 964 640 uns
992 568 1296 643 rnurnrsns.
1639 578 1686 651 ss

257 706 495 812 deposicione
516 732 584 810 per
611 732 699 782 eum
715 704 810 785 facta
829 738 955 817 coram
977 710 1079 788 dicto
1099 688 1256 789 domino
1277 711 1454 818 episcopo
1475 713 1685 794 Parisiensi.

309 836 527 946 Requi'situs
561 835 592 912 si
626 835 679 912 sic
710 836 937 944 deposuerat
965 869 1092 948 prece,
1129 860 1324 949 precept0,
1356 843 1512 938 timore,
1542 875 1687 939 amore,

257 968 360 1060 odio,
388 968 449 1047 vel
470 966 671 1075 temporali
697 972 859 1049 comodo
882 973 1013 1051 habito
1041 974 1100 1050 vel
1130 973 1329 1066 habendo,
1359 976 1554 1081 respondit
1581 982 1687 1086 quod

254 1129 344 1189 uon,
377 1101 446 1180 sed
474 1127 543 1207 pro
576 1099 728 1178 veritate
754 1101 934 1195 dicenda;
966 1105 1025 1182 cui
1052 1103 1124 1182 suit
1149 1104 1364 1213 injunctum
1390 1107 1495 1214 quod
1523 1139 1600 1187 non
1625 1140 1685 1188 re-

255 1233 391 1311 velaret
407 1233 504 1310 hanc
523 1259 630 1311 suam
653 1232 934 1339 deposicionem
954 1264 1153 1344 quousque
1176 1238 1435 1317 attestaciones
1454 1239 1596 1319 suerint
1614 1272 1685 1348 pu-

254 1363 399 1442 blicata.
854 1383 857 1388 ’

306 1632 437 1707 Frater
465 1627 652 1706 Robertus
689 1627 726 1704 le
759 1627 910 1706 Verrier
938 1627 1273 1738 Rothomagensis,
1306 1629 1497 1708 iohannes
1526 1631 1573 1710 de
1606 1632 1684 1712 Bali

253 1760 532 1853 Ambianensis,
564 1759 779 1867 Stephanus
806 1758 854 1836 de
881 1761 1014 1837 Turno
1033 1760 1234 1866 presbiter,
1266 1779 1305 1838 et
1329 1761 1489 1839 hcobus
1519 1762 1567 1840 de
1588 1763 1686 1844 Villa

252 1893 391 1971 Parisia
402 1889 639 1982 Parisiensis,
655 1920 697 1966 ac
715 1890 907 1967 iohannes
925 1889 972 1967 de
985 1891 1191 2001 Fregevissa
1207 1891 1437 1968 Sunonensis
1458 1892 1682 1988 diocesim,

250 2022 405 2103 adducti
420 2051 491 2130 pro
510 2023 673 2100 testibus
693 2021 742 2099 ad
755 2021 989 2128 presenciam
1007 2023 1230 2101 eorumdem
1248 2023 1494 2101 dominorum
1511 2025 1686 2102 commis-

245 2156 453 2243 sariorum,
465 2137 705 2263 jnraverunt,
722 2153 828 2230 tactis
843 2152 1084 2232 sacrosanctis
1099 2153 1325 2264 Evangeliis,
1342 2154 1468 2232 dicere
1483 2155 1521 2230 in
1535 2155 1607 2233 isto
1617 2184 1685 2235 ne·

241 2287 359 2392 gocio
374 2286 528 2393 plenam
539 2303 578 2364 et
591 2315 736 2363 meram
750 2285 962 2376 veritatem,
977 2287 1189 2365 secundum
1201 2286 1362 2364 formam
1375 2287 1584 2395 juramenti
1599 2286 1685 2367 alio·

239 2446 336 2495 rum
349 2418 504 2495 testium
517 2417 692 2523 superius
703 2418 954 2525 registratam,
970 2418 1176 2523 expositam
1195 2437 1233 2497 et
1248 2417 1511 2526 vulgarizatam
1526 2420 1681 2496 eisdem.

306 2549 398 2628 Acta
417 2549 574 2627 fuerunt
591 2550 662 2626 hec
684 2549 792 2626 dictis
813 2551 874 2627 die
896 2566 934 2627 et
953 2548 1053 2641 loco,
1069 2551 1310 2658 presentibus
1329 2544 1507 2658 magistro
1521 2549 1681 2639 Amisi0‚

235 2711 311 2760 me
330 2681 589 2760 Floriamonte
601 2681 821 2773 Dondedei,
844 2700 882 2759 et
901 2682 984 2759 aliis
1003 2683 1159 2760 notariis
1179 2712 1291 2788 supra
1311 2682 1446 2761 ultimo
1461 2682 1683 2773 nominatis,

233 2812 322 2892 hoc
341 2812 444 2891 salvo
463 2815 570 2921 quod
589 2814 714 2891 dictus
738 2815 915 2921 magister
939 2812 1104 2891 Amisius
1123 2842 1200 2890 non
1221 2813 1392 2890 interfuit
1414 2814 1683 2891 examinacioni

233 2945 376 3022 ultimi
390 2944 512 3034 testis,
534 2973 604 3022 nec
618 2945 742 3022 dictus
758 2945 935 3053 magister
946 2946 1056 3051 Hugo
1073 2943 1284 3050 recepcioni
1301 2960 1339 3019 et
1346 2943 1565 3048 juramento
1577 2943 1684 3050 quin-

233 3105 326 3184 que
344 3066 507 3156 testibus
526 3074 762 3183 supradictis.

308 3339 398 3416 Post
408 3339 491 3429 hec,
508 3337 569 3416 die
583 3337 740 3416 Veneris
752 3336 926 3444 sequenti
938 3396 946 3424 ,
959 3364 1034 3443 que
1045 3335 1117 3414 fuit
1126 3363 1174 3414 xn
1188 3336 1269 3415 dies
1282 3336 1372 3414 dicti
1383 3336 1525 3414 mensis
1536 3338 1681 3432 Marcii,

231 3468 323 3546 fuit
331 3468 519 3546 adductus
529 3468 577 3545 ad
587 3467 821 3574 presenciam
835 3466 1059 3545 eorumdem
1069 3466 1315 3547 dominorum
1326 3467 1681 3562 commissariorum,

234 3601 290 3677 in
316 3601 435 3678 domo
459 3599 629 3708 predicta
653 3599 811 3676 fratrum
837 3599 1044 3691 Minorum,
1073 3597 1187 3676 irater
1212 3600 1426 3706 Stephanus
1456 3598 1503 3676 de
1530 3602 1683 3690 Turno,

232 3733 438 3838 presbiter
452 3732 671 3810 Parisiensis
688 3731 862 3840 diocesis,
880 3730 986 3808 testis
1001 3759 1114 3838 supra
1132 3732 1298 3839 juratus,
1326 3749 1369 3809 ut
1393 3731 1601 3840 deponeret
1627 3734 1685 3812 di·

240 3881 357 3941 ctum
372 3892 501 3953 suum,
518 3862 672 3969 triginta
694 3889 881 3938 annorum
901 3861 960 3938 vel
980 3862 1092 3950 circa,
1109 3862 1175 3968 qui
1191 3860 1417 3939 mantellum
1436 3861 1631 3941 dimiserat
1644 3865 1685 3940 in

240 3992 413 4072 concilio
422 3993 630 4071 Senonensi
641 4055 650 4084 ,
661 3993 750 4099 quia
765 3991 859 4070 inibi
867 4018 935 4098 per
947 3993 1153 4099 quemdam
1165 3983 1391 4070 servientem
1403 3991 1525 4070 fuerat
1537 4013 1691 4072 amotus·

244 4125 300 4203 ab
321 4154 385 4217 eo,
415 4154 502 4203 cum
529 4153 606 4232 quo
630 4123 855 4233 inquisitum
881 4123 1020 4211 fuerat,
1048 4124 1244 4202 absolutus
1269 4141 1308 4200 et
1331 4124 1593 4200 reconciliatus
1616 4152 1684 4232 per

250 4258 455 4335 dominum
475 4258 692 4365 episcopum
707 4257 970 4346 Parisiensem,
992 4257 1266 4363 protestacione
1283 4256 1462 4363 premissa
1481 4257 1586 4361 quod
1605 4283 1683 4333 non

252 4388 421 4468 intendit
439 4389 616 4467 recedere
639 4419 660 4467 a
682 4389 925 4497 deposicione
945 4416 1013 4495 per
1031 4415 1120 4465 eum
1142 4388 1236 4465 facta
1256 4417 1380 4465 coram
1403 4387 1503 4463 dicto
1526 4386 1684 4466 domino

254 4508 658 4628 episcopo‘Parisiensi.
673 4522 796 4599 Lectis
814 4539 852 4599 et
867 4521 1070 4627 diligenter
1085 4520 1260 4627 expositis
1275 4519 1346 4598 sibi
1365 4518 1543 4596 omnibus
1554 4536 1597 4618 ,et
1615 4519 1686 4598 sin·
1758 4620 1763 4629 ‚

255 4653 352 4760 gulis
369 4652 555 4745 articulis,
577 4652 774 4759 respondit
794 4682 834 4730 se
859 4652 1018 4740 nescire,
1046 4681 1118 4737 nec
1132 4650 1316 4728 audivisse
1340 4649 1413 4727 dici
1436 4649 1485 4727 de
1500 4651 1685 4730 contentis

258 4782 362 4863 ineis
377 4783 450 4862 nisi
465 4784 571 4892 qnod
588 4785 771 4892 sequitur.
788 4785 889 4864 Dixit
904 4785 1005 4861 enim
1020 4781 1143 4890 quod,
1161 4782 1258 4860 cirea
1272 4782 1414 4860 instans
1432 4781 1572 4860 festum
1588 4782 1686 4861 Nati·

257 4916 377 4994 vitatis
391 4916 493 5003 beati
512 4917 693 4995 Johannis
712 4918 877 5025 Baptiste
895 4933 1008 4995 erunt
1027 4933 1112 4994 octo
1131 4916 1219 4995 anni
1239 4915 1299 4994 vel
1314 4916 1425 5007 circa,
1447 4914 1561 4992 frater
1574 4915 1684 5021 Hugo
1771 4965 1797 4992 .-

1506 5072 1534 5130 5.
