4236 5948
616 523 813 616 esoces
845 541 941 615 ons
971 539 1275 615 rennuens.
1583 543 1654 614 iao

227 688 317 797 regii
342 685 563 772 servientes,
587 712 682 792 qnos
705 684 753 761 ad
771 682 978 760 ridendum
999 711 1063 761 eos
1081 684 1123 760 in
1148 711 1333 762 carcerem
1360 679 1519 758 fecimus
1538 681 1655 759 intro·

229 820 331 907 duci,
353 816 467 895 nobis
485 817 562 894 vive
582 815 682 893 vocis
706 813 859 892 oraculo
879 814 1108 905 retulerunt,
1131 832 1169 893 et
1189 809 1320 893 fratres
1340 812 1459 892 eciam
1484 811 1548 918 qui
1569 814 1656 889 mit·

226 967 362 1028 tuntur
371 947 619 1057 jurejurando
636 947 851 1035 firmarunt,
869 944 974 1052 quod
995 944 1066 1053 ipsi
1081 945 1161 1023 sine
1175 944 1344 1051 periculo
1365 943 1478 1021 morti
1489 943 1563 1022 sire
1578 972 1655 1021 oon

228 1096 401 1187 poterant
425 1105 495 1154 nec
520 1078 679 1184 portari3
700 1077 803 1154 unde
821 1103 936 1182 super
960 1076 1032 1155 hoc
1058 1105 1129 1154 nos
1153 1076 1292 1154 habere
1317 1073 1524 1183 dignemini
1544 1102 1656 1151 excu-

228 1227 337 1288 satos.
365 1209 507 1287 Datum
527 1208 566 1283 in
597 1207 814 1285 testimonio
841 1205 953 1314 sigilli
976 1207 1113 1297 nostri,
1139 1209 1199 1285 die
1226 1205 1423 1285 Dominioa
1449 1222 1533 1311 post
1558 1222 1657 1281 octa-

228 1341 293 1417 bas
311 1340 467 1425 Paeone,
485 1338 679 1429 Xantonis,
701 1364 800 1412 anno
820 1336 973 1415 Domini
992 1335 1194 1414 millesimo
1215 1351 1296 1415 occ⁰
1315 1350 1377 1417 11⁰.
1392 1334 1552 1411 Nomina
1565 1362 1655 1411 sero

229 1470 380 1547 illorum
400 1467 467 1576 qui
487 1467 691 1545 mittuntur
709 1484 796 1544 sunt
812 1467 882 1546 hec
900 1498 908 1544 τ
926 1466 1039 1544 frater
1053 1467 1281 1546 Guillelmus
1301 1462 1351 1545 de
1368 1465 1561 1554 Sorolme,
1584 1464 1656 1542 fra·

227 1618 286 1677 ter
306 1602 414 1707 Hugo
433 1615 633 1705 preceptor
649 1596 791 1674 domus
811 1595 907 1674 deus
929 1598 1113 1703 Espanea,
1141 1597 1255 1674 frater
1275 1595 1505 1675 Guillelmus
1530 1595 1656 1673 Aude-

229 1733 322 1824 bon,
351 1731 465 1808 frater
491 1734 623 1808 Petrus
650 1730 700 1806 de
728 1730 886 1821 Nolhac,
908 1728 1023 1808 frater
1047 1732 1181 1808 Petrus
1209 1732 1256 1809 de
1283 1730 1521 1821 Molendino,
1543 1729 1658 1817 frater

231 1863 354 1939 llelias
380 1861 525 1950 Gotsti,
554 1860 667 1938 frater
691 1861 824 1937 Petrus
850 1860 885 1937 la
902 1861 1063 1938 Vernha.
1092 1863 1202 1952 Item,
1230 1862 1383 1939 nomina
1406 1860 1560 1938 illorum
1589 1861 1654 1968 qui

229 1991 369 2069 infirmi
404 2007 665 2068 remanserunt
689 1983 777 2066 sunt
805 1991 906 2066 hec:
933 1989 1045 2067 irater
1073 1991 1183 2096 Hugo
1214 2008 1412 2097 preceptor
1444 1991 1582 2068 domus
1607 1991 1655 2066 de

232 2123 406 2230 &omae
429 2119 544 2197 frater
567 2122 700 2198 Petrus
721 2118 893 2198 Aurini..

287 2386 473 2491 Postque
500 2381 716 2460 immediate
745 2410 871 2461 coram
901 2381 982 2460 aliis
1008 2382 1172 2460 dominis
1198 2382 1462 2461 commissariis
1475 2383 1658 2490 predictis

232 2513 353 2591 dictus
373 2512 485 2590 frater
499 2510 729 2592 Guillelmus
746 2513 794 2589 de
809 2512 1026 2602 Soromina,
1047 2508 1277 2590 mantellum
1286 2511 1430 2590 ordinis
1446 2527 1484 2589 et
1500 2513 1655 2592 barbam

231 2644 432 2734 defferens,
455 2658 538 2721 ω’
558 2670 744 2720 annorum
765 2642 821 2721 vel
841 2644 953 2730 circe,
976 2671 1063 2719 cum
1086 2670 1164 2749 quo
1185 2643 1410 2751 inquisitum
1432 2641 1569 2729 fuerat,
1592 2645 1657 2722 ab-

232 2773 378 2852 solutus
398 2791 436 2850 et
454 2771 716 2850 reconciliatus
734 2765 962 2879 per‘dictum
983 2773 1181 2849 dominum
1203 2773 1418 2879 episcopum
1439 2773 1656 2850 Xantonena

232 2933 327 2998 sem,
349 2904 456 2987 lectis
475 2921 516 2981 et
534 2904 734 3010 diligenter
754 2904 930 3010 expositis
949 2903 1020 2981 sibi
1040 2903 1218 2981 omnibus
1240 2922 1278 2980 et
1297 2902 1455 3010 singulis
1471 2903 1654 2991 articulis,

232 3035 428 3140 respondit
443 3061 482 3112 se
498 3034 658 3121 nescire,
681 3062 750 3110 nec
770 3033 941 3124 credere,
962 3060 1033 3109 nee
1051 3032 1237 3109 audivisse
1254 3030 1327 3108 dici
1349 3031 1396 3109 de
1412 3032 1598 3111 contentis
1617 3034 1655 3109 in

235 3165 287 3241 eis
312 3164 386 3241 nisi
411 3162 516 3271 quod
540 3162 722 3269 sequitur,
750 3161 839 3269 quia
865 3190 942 3239 non
972 3161 1194 3239 interfuerat
1218 3161 1389 3268 capitulis
1409 3189 1561 3252 eorum,
1587 3191 1657 3241 nec

233 3294 326 3371 vidit
344 3293 509 3400 aliquem
534 3292 650 3371 alium
677 3290 792 3399 recipi
813 3292 852 3368 in
874 3292 1024 3381 ordine,
1046 3293 1135 3370 licet
1159 3291 1372 3371 interfuerit
1397 3292 1551 3400 quando
1579 3294 1656 3375 duo

234 3422 396 3514 Picardi‚
411 3450 576 3528 quorum
590 3422 744 3499 nomina
757 3439 795 3499 et
806 3422 1032 3529 cognomina
1050 3423 1215 3530 ignoret,
1238 3423 1514 3530 requisiverunt
1533 3424 1658 3501 Ande-

234 3556 331 3661 gavis
350 3581 390 3629 se
405 3550 520 3659 recipi
541 3553 580 3628 in
595 3553 745 3642 ordine,
761 3553 830 3631 sed
844 3554 998 3631 recessit
1010 3571 1165 3659 propter
1179 3552 1300 3632 officia
1313 3583 1387 3660 que
1403 3556 1557 3662 gerebat
1572 3573 1658 3632 ante

234 3701 363 3760 votum
378 3682 556 3762 emissum
570 3711 638 3788 per
653 3711 718 3760 eos
734 3702 771 3759 et
786 3700 870 3760 ante
886 3683 1341 3774 tradicionemmantelli,
1359 3702 1396 3761 et
1416 3686 1535 3761 nescit
1553 3687 1659 3792 quod

235 3813 287 3889 ibi
311 3830 434 3890 actum
456 3811 538 3890 tuit.
564 3812 668 3891 Dixit
689 3830 817 3891 autem
842 3842 882 3890 se
907 3811 1020 3890 luisse
1046 3832 1240 3920 receptum
1265 3843 1333 3920 per
1359 3813 1512 3892 fratrem
1534 3817 1658 3894 Olive

234 3943 335 4019 rium
369 3943 607 4021 Flamentum
646 3943 805 4020 militem
837 3944 1053 4049 quondam,
1083 3944 1124 4020 in
1156 3942 1320 4051 quadam
1349 3972 1496 4022 camera
1522 3945 1659 4024 domus

235 4073 384 4179 Templi
405 4072 453 4151 de
479 4074 609 4151 Castro
635 4071 815 4151 Bernardi
835 4073 1086 4150 xantonensis
1100 4073 1276 4164 diocesis,
1301 4073 1340 4149 in
1362 4073 1502 4150 octabis
1521 4075 1658 4152 Pasche
1763 4067 1765 4071 ¹

235 4202 406 4309 proximo
425 4204 595 4310 preteriti
610 4202 772 4281 *luerunt
791 4220 875 4283 octo
898 4205 986 4280 anni
1005 4205 1065 4281 vel
1086 4204 1200 4295 circa,
1222 4203 1458 4310 presentibus
1480 4202 1659 4282 fratribus

236 4333 504 4412 Bartholomeo
523 4336 675 4413 Morleti
699 4353 792 4412 tunc
819 4353 1040 4442 preceptore
1065 4336 1204 4414 domus
1222 4336 1271 4412 dc
1291 4335 1468 4440 Dompno
1489 4333 1659 4443 Engolis·

236 4464 376 4542 mensis
401 4465 578 4556 diocesis,
607 4464 779 4544 Arnuldo
804 4465 852 4546 de
877 4464 1104 4572 Aldingena‚
1131 4465 1238 4573 cujus
1262 4491 1472 4574 cognomen
1491 4464 1656 4572 ignorat,

237 4621 331 4701 quos
349 4594 469 4672 credit
483 4596 615 4682 vivere,
636 4613 675 4673 et
689 4598 799 4706 llugo
817 4596 866 4673 de
880 4598 1033 4685 Nersae,
1055 4594 1286 4673 teste-hodie
1301 4595 1441 4703 jurato,
1453 4594 1525 4702 qui
1539 4594 1660 4675 edluit

236 4723 422 4830 principio
447 4725 676 4832 recepcionis
699 4753 767 4804 sue
791 4725 858 4802 sed
878 4747 960 4803 non
980 4722 1068 4812 fini,
1090 4723 1156 4831 qui
1175 4725 1357 4803 recedens
1374 4725 1660 4804 recommenda-

236 4853 286 4930 vit
305 4855 431 4960 ipsum
444 4871 580 4934 testem
601 4855 702 4933 dicto
717 4857 918 4962 receptori,
942 4855 1071 4933 dicens
1089 4854 1193 4962 quod
1213 4853 1261 4931 de
1282 4882 1329 4934 eo
1347 4854 1486 4934 laceret
1499 4853 1657 4933 sicuodc
