4236 5948
439 492 492 577 ²²²
581 498 1315 632 '''rnocssnnsrunrr1nns.
1463 652 1469 659 ¹
1618 564 1689 636 asi

272 697 344 774 sibi
368 694 615 786 mantellum,
639 710 677 772 et
697 695 775 800 ipse
799 713 837 773 et
856 724 988 773 omnes
1008 704 1168 776 astantes
1190 698 1345 777 luerunt
1368 728 1456 776 eum
1479 702 1635 780 osculati
1654 705 1695 780 in

273 854 349 905 ora.
369 827 543 933 Postque
560 825 681 902 dictus
697 842 869 931 receptor
885 827 1052 933 precepit
1064 828 1098 903 ei
1114 828 1219 934 quod
1234 829 1436 935 abnegaret
1447 830 1591 920 Deum,
1606 834 1695 939 quia

272 955 346 1035 boc
364 973 443 1033 erat
459 956 507 1033 de
525 955 711 1062 preceptis
729 955 888 1044 ordinis,
911 975 948 1032 et
965 957 1044 1062 ipsc
1060 957 1181 1043 testis,
1203 959 1268 1065 qui
1289 959 1454 1037 babebat
1471 961 1694 1051 mantellum

272 1105 311 1165 et
334 1115 411 1164 non
432 1103 580 1193 poterat
592 1086 846 1179 retrocedere,
865 1087 1060 1193 abnegavit
1078 1090 1204 1165 Deum
1222 1118 1304 1179 ore,
1324 1118 1401 1166 non
1420 1091 1550 1178 corde,
1567 1090 1696 1170 turha

271 1233 334 1294 tus
358 1234 397 1297 et
416 1216 565 1307 dolens,
592 1233 635 1293 ut
657 1216 761 1293 dixit.
785 1216 932 1295 Deinde
952 1217 1063 1294 allata
1082 1247 1150 1324 per
1168 1219 1313 1297 dictum
1334 1219 1585 1325 presbiterum
1605 1250 1696 1328 qus·

274 1348 362 1425 dam
380 1376 488 1425 cruce
505 1346 632 1454 lignea
649 1348 689 1426 in
704 1375 778 1454 qua
795 1364 875 1425 erat
888 1376 1022 1454 ymago
1043 1349 1219 1427 Cnrcifixi
1243 1349 1407 1455 depicta,
1429 1367 1515 1426 ante
1537 1378 1602 1428 eos
1616 1350 1695 1429 col·

273 1477 411 1567 locata,
433 1478 601 1585 precepit
621 1478 654 1555 ei
676 1506 811 1583 spuere
831 1507 944 1584 supra
965 1478 1100 1555 dictam
1120 1508 1285 1570 crucem,
1310 1496 1349 1556 et
1368 1481 1446 1586 ipse
1465 1481 1572 1559 testis
1593 1487 1695 1589 spuit

269 1612 391 1719 juxta,
416 1638 494 1687 non
518 1637 642 1715 supra.
661 1608 909 1686 Postmodum
933 1609 1027 1685 dixit
1047 1610 1082 1684 ei
1107 1609 1228 1686 dictus
1247 1627 1418 1714 receptor
1438 1610 1543 1716 quod
1561 1639 1695 1690 secun·

273 1739 365 1819 dum
391 1758 527 1846 puncta
558 1739 648 1816 dicti
673 1737 819 1815 ordinis
845 1755 991 1844 poterat
1019 1738 1100 1815 aliis
1129 1739 1304 1816 fratribus
1329 1739 1473 1817 ordinis
1499 1741 1696 1821 carnaliter

274 1871 526 1963 commisceri,
547 1856 586 1946 et
603 1869 673 1975 ipsi
692 1898 778 1946 cum
795 1897 859 1958 θος
878 1870 952 1961 boc
964 1869 1290 1958 tamennonlecit,
1310 1898 1380 1946 nec
1391 1869 1463 1946 tuit
1474 1871 1692 1976 requisitus,

273 2027 345 2077 nec
364 2000 484 2079 credit
504 2000 608 2106 quod
628 2000 666 2075 in
688 1999 822 2076 ordine
848 2001 966 2076 lieret.
993 1998 1075 2075 Alia
1094 1999 1224 2075 illicita
1248 2027 1325 2075 non
1348 2000 1632 2079 intervenerrmt
1654 2004 1695 2082 io

275 2130 374 2208 dieta
395 2159 460 2208 sua
473 2129 703 2235 ‚reeepcione
726 2157 796 2205 nec
815 2145 918 2234 post,
945 2147 983 2205 et
1006 2129 1126 2206 credit
1144 2129 1250 2235 quod
1268 2130 1399 2207 eadem
1414 2129 1543 2207 illicita
1563 2151 1601 2209 et
1616 2160 1695 2212 non

274 2259 344 2337 alia
367 2260 649 2337 intervenerunt
671 2258 922 2335 communiter
938 2275 976 2335 et
999 2259 1142 2364 ubique
1165 2261 1204 2335 in
1226 2259 1512 2365 reeepcionihus
1535 2262 1694 2340 aliorum

274 2391 332 2468 vel
351 2409 447 2497 post.
466 2388 620 2467 Nullum
639 2387 755 2465 alium
774 2404 900 2466 tamen
921 2388 1014 2465 vidit
1033 2388 1166 2493 recipi,
1189 2416 1259 2465 nec
1280 2387 1353 2465 luit
1371 2389 1471 2466 ultra
1485 2418 1608 2482 mare,¹
1626 2418 1696 2471 noa

274 2520 445 2599 interfuit
464 2518 633 2624 capitulis
655 2519 888 2595 eommdem.
915 2519 1029 2606 Item,
1055 2519 1148 2595 dixit
1172 2518 1275 2623 quod
1295 2517 1375 2623 ipse
1397 2518 1496 2596 bene
1519 2520 1696 2599 madebat

276 2649 529 2727 ecclesiasticis
553 2648 806 2736 sacramentis,
835 2647 991 2724 eredens
1012 2649 1117 2753 quod
1141 2648 1204 2723 alii
1232 2646 1363 2724 tratres
1389 2648 1532 2725 ordinis
1558 2650 1694 2728 eodem

275 2781 390 2857 modo
411 2780 625 2869 crederent,
646 2797 683 2855 et
697 2777 803 2884 quod
817 2805 948 2854 eorum
965 2778 1174 2854 sacerdotes
1187 2777 1315 2853 debite
1330 2777 1573 2856 celebrarant.
1590 2783 1695 2858 Jura·

275 2910 326 2987 vit
343 2909 517 2987 ordinem
536 2937 615 2986 non
628 2909 746 2996 exire,
766 2908 924 2985 credens
940 2910 1044 3013 quod
1059 2908 1121 2983 alii
1137 2909 1241 2985 idem
1251 2909 1434 3015 jurarent.
1450 2909 1694 2988 Clandestine

275 3039 561 3146 recipiebantur,
582 3038 698 3116 nullis
712 3038 950 3145 presentibus
967 3038 1036 3115 nisi
1053 3038 1230 3116 iratribus
1248 3039 1407 3129 ordinis,
1425 3069 1469 3115 ex
1483 3066 1559 3145 qno
1576 3040 1695 3118 credit

275 3170 379 3276 quod
405 3187 503 3247 esset
527 3168 689 3274 suspicio
714 3185 843 3246 contra
866 3195 942 3245 eos.
969 3147 1144 3245 Cordulis
1170 3168 1273 3244 unde
1297 3167 1472 3246 volebant
1496 3170 1695 3275 assumptis
1764 3179 1771 3195 '

275 3300 519 3407 cingebantur
548 3327 661 3404 super
686 3298 853 3376 camisias
881 3327 968 3374 cum
997 3298 1137 3403 quibus
1159 3297 1344 3405 jacebant.
1374 3299 1542 3375 Predicta
1567 3298 1695 3378 illicita

275 3430 480 3509 confessata
498 3460 566 3537 per
583 3458 671 3506 eum
686 3427 805 3507 lacere
826 3446 1040 3506 recusantes
1060 3445 1098 3505 et
1112 3445 1253 3506 secreta
1268 3428 1531 3534 capituliorum
1542 3428 1603 3506 vel
1615 3457 1696 3509 mo·

275 3561 367 3638 dum
380 3561 614 3667 reeepcionis
628 3559 834 3637 revelantes
847 3559 1007 3636 luissent
1018 3560 1176 3665 graviter
1190 3560 1328 3665 puniti,
1342 3578 1390 3636 ut
1401 3562 1531 3638 credit.
1548 3564 1696 3639 Fratres

275 3690 419 3769 ordinis
443 3689 582 3796 quibus
606 3689 726 3767 credit
750 3705 838 3766 nota
864 3689 978 3767 luisse
1006 3689 1103 3765 dicta
1133 3689 1262 3765 illicita
1287 3688 1491 3767 oonlessata
1514 3719 1583 3795 per
1605 3718 1693 3768 eum

274 3818 429 3897 suerunt
454 3818 704 3927 negligentes,
728 3818 912 3925 quianon
933 3836 1175 3897 correxerunt
1193 3847 1263 3894 nec
1283 3819 1607 3897 denunciaverunt
1622 3821 1694 3898 Eo·

276 3948 398 4031 clesie.
423 3948 677 4027 Elemosinam
698 3967 735 4026 et
754 3948 1046 4055 hospitalitatem
1065 3948 1159 4025 vidit
1177 3947 1441 4024 convenienter
1460 3945 1542 4024 lieri
1563 3966 1602 4026 et
1619 3977 1695 4026 sar·

275 4080 350 4157 vari
367 4080 408 4156 in
430 4078 606 4158 domibus
626 4079 771 4158 ordinis
787 4080 827 4156 in
845 4080 985 4186 quibus
1006 4079 1144 4155 exstitit
1162 4095 1423 4157 commoratus.
1443 4077 1601 4155 Audivit
1620 4077 1693 4157 diei

276 4210 380 4317 quod
404 4238 538 4287 eorum
560 4209 752 4316 capitulia,
773 4210 901 4316 januis
925 4208 1076 4298 clausis,
1102 4227 1187 4314 post
1206 4207 1454 4294 matutinum,
1473 4206 1588 4284 nullis
1608 4236 1694 4314 prs·

275 4339 444 4417 sentibus
463 4338 534 4415 nisi
552 4339 732 4417 fratribus
751 4340 911 4429 ordinis,
934 4338 1169 4417 tenebantur.
1188 4337 1371 4417 Ordinata
1387 4366 1457 4444 per
1476 4336 1693 4443 Magistrum
1780 4407 1783 4413 .

276 4499 362 4547 cum
381 4485 569 4547 conventu
588 4486 767 4547 servasset
783 4487 887 4547 totus
905 4472 1014 4561 ordo,
1031 4486 1290 4573 contraquam
1304 4496 1405 4545 nune
1423 4467 1579 4576 grandia
1596 4496 1696 4546 soen·

277 4599 380 4689 dala,
406 4599 569 4706 suspicio
590 4615 629 4678 et
648 4600 800 4676 infamia
819 4617 909 4679 sunt
927 4618 1067 4677 exorta·
1089 4601 1138 4676 Et
1161 4599 1240 4703 ipse
1265 4599 1390 4689 testis,
1419 4616 1575 4705 propter
1596 4599 1694 4677 diota

275 4730 405 4809 illicita
430 4729 635 4808 confessata
658 4759 726 4837 per
750 4760 837 4809 eum
862 4748 900 4807 et
925 4747 1079 4837 propter
1102 4728 1318 4835 asperitates
1343 4729 1503 4819 ordinis,
1530 4728 1695 4807 libenter

277 4862 444 4941 exivisset
462 4859 607 4938 dictum
629 4863 819 4953 ordinem,
839 4862 912 4940 nisi
932 4862 1002 4940 sibi
1023 4861 1210 4939 timuisset
1231 4860 1279 4937 de
1304 4857 1693 4938 excommunicacione

1499 4998 1548 5058 32.
