4236 5948
741 519 939 614 proces
971 539 1065 612 uns
1097 540 1402 615 ratramnus.
1687 549 1763 619 267

343 680 450 757 cione
471 709 538 758 sua
556 681 659 788 quod
675 682 908 759 conculcaret
927 711 1091 773 crucem,
1110 683 1176 759 sed
1197 684 1275 788 ipse
1292 712 1374 760 eam
1392 680 1516 759 noluit
1534 685 1764 765 conculcare.

343 811 455 900 Item,
474 812 568 888 dixit
589 812 693 918 quod
713 813 792 918 ipse
813 813 911 891 bene
932 813 1109 889 credebat
1131 813 1388 891 ecclesiasticis
1411 816 1666 907 sacramentis,
1687 847 1767 894 cre-

344 943 436 1018 dens
451 944 557 1049 quod
572 942 634 1018 alii
650 941 782 1020 fratres
797 943 939 1020 ordinis
952 943 1085 1020 eodem
1102 944 1218 1020 modo
1231 946 1443 1032 crederent,
1460 961 1497 1020 et
1512 946 1615 1051 quod
1633 973 1766 1024 eorum

342 1072 554 1150 sacerdotes
576 1073 701 1151 debite
723 1073 965 1151 celebrarent.
992 1074 1174 1152 Jurabant
1196 1076 1368 1151 ordinem
1397 1104 1474 1153 non
1496 1075 1613 1163 exire3
1640 1079 1766 1154 statim

342 1231 411 1309 pro
434 1201 611 1309 professis
633 1203 880 1280 habebantur.
903 1205 1144 1282 Clandestine
1165 1204 1454 1310 recipiebantur,
1475 1205 1589 1282 nullis
1614 1236 1766 1311 presen-

343 1333 443 1410 tibus
464 1334 534 1410 nisi
553 1333 729 1410 fratribus
747 1335 905 1420 ordinis,
929 1365 971 1411 ea
986 1364 1062 1441 quo
1078 1335 1198 1411 credit
1217 1335 1322 1441 quod
1343 1353 1439 1412 esset
1454 1337 1615 1440 suspicio
1638 1356 1767 1415 contra

344 1492 418 1542 eos.
446 1462 622 1542 Cordulis
644 1464 746 1540 unde
775 1463 950 1541 volebant
969 1464 1169 1570 assumptis
1192 1465 1437 1571 cingebantur
1460 1494 1573 1569 super
1599 1469 1766 1545 camisias

344 1624 429 1671 cum
448 1594 588 1699 quibus
605 1594 793 1695 jacebant.
815 1594 945 1672 Credit
965 1595 1070 1699 quod
1089 1612 1303 1671 recusantes
1326 1595 1446 1672 lacere
1472 1595 1601 1672 illicita
1621 1596 1766 1675 conses-

343 1741 419 1802 sata
435 1754 503 1830 per
523 1753 627 1813 eum,
652 1722 710 1799 vel
729 1753 772 1799 ea
791 1743 856 1801 aut
871 1740 1010 1800 secreta
1027 1723 1290 1829 capituliorum
1311 1724 1531 1813 revelantes,
1555 1726 1592 1800 in
1605 1726 1668 1801 tali
1690 1757 1767 1803 car-

343 1883 425 1930 cere
451 1855 561 1960 positi
585 1852 743 1930 luissent
767 1854 805 1928 in
829 1882 906 1959 quo
929 1881 1062 1959 parum
1086 1853 1270 1929 vixissent.
1293 1856 1440 1930 Fratres
1460 1853 1604 1929 ordinis
1627 1856 1766 1959 quibus

343 1985 461 2060 credit
482 2001 571 2060 nota
592 1982 705 2059 luisse
725 1982 929 2059 consessata
950 2010 1017 2087 per
1037 2011 1124 2057 eum
1140 1981 1293 2059 suerunt
1312 1982 1560 2089 negligentes,
1582 1986 1765 2089 quianon

342 2132 596 2200 correxerunt,
614 2142 683 2189 nec
700 2113 1023 2188 denunciaverunt
1047 2111 1224 2188 Ecclesia.
1245 2112 1498 2190 Elemosinam
1516 2129 1554 2188 et
1573 2113 1767 2219 hospitali·

340 2263 454 2322 tatem
473 2244 566 2320 vidit
593 2242 859 2318 convenienter
886 2242 967 2317 lieri
989 2259 1027 2316 et
1047 2243 1181 2316 servari
1212 2242 1251 2317 in
1274 2243 1371 2318 dicta
1401 2244 1516 2319 domo
1542 2243 1673 2347 inqua
1696 2244 1767 2320 luit

342 2392 527 2480 receptus,
550 2373 616 2448 sed
638 2370 803 2448 nonfuit
823 2371 860 2445 in
875 2369 960 2446 aliis
979 2369 1158 2446 domibus
1173 2370 1327 2447 ordinis.
1348 2370 1632 2448 Delendebatur
1649 2375 1765 2450 eisne

342 2505 564 2581 interessent
594 2502 678 2577 loco
709 2501 747 2575 in
776 2529 852 2605 quo
880 2499 1015 2605 aliquis
1035 2499 1270 2576 Christianus
1294 2500 1584 2577 exheredaretur
1614 2502 1763 2607 injuste.

345 2634 524 2712 Ordinato
544 2659 612 2737 per
631 2631 851 2736 Magistrum
872 2658 958 2705 cum
980 2646 1167 2705 conventu
1183 2646 1362 2705 servasset
1381 2646 1483 2706 totus
1503 2632 1613 2722 orde,
1636 2649 1765 2710 contra

345 2792 457 2870 quem
481 2792 583 2841 nunc
607 2777 761 2868 propter
785 2761 951 2866 predicta
978 2760 1132 2865 grandia
1161 2760 1350 2846 scandala,
1373 2761 1534 2865 suspicio
1555 2777 1593 2836 et
1611 2762 1765 2838 infamia

343 2914 430 2971 sunt
448 2911 594 2980 exorta3
623 2891 670 2967 ad
697 2890 804 2995 cujus
834 2889 977 2966 ordinis
1002 2888 1273 2965 deffensionem
1303 2917 1340 2965 se
1366 2916 1443 2965 nou
1464 2889 1666 2977 obtulerat,
1695 2921 1765 2969 nec

343 3025 463 3102 luerat
481 3024 579 3101 ultra
595 3049 708 3098 mare.

396 3155 613 3262 Requisitus
629 3153 659 3228 si
674 3153 726 3228 sic
736 3152 958 3256 deposuerat
970 3180 1096 3255 prece,
1110 3168 1303 3256 precepto,
1321 3150 1473 3238 timore,
1493 3180 1637 3242 amore,
1655 3153 1761 3240 odio,

343 3288 399 3363 vel
417 3284 616 3391 temporali
636 3282 796 3360 comodo
811 3281 941 3358 habito
957 3280 1014 3356 vel
1033 3281 1225 3370 habendo,
1244 3280 1439 3385 respondit
1459 3281 1564 3387 quod
1582 3309 1674 3368 non,
1696 3283 1764 3359 sed

342 3444 410 3521 pro
432 3416 586 3490 veritate
611 3413 790 3498 dicenda3
818 3413 877 3487 cui
904 3411 975 3487 fuit
999 3412 1210 3518 injunctum
1236 3411 1337 3516 quod
1365 3438 1441 3487 non
1463 3411 1643 3488 revelaret
1669 3413 1765 3489 hanc

341 3574 443 3623 suam
464 3543 764 3648 deposicionem,
778 3568 976 3647 quousque
997 3539 1408 3618 attestacionesluerint
1421 3540 1630 3644 publieate;
1653 3559 1690 3619 et
1708 3544 1766 3619 in-

342 3675 533 3785 telligebat
551 3675 739 3752 Latinum.

395 3941 525 4014 Frater
543 3935 754 4043 Raynaldus
774 3933 867 4010 Belli
888 3934 957 4009 Pili
978 3936 1158 4025 serviens,
1179 3933 1439 4011 Cabilonensis
1465 3935 1637 4020 diocesis,
1660 3937 1764 4011 testis

342 4096 451 4174 supra
468 4069 628 4175 juratus,
655 4063 998 4171 quinquagenarius
1017 4063 1075 4139 vel
1094 4064 1204 4151 circa,
1226 4064 1292 4168 qui
1312 4063 1520 4139 voluntarie
1540 4063 1762 4141 mantellum

346 4198 554 4284 dimiserat,
577 4213 614 4271 et
632 4197 711 4271 radi
729 4194 866 4271 lecerat
881 4193 952 4271 sibi
972 4193 1128 4270 barbam
1155 4193 1201 4269 de
1219 4193 1412 4270 voluntate
1435 4194 1665 4299 preceptoris
1685 4195 1762 4285 sui,

346 4327 415 4404 sub
433 4356 510 4433 quo
526 4327 745 4404 morabatur
763 4326 802 4401 in
825 4325 962 4401 ducatu
977 4323 1235 4430 Lotharingie,
1258 4325 1295 4399 in
1313 4324 1426 4401 domo
1450 4322 1599 4429 Templi
1623 4324 1669 4398 de
1684 4323 1764 4401 Vil-

344 4456 532 4545 lencourt,
565 4474 650 4563 post
671 4457 885 4563 capcionem
909 4454 1070 4532 aliorum
1094 4454 1249 4532 fratrum
1278 4455 1317 4529 in
1342 4482 1458 4560 regno
1481 4455 1650 4543 Francia,
1677 4483 1763 4530 cum

343 4617 417 4695 quo
434 4589 610 4666 nundum
626 4588 845 4694 inquisitum
861 4587 982 4663 luerat
993 4614 1063 4692 per
1077 4585 1240 4691 aliquem
1257 4583 1460 4690 prelatum,
1476 4602 1520 4661 ut
1532 4584 1640 4671 dixit,
1660 4584 1765 4661 lectis

344 4737 380 4794 et
406 4720 609 4826 diligenter
635 4719 809 4826 expositis
835 4718 905 4795 sibi
930 4718 1108 4795 omnibus
1128 4733 1165 4794 et
1184 4716 1340 4826 singul-is
1363 4715 1542 4806 articulis,
1572 4714 1764 4821 respoudit

348 4878 386 4926 se
408 4850 568 4937 nescire,
590 4878 659 4926 nec
682 4850 852 4936 credere,
878 4878 948 4926 nec
975 4849 1157 4926 audivisse
1183 4847 1255 4924 dici
1277 4847 1325 4923 de
1342 4846 1528 4922 contentis
1551 4846 1590 4920 in
1614 4847 1667 4921 eis
1692 4843 1763 4921 nisi

1563 4983 1611 5046 34.
