4236 5948
351 559 425 632 aas
584 656 590 666 .
733 536 1390 633 Procas-nssrsurarens.

350 696 551 802 assumptis
582 694 829 804 cingebantur
858 724 971 803 super
1002 697 1169 776 camisias
1199 728 1287 777 cum
1317 699 1458 804 quibus
1476 699 1662 807 jacebant,
1687 705 1769 798 Qui

349 827 573 908 revelassent
602 844 742 905 secreta
777 826 1059 932 capitoliorum,
1093 829 1252 935 graviter
1270 828 1394 936 puniti
1422 827 1591 908 luissent.
1622 835 1772 913 Fratres

352 961 496 1038 ordinis
519 958 584 1065 qui
613 957 780 1035 sciebant
808 957 928 1034 dictos
956 984 1102 1035 errores
1126 959 1283 1037 fuerunt
1300 958 1551 1068 negligentes,
1577 963 1666 1068 quia
1691 992 1771 1043 non

351 1105 592 1168 correxerunt
613 1115 677 1163 eos
696 1115 766 1162 nec
786 1086 1110 1165 denunciaverunt
1132 1087 1310 1167 Ecclesia.
1328 1088 1383 1164 Er
1401 1108 1580 1196 precepto
1600 1093 1772 1199 superio-

349 1249 435 1297 rum
454 1245 611 1298 suorum
635 1215 750 1294 fiebat
777 1216 982 1296 elemosina
1006 1216 1193 1323 generalis
1216 1235 1274 1295 ter
1292 1219 1334 1295 in
1352 1218 1564 1297 ebdomada
1594 1222 1772 1302 omnibus

347 1350 587 1427 venientibus
610 1363 649 1424 et
669 1347 805 1425 cotidie
830 1347 1055 1455 peregrinis,
1073 1365 1111 1424 et
1135 1347 1412 1454 precipiebatur
1431 1350 1538 1453 quod
1554 1379 1688 1430 eorum
1710 1380 1771 1431 oa-

348 1479 583 1587 pellas-bene
595 1494 772 1555 tenerent
791 1495 955 1565 ornatas,
978 1494 1015 1554 et
1032 1479 1134 1584 quod
1159 1506 1237 1556 non
1257 1479 1495 1584 acquirerent
1519 1480 1688 1561 indebite
1708 1510 1772 1561 or—

349 1611 441 1689 dini.
459 1607 645 1716 Capitulis
657 1607 751 1685 vidit
765 1608 904 1696 teneri,
920 1607 1033 1685 missa
1048 1607 1251 1700 celebrata,
1265 1609 1304 1684 in
1319 1637 1468 1698 aurora,
1478 1611 1604 1716 januis
1618 1611 1768 1702 clausis,

348 1759 385 1818 et
403 1738 671 1846 providebatur
687 1765 736 1813 ne
755 1737 949 1814 audiretur
969 1737 1130 1816 exterius
1146 1738 1253 1844 qnod
1271 1738 1430 1817 interius
1447 1739 1636 1845 agebatur.
1655 1741 1771 1821 Ordi-

348 1889 433 1947 nata
449 1878 517 1975 per
532 1868 751 1975 Magistrum
764 1895 852 1945 cum
868 1885 1054 1946 conventu
1067 1885 1246 1947 servasset
1256 1885 1360 1947 totus
1377 1867 1489 1957 ordo,
1511 1887 1638 1947 contra
1653 1888 1770 1978 qu'em

348 2030 450 2078 nunc
468 1999 621 2109 grandia
646 1997 842 2090 scandala,¹
858 1999 1019 2105 suspicio
1047 2014 1085 2075 et
1110 1997 1263 2076 inlamia
1287 2016 1375 2077 sunt
1393 2016 1543 2092 exorta;
1568 2016 1606 2078 et
1627 2000 1770 2078 audivit

349 2131 422 2207 dici
434 2128 641 2207 alratribus
650 2126 815 2207 Geraldo
829 2127 865 2205 la
872 2128 1022 2209 Vernha
1033 2145 1252 2234 preceptore
1269 2127 1317 2206 de
1332 2129 1642 2235 Petragoricinio,
1656 2147 1696 2208 et
1706 2132 1770 2209 Pa-

346 2280 405 2338 tro
421 2260 555 2340 Daubo
574 2276 668 2336 tunc
679 2248 898 2364 preceptore
914 2259 954 2335 in
968 2258 1161 2350 Vienesio,
1177 2257 1426 2337 servientibus
1444 2258 1661 2350 deffunctis,
1679 2269 1769 2338 aunt

346 2393 493 2467 circiter
505 2416 556 2468 vu
567 2390 673 2479 anni,
686 2388 779 2465 dum
794 2388 908 2466 simul
917 2387 1131 2495 equitarent
1140 2388 1188 2466 de
1201 2387 1379 2496 Villagast
1392 2388 1494 2494 apud
1509 2388 1639 2496 Civray
1653 2389 1769 2468 Picta-

346 2521 468 2599 vensis
488 2519 662 2606 diocesis,
685 2519 790 2625 quod
810 2518 899 2595 dicti
921 2545 1066 2595 errores
1079 2545 1157 2596 non
1173 2517 1398 2597 duraverant
1411 2517 1524 2625 longo
1541 2521 1768 2624 temporein

347 2651 496 2741 ordine,
524 2667 562 2726 et
584 2649 705 2756 quod,
732 2649 762 2725 si
788 2649 870 2727 Deo
896 2648 1078 2754 placeret,
1100 2647 1347 2755 corrigerent,
1369 2664 1409 2724 et
1427 2647 1546 2724 credit
1564 2647 1643 2752 ipse
1661 2649 1768 2727 testis

344 2782 451 2887 quod
465 2780 527 2857 alii
537 2779 668 2872 fratres
681 2777 826 2855 ordinis
836 2778 1090 2857 communiter
1102 2779 1239 2857 scirent
1250 2777 1370 2856 dictos
1383 2804 1529 2854 errores
1542 2777 1769 2856 contessama

345 2939 413 3017 per
428 2936 533 3001 eum,
552 2925 590 2985 et
602 2909 708 3015 quod
722 2909 899 3016 Magister
911 2924 949 2985 et
963 2906 1028 2983 alii
1042 2905 1183 2985 iratres
1191 2906 1335 2986 ordinis
1355 2905 1487 2985 eadem
1505 2906 1580 2983 sint
1595 2905 1765 2986 confessi.

344 3044 428 3119 Non
454 3038 644 3117 obtulerat
663 3067 702 3115 se
723 3039 773 3115 ad
792 3037 1065 3116 deffensionem
1082 3038 1246 3128 ordinis,
1269 3065 1339 3116 nee
1359 3038 1482 3114 fuerat
1500 3036 1601 3114 ultra
1619 3064 1737 3115 mare.

400 3169 616 3276 Requisitus
629 3168 659 3244 si
673 3168 726 3244 sic
740 3166 965 3272 deposuerat
976 3194 1103 3274 prece,
1119 3182 1315 3274 precepto,
1329 3167 1486 3255 timore,
1501 3194 1647 3257 amore,
1657 3166 1765 3254 odio,

344 3299 402 3378 vel
413 3297 615 3405 temporali
635 3298 794 3374 comodo
815 3297 944 3375 habito
961 3298 1019 3375 vel
1036 3297 1230 3391 habendo,
1250 3298 1446 3404 respondit
1459 3298 1565 3404 quod
1581 3324 1677 3389 non,
1699 3297 1769 3375 sed

344 3459 413 3536 pro
433 3430 587 3507 veritate
613 3428 793 3515 dicenda;
815 3428 876 3504 cui
899 3426 972 3505 luit
992 3428 1207 3535 injunctum
1230 3427 1336 3534 quod
1361 3455 1441 3504 non
1465 3425 1646 3505 revelaret
1671 3428 1768 3505 b'anc

345 3589 450 3638 suam
466 3557 765 3665 depositionem,
783 3586 980 3665 quousque
1002 3557 1262 3636 attestaciones
1273 3556 1416 3634 fuerint
1430 3555 1640 3662 publicate;
1659 3573 1699 3634 et
1715 3557 1768 3635 in·

344 3688 538 3797 telligebat
557 3688 744 3765 Latinum.
769 3678 779 3687 ⁶

400 3954 529 4030 Frater
541 3948 771 4030 Guillelmus
785 3950 924 4057 Aprilis
937 3951 1117 4042 serviens,
1135 3950 1453 4030 Claramontensis
1470 3947 1644 4040 diocesis,
1661 3948 1767 4026 testis

343 4111 456 4190 supra
469 4082 634 4190 juratus,
656 4079 915 4190 sexagenarius
933 4079 991 4157 vel
1006 4082 1118 4172 circa,
1139 4081 1206 4186 qui
1228 4080 1401 4183 habitum
1425 4078 1636 4157 voluntarie
1653 4077 1768 4157 dimi-

343 4229 440 4291 serat
461 4228 499 4288 et
514 4212 595 4288 radi
612 4207 750 4288 lecerat
766 4210 837 4289 sibi
855 4209 1030 4300 barbam,
1048 4216 1134 4288 cuin
1155 4239 1233 4317 quo
1254 4209 1476 4316 inquisitum
1498 4207 1639 4295 fuerat,
1658 4207 1767 4286 abso

243 4332 249 4341 ’
341 4342 445 4419 lutus
459 4358 497 4418 et
511 4339 772 4418 reconciliatus
788 4368 856 4446 per
876 4341 1076 4418 dominum
1092 4340 1312 4447 episcopum
1331 4339 1696 4426 Claramontensem,
1713 4336 1768 4415 ln-

341 4473 409 4550 ctis
419 4489 457 4549 et
468 4471 670 4579 diligenter
684 4471 859 4577 expositis
873 4469 944 4547 sibi
959 4470 1138 4548 omnibus
1153 4488 1191 4548 et
1203 4468 1361 4577 singulis
1375 4467 1558 4558 articulis,
1571 4466 1767 4572 respondit

342 4630 380 4677 se
399 4602 559 4694 nescire,
580 4630 651 4680 nec
675 4603 844 4691 credere,
872 4631 943 4680 nec
968 4602 1151 4681 audivisse
1173 4603 1247 4681 dici
1274 4602 1322 4680 de
1349 4599 1537 4679 contentis
1557 4600 1598 4674 in
1618 4595 1673 4674 eis
1695 4596 1765 4674 uisi

342 4731 446 4839 quod
468 4734 656 4838 sequitur:
681 4731 857 4810 videlicet
875 4734 981 4840 quod
1007 4735 1089 4840 ipse
1107 4734 1212 4812 testis
1232 4731 1356 4810 luerat
1383 4746 1555 4837 receptus
1571 4729 1612 4804 in
1625 4723 1766 4833 capella

342 4861 479 4936 domus
502 4859 651 4965 Templi
669 4860 728 4936 de
750 4859 894 4939 Barleta
920 4861 960 4937 in
983 4860 1137 4967 Apulia,
1167 4878 1256 4940 suot
1278 4860 1426 4939 circiter
1450 4857 1673 4948 trutanni,
1699 4883 1765 4962 per
