4236 5948
727 528 924 622 esoces
952 545 1046 619 ons
1072 549 1373 624 ruurmnns.
1691 552 1762 624 115

341 696 391 772 vit
417 694 540 799 ipsum
561 672 694 769 testem
725 690 772 767 ad
797 716 982 766 cameram
1008 717 1131 779 suam,
1173 715 1246 767 una
1277 720 1363 768 cum
1394 691 1494 768 dicto
1521 689 1697 770 Gnidone
1726 690 1764 767 lo

342 827 476 916 Masso,
499 822 613 900 nullis
634 821 715 898 aliis
735 820 991 929 presentibus,
1014 837 1051 896 et
1071 819 1164 897 dixit
1184 822 1217 897 ci
1235 823 1361 930 quod,
1381 849 1424 898 ex
1451 848 1528 929 quo
1551 840 1629 898 erat
1653 820 1766 899 irater

342 983 488 1041 eorum,
509 952 708 1059 oportebat
735 980 821 1029 eum
842 951 1025 1057 abnegare
1052 950 1175 1027 Deum
1201 951 1259 1029 vel
1283 954 1439 1030 Jbesum
1460 952 1670 1042 Christum,
1699 951 1766 1029 sed

342 1112 417 1164 non
437 1084 548 1192 plene
569 1081 703 1159 recolit
718 1082 747 1158 si
769 1081 947 1188 expressit
963 1081 1088 1157 Deum
1105 1081 1164 1157 vel
1185 1082 1342 1159 Jhesum
1365 1080 1583 1170 Christum,
1612 1099 1650 1158 et
1679 1109 1765 1157 cum

343 1217 419 1323 ipse
442 1215 548 1292 testis
567 1212 813 1319 responderet
841 1240 880 1289 se
911 1210 1017 1288 nullo
1047 1212 1162 1288 modo
1191 1211 1459 1319 abnegaturus,
1483 1212 1577 1288 dixit
1603 1212 1636 1288 ei
1659 1210 1765 1318 quod

344 1348 413 1423 hoc
432 1343 629 1451 oportebat
649 1372 737 1421 eum
758 1341 892 1430 lacere,
915 1342 1003 1449 quia
1025 1341 1076 1417 sic
1098 1358 1176 1417 erat
1193 1342 1232 1417 in
1256 1341 1388 1418 ordine
1413 1340 1496 1420 lieri
1518 1358 1765 1428 consuetum,

346 1493 381 1552 et
399 1493 488 1552 tunc
507 1475 588 1582 ipse
608 1474 713 1552 testis
734 1473 928 1582 abnegavit
947 1474 1071 1549 Deum
1099 1471 1157 1547 vel
1186 1473 1339 1548 Jhesum
1371 1471 1565 1550 Christum
1596 1500 1660 1548 ore
1691 1499 1768 1548 non

347 1607 473 1696 corde,
498 1621 542 1682 ut
561 1604 664 1681 dixit.
686 1606 776 1680 Post
796 1631 869 1710 que
889 1602 1057 1709 precepit
1076 1600 1110 1676 ei
1134 1601 1239 1706 quod
1259 1618 1411 1707 spueret
1430 1628 1543 1708 super
1565 1601 1768 1708 quamdam

347 1763 492 1812 crucem
518 1733 681 1840 ligneam
708 1734 746 1808 in
766 1762 840 1839 qua
867 1748 947 1808 erat
970 1759 1103 1840 ymago
1130 1731 1323 1824 Crucifixi,
1355 1733 1491 1838 etipse
1519 1733 1625 1810 testis
1645 1731 1771 1810 noluit

347 1890 482 1971 spuere
497 1893 626 1969 supra,
644 1864 712 1940 sed
729 1864 832 1969 spuit
841 1866 959 1972 juxta.
978 1862 1060 1939 Alia
1073 1860 1201 1939 illicita
1219 1890 1294 1938 non
1307 1856 1590 1939 intervenerunt
1605 1861 1643 1937 in
1661 1860 1770 1940 dictis

347 1993 630 2099 recepcionibus
650 2022 720 2071 nec
734 2010 848 2099 post3·
861 2020 929 2069 nec
950 1992 1070 2070 credit
1089 1992 1193 2099 quod
1214 1993 1312 2068 dicta
1331 1992 1459 2070 illicita
1484 1991 1542 2069 vel
1566 1990 1635 2068 alia
1655 1991 1771 2067 inter-

348 2124 518 2201 venirent
532 2125 569 2199 in
593 2123 874 2230 recepcionibus
895 2121 1054 2199 aliorum
1078 2122 1135 2198 vel
1161 2139 1261 2227 post,
1290 2122 1473 2228 quianon
1499 2121 1592 2199 vidit
1611 2149 1682 2198 nec
1706 2149 1772 2197 au-

300 2254 304 2263 ’
351 2254 442 2330 divit
458 2254 549 2344 dici;
572 2271 609 2330 et
629 2253 698 2330 luit
718 2254 867 2329 locutus
888 2282 974 2330 cum
995 2251 1107 2330 fratre
1123 2252 1324 2358 Radulpbo
1348 2252 1395 2329 de
1415 2252 1516 2330 Frisa
1535 2269 1771 2358 preceptore,

352 2384 395 2461 de
416 2384 543 2462 Veteri
564 2383 661 2462 Villa
679 2383 941 2460 Ambianensis
968 2374 1144 2470 diocesis,
1168 2382 1216 2459 de
1240 2382 1348 2491 cujus
1367 2383 1444 2459 vita
1461 2381 1520 2459 vel
1546 2400 1666 2459 morte
1696 2400 1773 2459 non

351 2513 463 2590 habet
482 2514 764 2604 certitudinem,
786 2514 816 2589 si
837 2512 972 2619 ipsein
992 2512 1211 2619 recepcione
1228 2541 1295 2589 sua
1309 2510 1448 2589 fecerat
1462 2513 1628 2618 predicta
1646 2513 1775 2589 illicita

351 2643 408 2719 vel
427 2643 515 2737 alia3
535 2672 603 2750 per
617 2642 819 2752 quemfuit
834 2643 905 2720 sibi
920 2641 1261 2749 responsum‘quod
1280 2669 1375 2734 nou,
1398 2658 1435 2720 et
1450 2643 1555 2750 quod
1578 2670 1774 2749 nunquam

353 2775 542 2851 audiverat
560 2774 631 2851 dici
656 2803 725 2851 nec
749 2773 924 2851 credebat
950 2774 1054 2881 quod
1073 2774 1114 2849 in·
1137 2773 1270 2850 ordine
1286 2772 1422 2852 herent
1441 2772 1607 2879 predicta
1627 2770 1773 2857 illicita,

355 2921 389 2980 et
409 2902 615 2981 mirabatur
647 2904 694 2981 de
717 2904 790 2981 hiis
812 2932 892 3012 que
918 2904 1040 2980 dictus
1060 2904 1165 2979 testis
1196 2903 1339 2980 dixerat
1360 2901 1528 2979 indebite
1547 2899 1641 2977 facta
1659 2900 1772 2979 fuisse

354 3052 437 3140 post
463 3049 570 3111 suam
596 3036 867 3140 recepciooem.
891 3036 987 3110 Item
1016 3034 1109 3109 dixit
1140 3062 1179 3109 se
1209 3032 1306 3109 bene
1340 3032 1493 3109 credere
1519 3031 1776 3110 ecclesiasticis

357 3165 615 3256 sacramentis,
637 3184 675 3244 et
701 3167 805 3272 quod
837 3165 898 3242 alii
928 3164 1060 3242 fratres
1090 3165 1233 3241 ordinis
1262 3164 1397 3240 eodem
1418 3162 1534 3240 modo
1558 3163 1774 3251 crederent,

358 3312 394 3371 et
418 3294 523 3400 quod
543 3322 674 3373 eorum
697 3296 908 3373 sacerdotes
929 3295 1057 3372 debite
1087 3294 1332 3373 celebrarent.
1357 3293 1491 3371 Statim
1513 3322 1581 3399 pro
1600 3293 1778 3400 professis

356 3425 601 3503 habebantur.
623 3427 864 3505 Clandestine
880 3428 1171 3535 recipiebantur,
1190 3427 1305 3504 nullis
1324 3426 1563 3534 presentibus
1575 3429 1645 3504 nisi
1659 3428 1780 3506 hatri-

358 3555 430 3633 bus
459 3556 615 3633 ordinis.
638 3557 814 3634 Cordulis
841 3559 945 3635 unde
972 3558 1148 3637 volebant
1168 3560 1368 3665 assumptis
1398 3560 1644 3667 cingebantur
1666 3588 1781 3666 super

360 3687 527 3764 camisias
547 3716 632 3763 cum
654 3687 791 3794 quibus
808 3689 993 3797 jacebant.
1016 3690 1231 3796 lnjunctum
1254 3690 1326 3766 luit
1346 3690 1400 3767 eis
1423 3719 1471 3767 ne
1497 3691 1705 3768 revelarent
1723 3721 1781 3769 se-

265 3924 270 3928 ·
361 3834 459 3895 creta
472 3818 741 3924 capitulorum3
757 3821 875 3897 credit
885 3821 1084 3927 quodoliis
1100 3821 1201 3897 idem
1214 3822 1486 3930 injungeretur,
1504 3837 1541 3898 et
1555 3821 1620 3927 qui
1633 3821 1784 3898 revelas

362 3965 443 4024 sent
458 3947 580 4053 puniti
595 3947 769 4038 luissent,
787 3951 854 4026 sed
867 3951 985 4027 nescit
998 3950 1171 4057 qualiter.
1191 3952 1406 4060 lnjunctum
1424 3949 1497 4027 fuit
1510 3951 1563 4026 eis
1580 3951 1683 4058 quod
1700 3971 1785 4028 con·

362 4074 561 4154 literentur
579 4079 838 4156 sacerdotibus
857 4080 1017 4170 ordinis,
1040 4097 1256 4158 nontamen
1272 4080 1345 4157 fuit
1364 4079 1570 4156 inhibitum
1586 4080 1690 4185 quod
1706 4107 1784 4158 non

364 4206 636 4285 confiterentur
654 4208 747 4286 aliis.
772 4210 814 4288 si
835 4211 900 4317 qui
921 4228 1027 4288 erant
1045 4212 1111 4319 qui
1134 4212 1273 4289 scirent
1293 4239 1438 4289 errores
1463 4237 1543 4287 esse
1565 4209 1606 4284 in
1629 4209 1781 4298 ordine,

364 4333 595 4443 negligentes
611 4337 766 4416 suerunt
781 4343 869 4447 quia
884 4370 961 4419 non
978 4359 1221 4420 correxerunt
1236 4371 1305 4418 nec
1321 4340 1642 4418 denunciaterunt
1660 4339 1786 4416 Eccle-

364 4466 428 4542 sie.
450 4466 683 4546 Elomosinas
705 4487 743 4547 et
762 4470 1055 4578 hospitalitatem
1078 4473 1170 4551 vidit
1196 4473 1461 4550 convenienter
1483 4471 1566 4553 fieri
1594 4485 1631 4547 et
1649 4471 1784 4547 servari

363 4595 401 4670 in
423 4595 603 4676 domibus
620 4601 764 4677 ordinis
777 4602 819 4676 -in
839 4601 977 4708 quibus
997 4602 1068 4680 fuit
1086 4619 1332 4680 conversatus.
1352 4603 1473 4678 Totus
1490 4600 1586 4679 ordo
1609 4617 1787 4678 servasset

365 4720 469 4832 quod
498 4755 568 4833 per
594 4758 772 4837 magnum
806 4733 1024 4839 Magistrum
1058 4760 1144 4810 oum
1175 4748 1362 4809 conventu
1395 4731 1613 4810 ordinatum
1643 4731 1785 4810 suisset.

366 4853 533 4933 Grandia
552 4860 741 4949 scandala,
764 4862 925 4967 suspicio
950 4880 987 4940 et
1011 4861 1162 4942 inlimia
1186 4878 1313 4941 contra
1336 4861 1509 4941 ordinem
1530 4878 1619 4940 sunt
1643 4878 1786 4948 exorta,

476 4995 585 5057 enocha
608 5016 660 5065 ors
680 5017 851 5061 reuertens.
870 5034 912 5047 -
927 5021 960 5061 u.
1607 4999 1640 5059 ¹5
