4236 5948
727 534 1373 625 nnocnsnnsrnmnrnns.
1507 530 1510 537 “
1686 554 1758 624 327

342 701 379 775 in
396 723 479 786 ore,
497 713 533 770 et
548 693 684 769 deinde
702 694 884 799 recipiens
904 691 992 768 lecit
1007 692 1191 798 apportari
1207 691 1406 799 quamdam
1423 719 1571 768 crucem
1587 719 1671 767 cum
1686 690 1763 767 effi-

341 828 399 936 gie
412 827 530 903 Jhesu
543 824 697 912 Christi,
714 841 751 900 et
771 823 930 931 injunxit
949 822 1038 911 sibi,
1061 823 1100 898 in
1115 823 1248 899 virtute
1269 821 1505 912 obediencie,
1529 821 1631 926 quod
1652 820 1764 897 abne-

341 973 443 1065 garet
458 954 565 1031 illum
582 955 687 1061 cujus
707 983 837 1062 ymago
855 971 932 1029 erat
951 954 990 1028 in
1012 982 1053 1028 ea
1073 970 1142 1042 ter,
1164 971 1199 1029 et
1220 971 1276 1029 ter
1296 968 1446 1057 spueret
1465 980 1575 1056 supra
1596 978 1761 1041 crucem;

343 1105 378 1164 et
390 1104 482 1164 tunc
501 1086 580 1191 ipse
600 1084 666 1190 qui
693 1083 861 1189 loquitur
883 1083 954 1159 luit
977 1083 1141 1160 multum
1163 1083 1331 1171 territus,
1350 1099 1388 1158 et
1404 1081 1641 1170 admirando,
1673 1082 1765 1159 dixit

343 1215 533 1322 recipienti
550 1245 558 1288 ε
575 1215 751 1303 Domine,
780 1242 849 1319 pro
876 1215 958 1291 Deo
988 1214 1143 1291 caveatis
1163 1214 1266 1320 quod
1293 1240 1354 1290 vos
1382 1211 1519 1300 dicitis3
1546 1210 1672 1287 dicens
1699 1212 1761 1288 ei:

343 1346 518 1432 Domine,
537 1345 731 1450 quomodo
747 1343 877 1420 faciam
892 1372 960 1450 ego
981 1344 1075 1421 hoel
1094 1344 1140 1420 Et
1155 1343 1338 1449 recipiens
1354 1343 1477 1419 adhuc
1492 1340 1562 1419 sibi
1577 1345 1760 1448 precepit,

344 1477 380 1551 in
398 1475 531 1550 virtute
553 1473 788 1564 obediencie,
816 1474 918 1579 quod
946 1474 1019 1550 hoc
1046 1473 1199 1562 faceret,
1222 1492 1257 1550 et
1276 1490 1365 1549 tunc
1384 1474 1463 1578 ipse
1488 1473 1552 1578 qui
1580 1472 1761 1579 loquitur,

343 1605 428 1681 licet
443 1604 597 1693 invitus,
615 1633 696 1693 ore,
720 1605 785 1680 sed
806 1631 883 1680 non
900 1605 1029 1693 corde,
1046 1622 1089 1681 ut
1109 1603 1214 1693 dicit,
1237 1622 1293 1681 ter
1312 1602 1504 1708 abnegavit
1523 1632 1629 1692 eum,
1652 1620 1689 1679 et
1706 1620 1763 1681 ter

345 1733 442 1839 spuit
457 1761 565 1839 supra
586 1762 734 1809 crucem
753 1751 790 1810 et
805 1735 1015 1841 ymaginem
1037 1735 1253 1839 predictam.

397 1865 491 1939 Item
513 1863 604 1939 dixit
622 1863 726 1968 quod
747 1863 929 1970 recipiens
946 1862 1035 1940 fecit
1052 1894 1091 1940 se
1109 1864 1264 1941 osculari
1281 1864 1327 1940 ab
1344 1891 1389 1940 eo
1408 1863 1448 1938 in
1466 1862 1656 1939 umbilico.
1670 1865 1764 1939 Item

347 1992 435 2070 dixit
455 2021 523 2098 per
547 1992 804 2100 juramentum
820 1993 927 2100 quod
949 1995 1132 2098 recipiens
1151 1996 1319 2100 precepit
1341 1994 1374 2067 ei
1393 1993 1497 2099 quod
1517 1993 1720 2069 abstineret
1744 2023 1764 2068 a

347 2122 581 2211 mulieribus,
602 2141 638 2199 et
653 2124 757 2228 quod
775 2124 805 2199 si
821 2123 921 2200 calor
935 2123 1111 2200 naturalis
1122 2140 1287 2201 moveret
1302 2152 1406 2211 eum,
1422 2124 1526 2229 quod
1541 2123 1619 2228 ipse
1633 2123 1703 2198 iret
1717 2122 1765 2197 ad

345 2253 472 2330 fratres
494 2282 596 2343 suos,
626 2272 664 2332 et
688 2256 787 2361 ipsos
812 2253 985 2331 similiter
1006 2253 1220 2332 admitteret
1245 2254 1292 2330 ad
1311 2272 1485 2330 mutuum
1506 2252 1763 2342 concubitum3

345 2381 411 2459 sed
429 2383 507 2489 ipse
525 2412 716 2491 nunquam
733 2383 836 2473 lecit,
858 2412 926 2461 nec
941 2412 1054 2489 super
1072 2385 1144 2461 hoc
1161 2385 1233 2462 luit
1247 2383 1460 2491 requisitus.

398 2516 491 2591 ltem
508 2517 726 2621 requisitus,
756 2515 847 2591 dixit
866 2544 934 2621 per
953 2516 1209 2622 juramentum
1233 2514 1339 2622 quod
1358 2513 1475 2590 nichil
1492 2514 1561 2590 scit
1578 2513 1625 2588 de
1647 2514 1765 2619 capite

345 2645 446 2750 quod
463 2646 639 2722 dicuntur
659 2645 828 2733 adorare,
846 2645 931 2751 quia
952 2674 1143 2750 nunquam
1167 2644 1237 2723 luit
1257 2645 1295 2721 in
1321 2644 1493 2750 capitulis
1512 2641 1764 2747 generalibus,

346 2791 385 2851 ut
400 2774 500 2851 dicit.

399 2906 491 2980 ltem
509 2904 599 2981 dixit
613 2934 681 3010 per
692 2907 947 3012 juramentum
961 2907 1084 2983 adhuc
1100 2906 1145 2982 ab
1161 2934 1205 2982 eo
1219 2934 1332 3010 super
1343 2907 1416 2982 hoc
1431 2904 1644 3010 prestitum,
1661 2903 1767 3006 quod

345 3035 394 3121 vi,
408 3034 466 3111 vel
481 3052 586 3112 metu
605 3037 761 3113 carceris
780 3055 844 3112 aut
862 3037 1056 3125 tormenti,
1077 3065 1153 3113 non
1179 3036 1269 3112 dixit
1294 3035 1396 3112 aliud
1416 3063 1528 3141 quam
1555 3033 1763 3122 veritatem,

346 3191 413 3241 nec
425 3166 614 3270 premissis
631 3167 832 3243 immiscuit
847 3167 1009 3273 aliquam
1026 3167 1237 3255 falsitatem,
1259 3184 1295 3243 et
1309 3167 1414 3272 quod
1428 3193 1558 3271 puram
1574 3165 1766 3241 veritatem

347 3293 437 3370 dixit
450 3323 518 3400 pro
539 3296 657 3373 salute
678 3297 799 3372 anime
817 3326 897 3374 sue.

398 3554 492 3632 ltem
510 3555 623 3633 frater
639 3557 756 3633 Adam
780 3559 1020 3635 marescalcus
1040 3560 1080 3634 in
1101 3559 1215 3637 domo
1231 3560 1278 3635 de
1296 3559 1421 3635 Monte
1440 3557 1667 3646 Suessionis,
1682 3586 1767 3662 pre-

348 3682 434 3760 dicti
454 3686 597 3762 ordinis
617 3687 754 3763 milicie
770 3689 934 3793 Templi,
953 3688 1265 3793 quadragenarius
1283 3688 1342 3763 vel
1363 3689 1474 3776 circa,
1498 3689 1632 3765 eodem
1650 3688 1765 3767 modo

347 3816 582 3904 constitutus,
594 3817 740 3923 juratus
756 3835 792 3893 et
807 3820 1074 3924 interrogatus,
1094 3818 1184 3895 dixit
1199 3849 1265 3925 per
1274 3820 1528 3925 juramentum
1544 3818 1661 3924 quod,
1682 3836 1766 3922 post

347 3958 419 4020 tres
433 3943 514 4020 dies
524 3943 618 4020 infra
633 3946 831 4023 instantem
848 3948 1013 4023 Natalem
1028 3947 1180 4025 Domini
1202 3965 1314 4025 erunt
1332 3965 1408 4024 tres
1425 3949 1511 4024 anni
1533 3948 1663 4051 elapsi,
1685 3948 1764 4051 ipse

347 4071 415 4149 luit
432 4093 604 4180 receptus
622 4077 659 4151 in
683 4077 780 4153 dicta
798 4078 912 4155 domo
934 4078 981 4154 de
1002 4080 1130 4155 Monte
1147 4079 1373 4167 Suessionis,
1390 4106 1457 4183 per
1476 4077 1627 4153 fratrem
1642 4075 1767 4153 Girar-

347 4200 438 4278 dum
458 4204 505 4279 de
528 4205 729 4283 Villaribus
754 4207 926 4298 militem,
955 4209 1172 4314 magistrum
1193 4207 1339 4286 ballivie
1360 4206 1655 4294 Suessionensis,
1683 4235 1768 4311 pre-

347 4334 515 4443 sentibus
532 4335 642 4412 fratre
663 4336 865 4415 Guillelmo
886 4338 933 4413 de
948 4337 1070 4415 Platea
1087 4354 1125 4415 et
1144 4337 1255 4414 lratre
1276 4337 1438 4415 Roberto
1462 4336 1650 4443 capellano
1671 4336 1768 4413 dicte

346 4460 491 4541 domus.

400 4594 492 4670 Item
504 4596 595 4672 dixit
604 4626 672 4701 per
682 4598 938 4705 juramentum
951 4627 1061 4674 suum
1074 4599 1194 4705 quod,
1206 4616 1291 4702 post
1299 4601 1557 4705 juramentum
1569 4595 1614 4672 ab
1630 4624 1674 4673 eo
1687 4624 1766 4699 pre-

347 4722 472 4800 stitum
502 4726 549 4802 de
575 4729 719 4803 statutis
741 4747 776 4804 et
798 4729 947 4805 secretis
968 4729 1109 4805 ordinis
1130 4727 1384 4817 observandis,
1402 4746 1441 4804 et
1453 4717 1632 4805 mantello
1653 4726 1723 4803 sibi
1745 4757 1764 4802 a

347 4855 544 4959 recipiente
566 4857 611 4931 ad
634 4858 768 4934 collum
789 4860 927 4962 posit0,
951 4859 1135 4936 osculatus
1162 4858 1232 4935 luit
1255 4859 1497 4964 recipientem
1524 4875 1559 4934 et
1584 4857 1675 4937 alios
1695 4856 1767 4933 lra-
