4236 5948
348 521 417 597 no
733 498 927 594 procus
955 519 1048 588 ors
1074 515 1377 588 'reuertens

344 691 520 769 magnum
538 661 756 768 Magistrum
774 681 810 739 et
824 662 915 737 alios
931 660 1076 765 aliquos
1092 687 1237 734 errores
1257 655 1371 734 luisse
1390 656 1594 746 conlessos,
1611 655 1767 733 credens

344 795 448 900 qnod
468 794 553 870 illos
574 792 621 868 de
643 793 782 898 quibus
802 794 880 898 ipse
896 819 1007 896 supra
1029 790 1214 896 deposuit.

401 923 614 1029 llequisitus
635 923 664 998 si
694 924 746 999 sic
771 922 995 1028 deposuerat
1015 947 1145 1025 prece,
1173 935 1368 1024 precepto,
1396 917 1551 1003 timore,
1579 918 1684 1009 odio,
1711 919 1769 997 vel

346 1054 506 1130 comodo
522 1053 720 1158 temporali
736 1052 865 1129 habito
884 1051 942 1127 vel
959 1049 1148 1138 babendo,
1170 1049 1364 1155 respondit
1381 1050 1484 1154 quod
1500 1077 1594 1139 non,
1613 1048 1681 1125 sed
1700 1077 1769 1154 pro

345 1186 494 1259 veritate
516 1184 689 1273 dicenda3
714 1184 773 1258 cui
795 1183 867 1260 luit
889 1182 1100 1288 injunctum
1126 1181 1232 1287 quod
1250 1209 1325 1256 non
1347 1179 1527 1256 revelaret
1546 1181 1642 1256 hanc
1662 1209 1768 1257 suam

347 1315 642 1421 deposicionem,
661 1342 860 1420 quousque
880 1312 1140 1389 attestaciones
1160 1310 1302 1386 luerint
1317 1309 1523 1417 publicate;
1547 1327 1584 1386 et
1605 1338 1681 1386 non
1700 1309 1767 1387 ob-

345 1445 481 1520 tulerat
501 1476 540 1520 se
562 1447 607 1521 ad
630 1444 901 1521 deffensionem
919 1442 1008 1519 dicti
1030 1442 1184 1519 ordinis.

400 1710 527 1783 Frater
546 1707 758 1783 Bernardus
784 1706 831 1782 de
860 1705 1013 1783 Alsonio
1040 1706 1220 1795 serviens,
1245 1706 1560 1784 Claramontensis
1590 1706 1765 1798 diocesis,

345 1840 448 1914 testis
468 1866 579 1944 supra
600 1838 765 1944 juratus,
793 1836 1016 1913 mantellum
1039 1835 1182 1913 ordinis
1203 1853 1240 1912 et
1260 1835 1414 1913 barbam
1440 1836 1642 1927 defferens,
1665 1866 1768 1914 sexa·

344 1970 518 2072 genarius
534 1969 590 2044 vel
607 1968 718 2058 circa,
733 1995 820 2043 cum
840 1996 917 2073 quo
936 1968 1159 2074 inquisitum
1180 1967 1317 2056 luerat,
1336 1967 1530 2045 absolutus
1551 1985 1588 2044 et
1602 1969 1768 2046 reconci-

344 2098 452 2173 liatus
470 2128 537 2204 per
551 2099 751 2181 dominum
773 2097 989 2203 episcopum
1004 2099 1369 2183 Claramontensem,
1390 2099 1495 2175 lectis
1513 2116 1549 2174 et
1566 2097 1767 2204 diligenter

346 2228 520 2331 expositis
540 2227 609 2303 sibi
632 2226 808 2303 omnibus
821 2241 859 2303 et
875 2227 1030 2335 singulis
1045 2227 1227 2315 articulis,
1248 2228 1442 2334 respondit
1460 2256 1499 2304 se
1520 2227 1636 2304 nichil
1654 2229 1764 2318 scire,
1798 2326 1801 2331 Ι

214 2364 217 2369 ‘
344 2384 413 2435 nec
438 2359 608 2445 credere,
638 2387 708 2435 nec
738 2358 922 2436 audivisse
953 2358 1025 2435 dici
1059 2359 1105 2436 de
1131 2359 1316 2436 contentis
1345 2359 1416 2434 nisi
1447 2359 1551 2465 quod
1580 2361 1764 2466 sequitur.

344 2489 444 2564 Dixit
463 2491 563 2564 enim
579 2518 618 2567 se
633 2488 746 2567 luisse
767 2506 977 2595 receptum,
1000 2508 1089 2566 sunt
1104 2490 1250 2566 circiter
1264 2516 1331 2568 xxv
1351 2490 1458 2575 anni,
1481 2490 1518 2565 in
1538 2490 1677 2596 capella
1699 2492 1769 2569 do·

346 2650 428 2697 mus
453 2620 601 2726 Templi
624 2622 670 2698 de
701 2621 896 2699 Brundisio
922 2621 961 2696 in
987 2620 1137 2727 Apulia,
1166 2649 1233 2728 per
1258 2621 1410 2699 fratrem
1440 2621 1688 2700 Guillelmum
1719 2627 1768 2703 de

345 2754 457 2826 Noset
482 2751 640 2828 militem
666 2752 858 2858 quondam
883 2752 1166 2857 provincialem,
1195 2752 1517 2830 locumtenentem
1537 2755 1769 2859 preceptoris

346 2881 497 2986 Apulie,
520 2882 757 2986 presentibus
782 2881 959 2959 fratribus
980 2881 1187 2960 Guillelmo
1212 2883 1259 2959 de
1279 2883 1429 2961 Beriant
1450 2882 1769 2961 Claramontensis

345 3012 522 3101 diocesis,
551 3011 689 3089 lacobo
721 3013 768 3088 de
795 3012 948 3089 Ancona
974 3031 1011 3089 et
1042 3013 1205 3089 Vassalio
1235 3014 1281 3089 de
1309 3012 1473 3092 Marsilia
1500 3013 1766 3101 servientibus,

344 3141 558 3228 dellunctis,
578 3141 617 3216 in
633 3142 735 3217 bunc
755 3141 912 3217 modum
938 3174 946 3217 ε
969 3169 1055 3217 nam
1080 3142 1195 3247 petita
1218 3143 1394 3220 societate
1418 3141 1575 3219 lratrum
1600 3143 1765 3233 ordinis,

345 3289 380 3346 et
401 3289 484 3375 post
503 3271 643 3348 multas
659 3272 913 3349 exortaciones
932 3271 1003 3349 sibi
1025 3271 1154 3360 lactas,
1170 3300 1341 3350 concessa
1359 3273 1501 3359 eidem,
1522 3272 1645 3350 dictus
1664 3304 1767 3353 rece-

347 3419 429 3505 ptor
445 3400 532 3478 lecit
546 3430 633 3481 eum
643 3404 771 3509 jurare
786 3402 891 3509 quod
900 3431 975 3480 non
987 3402 1167 3479 revelaret
1178 3421 1317 3481 secreta
1327 3403 1591 3510 capituliorum
1609 3404 1764 3493 ordinis,

345 3560 474 3607 vovere
496 3551 533 3608 et
548 3532 676 3638 jurare
697 3533 921 3621 castitatem,
939 3534 1220 3622 obedienciam,
1244 3552 1281 3611 et
1297 3536 1418 3611 vivere
1437 3536 1517 3610 sine
1537 3536 1706 3640 proprio,
1730 3556 1768 3614 et

344 3690 487 3738 servare
501 3662 623 3741 bonos
639 3690 729 3741 usus
747 3680 784 3738 et
804 3663 922 3741 bonas
940 3664 1234 3741 consuetudines
1253 3694 1329 3770 que
1346 3683 1436 3742 tunc
1458 3682 1562 3741 erant
1584 3683 1622 3741 et
1642 3666 1681 3742 in
1701 3697 1768 3773 po·

344 3810 486 3867 sterum
502 3792 787 3897 imponerentur
807 3794 843 3869 in
865 3794 1015 3883 ordine,
1034 3812 1071 3870 et
1088 3795 1217 3899 juvare
1237 3794 1445 3871 secundum
1459 3824 1566 3901 posse
1585 3823 1696 3873 suum
1718 3798 1767 3873 ad

344 3922 614 4026 acquirendum
640 3952 798 4030 regnum
826 3925 1100 4031 Jberosolyme,
1129 3943 1165 4002 et
1192 3927 1297 4031 quod
1325 3953 1400 4002 non
1429 3945 1525 4004 esset
1558 3928 1595 4002 in
1616 3926 1699 4005 loco
1725 3928 1766 4003 iu

342 4080 418 4157 quo
430 4053 565 4159 aliquis
576 4056 1029 4161 exlaeredareturinjuste‚
1046 4084 1114 4132 nec
1126 4057 1333 4134 dimitteret
1349 4057 1522 4135 ordinem
1534 4086 1602 4163 pro
1616 4059 1766 4135 meliori

343 4184 398 4260 vel
418 4185 606 4262 deteriori.
624 4188 709 4280 Quo
728 4186 821 4263 lacto
837 4186 1020 4292 imposuit
1038 4187 1107 4265 sibi
1126 4187 1367 4279 mantellum,
1389 4206 1424 4264 et
1448 4189 1528 4293 ipse
1555 4206 1591 4264 et
1606 4205 1768 4266 astantes

342 4314 502 4391 osculati·
517 4315 671 4392 luerunt
687 4345 775 4393 eum
797 4318 834 4393 in
857 4347 934 4395 ore.
956 4318 1105 4395 Deinde
1120 4319 1229 4395 allata
1250 4319 1410 4426 quadam
1428 4349 1536 4396 cruce
1557 4347 1766 4424 perunum

342 4444 388 4520 de
405 4444 598 4532 fratribus,
623 4446 738 4522 nescit
750 4475 818 4552 per
830 4475 964 4553 quem,
987 4447 1111 4554 lignea
1128 4450 1224 4527 sicut
1238 4450 1373 4537 credit,
1398 4450 1435 4525 in
1450 4479 1523 4555 qua
1541 4468 1618 4526 erat
1632 4478 1766 4557 ymago

341 4573 513 4650 Crucifixi
532 4577 696 4681 depicta,
713 4578 881 4684 precepit
895 4580 928 4654 ei
946 4579 1069 4656 dictus
1089 4599 1260 4686 receptor
1276 4581 1380 4687 quod
1401 4599 1553 4686 spueret
1569 4609 1683 4685 super
1707 4580 1767 4659 di·

342 4720 437 4782 etam
451 4709 703 4812 crucemqnia
714 4709 762 4785 ita
775 4708 935 4787 debebat
947 4709 1077 4799 lacere,
1094 4728 1131 4787 et
1143 4714 1222 4815 ipse
1235 4713 1340 4789 testis
1353 4712 1452 4815 spuit
1458 4713 1561 4817 juxta
1571 4738 1645 4787 non
1652 4740 1767 4818 super

346 4836 482 4909 dictam
503 4867 664 4915 erucem.
684 4839 931 4916 Postmodum
951 4841 1120 4946 precepit
1136 4840 1170 4917 ei
1187 4843 1291 4947 quod
1309 4842 1510 4949 abnegaret
1528 4843 1707 4930 thesunn
1729 4861 1766 4920 et
