4236 5948
344 548 394 620 oo
730 512 1371 623 eaocn'ssnnsrmrnnrnas.

341 686 440 762 stine
455 678 744 787 recipiebantur,
767 678 882 757 nullis
900 677 1137 786 presentibus
1151 678 1223 756 nisi
1238 677 1416 755 fratribus
1433 678 1589 759 ordinis.
1610 681 1757 762 Cordu-

343 815 391 892 lis
410 813 512 891 unde
527 808 703 889 uolebant
717 808 918 916 assumptis
936 808 1183 923 cingebantur
1200 837 1315 915 super
1332 808 1501 886 camisias
1517 838 1604 888 cum
1617 813 1758 920 quibus

339 944 522 1051 jacebant.
541 942 809 1050 lnjungebatur
820 939 875 1017 eis
888 967 937 1017 ne
955 937 1030 1015 illis
1042 938 1108 1045 qui
1127 965 1204 1016 non
1217 955 1325 1015 erant
1338 938 1386 1015 de
1402 938 1536 1017 ordine
1546 941 1760 1020 revelarent

343 1091 484 1151 secreta
504 1070 756 1178 capitulorum
775 1098 846 1147 nec
865 1068 1022 1146 modum
1050 1068 1278 1174 reoepcionis
1305 1095 1452 1158 eorum,
1485 1086 1523 1145 et
1551 1072 1667 1147 curati
1694 1099 1760 1149 eo·

343 1231 429 1281 rum
449 1200 625 1279 dicebant
643 1199 750 1309 quod
767 1228 845 1277 non
865 1212 1040 1304 poterant
1057 1196 1141 1275 aliis
1159 1197 1301 1305 absque
1321 1224 1454 1275 eorum
1475 1196 1631 1276 licencia
1648 1198 1760 1277 confi·

342 1332 433 1423 teri;
463 1332 535 1407 hoc
561 1347 687 1407 tamen
713 1357 791 1408 non
815 1327 1020 1406 servabant.
1048 1327 1160 1418 Item,
1186 1324 1281 1403 dixit
1306 1326 1355 1404 de
1380 1325 1519 1404 illicitis
1544 1324 1760 1407 confessatis

343 1487 523 1566 pereum
551 1456 674 1535 fuerat
700 1456 891 1536 confessus
913 1456 1015 1533 dicto
1037 1454 1144 1533 fratri
1163 1456 1328 1534 Roberto
1355 1456 1404 1534 de
1430 1457 1567 1534 Sancto
1591 1458 1697 1535 lusto
1724 1476 1762 1535 et

342 1588 425 1666 aliis
452 1586 708 1666 sacerdotibus
728 1586 874 1665 ordinis
898 1602 936 1663 et
954 1584 1151 1663 absolutus
1174 1584 1221 1662 ab
1249 1584 1334 1663 hiis.
1355 1587 1503 1663 Fratres
1521 1587 1681 1663 scientes
1701 1613 1761 1663 er·

342 1744 448 1794 rores
465 1716 620 1793 fuerunt
638 1714 871 1824 negligentes
895 1714 986 1822 quia
1011 1743 1089 1792 non
1116 1731 1357 1792 correxerunt
1375 1740 1440 1792 eos
1467 1742 1538 1793 nea
1557 1715 1763 1792 denuncia-

343 1861 477 1923 verunt
494 1844 671 1923 Ecclesie.
683 1845 919 1923 Elemosinas
933 1861 970 1922 et
982 1842 1276 1950 hospitalitatem
1289 1843 1384 1920 vidit
1398 1844 1662 1922 convenienter
1676 1842 1760 1920 fieri

341 1993 382 2051 et
400 1975 537 2052 servari
556 1975 596 2051 in
617 1974 794 2054 domibus
812 1974 957 2052 ordinis
970 1973 1009 2051 in
1022 1973 1163 2080 quibus
1176 1973 1300 2051 extitit
1309 1990 1562 2051 commoratus
1578 1989 1666 2050 ante
1680 1975 1761 2080 ejus

346 2103 606 2208 recepeionem
631 2120 788 2210 etpost,
812 2121 855 2179 et
877 2103 950 2180 hoc
971 2104 1024 2180 eis
1043 2100 1321 2209 precipiebatur
1339 2130 1408 2208 per
1427 2102 1638 2207 superiores
1657 2129 1757 2182 snos.

344 2232 531 2311 Ordinata
543 2260 613 2338 per
631 2232 851 2339 Magisuum
871 2261 958 2310 cum
976 2249 1164 2309 conventu
1183 2248 1363 2309 servasset
1379 2248 1482 2308 totus
1501 2232 1615 2320 ordo,
1632 2249 1761 2308 contra

345 2388 461 2466 quem
484 2389 586 2438 nune
608 2361 764 2468 grandia
791 2361 980 2452 mandale,
1006 2361 1229 2467 suspicio-et
1246 2358 1400 2438 infamia
1418 2376 1572 2466 propter
1594 2359 1761 2464 predicta

344 2507 433 2566 sunt
457 2507 594 2568 exorta.
619 2490 754 2570 Credit·
775 2491 881 2597 quod
904 2489 1107 2569 confesseta
1130 2519 1200 2596 per
1219 2518 1307 2567 eum
1328 2505 1453 2566 essent
1476 2506 1563 2566 nota
1586 2488 1761 2594 pluribus

342 2615 522 2696 fratribus
541 2619 705 2709 ordinis‚·
722 2620 771 2695 ad
790 2620 897 2727 cujus
921 2619 1194 2697 deffensionem
1213 2646 1300 2695 eum
1319 2617 1494 2724 pluribus
1518 2618 1602 2695 aliis
1624 2644 1665 2694 se
1690 2617 1760 2695 ob·

343 2744 494 2823 tulerat.

399 2874 615 2979 Requisitus
627 2875 659 2950 si
672 2875 725 2951 sie
735 2875 961 2980 deposuerat
974 2902 1100 2982 prece,
1117 2891 1312 2980 precepto,
1324 2876 1479 2966 timore,
1491 2903 1635 2962 amore,
1648 2875 1755 2964 odio,

341 3003 400 3080 vel
418 3002 615 3108 temporali
639 3003 802 3082 eomodo
829 3004 960 3081 habito
990 3003 1047 3079 vel
1076 3003 1273 3091 habendo,
1305 3004 1502 3110 respondit
1529 3004 1636 3111 quod
1663 3031 1757 3095 non,

341 3131 410 3210 sed
427 3160 497 3238 pro
515 3132 667 3208 veritate
695 3132 875 3222 dioenda3
904 3133 964 3209 eui
993 3131 1065 3209 luit
1092 3132 1305 3238 injunctum
1333 3134 1441 3240 quod
1470 3162 1547 3212 non
1577 3132 1760 3212 revelaret

344 3262 441 3337 hanc
459 3289 567 3338 suam
576 3260 876 3366 deposicionem,
904 3289 1101 3368 quousque
1122 3263 1381 3340 attestaeiones
1399 3263 1541 3341 luerint
1558 3263 1758 3369 publicata.

399 3388 489 3467 Acta
502 3387 657 3466 luerunt
673 3390 745 3467 bec
764 3390 826 3466 die
847 3407 885 3468 et
903 3389 987 3468 loco
1007 3391 1199 3496 predictis,
1215 3393 1453 3497 presentibus
1468 3394 1645 3502 magistro
1660 3392 1760 3470 Arni·

345 3518 417 3605 sio,
442 3545 504 3594 me
528 3517 783 3597 Floriamonte
810 3518 1024 3608 Dondedei‚
1053 3536 1090 3596 et
1116 3518 1200 3596 aliis
1226 3522 1381 3599 notariis
1405 3548 1517 3628 supra
1535 3522 1673 3599 ultimo
1693 3548 1761 3599 no·

345 3663 507 3724 mustis.

402 3908 490 3984 Post
517 3906 605 3993 hec,
636 3907 826 3987 die-lovis
852 3908 1041 4013 sequenti
1072 3937 1148 4016 que
1174 3909 1246 3988 luit
1273 3935 1362 3988 rtur
1391 3909 1472 3987 dies
1501 3909 1589 3986 dicti
1622 3909 1761 3986 mensis

345 4034 493 4126 Marcii,
518 4035 593 4112 luit
615 4036 802 4116 adductus
826 4038 1128 4144 adpresenciam
1149 4039 1370 4116 eorumdem
1391 4037 1632 4116 dominorum
1657 4064 1760 4114 com·

345 4165 616 4258 mosariorum,
638 4166 678 4242 in
697 4167 797 4246 diota
815 4169 932 4247 domo
950 4167 1109 4246 fratrum
1134 4167 1343 4258 Minorurn,
1364 4167 1478 4245 frater
1495 4166 1693 4274 Philippus
1711 4166 1760 4243 de

345 4295 472 4373 Manni
485 4279 664 4388 serviens,
686 4298 910 4377 Moriuensis
923 4297 1104 4387 ‘diocesin
1118 4297 1348 4403 testis'suprs
1356 4297 1520 4404 juratus,
1539 4313 1582 4374 ut
1596 4295 1761 4402 depone-

343 4441 402 4501 ret
421 4423 569 4537 dietum.
584 4452 718 4518 suum,
738 4427 890 4536 triginta
909 4454 1096 4507 annonam
1112 4427 1171 4506 vel
1197 4427 1310 4518 circa,
1335 4427 1403 4533 qui
1421 4424 1630 4505 voluntarie
1657 4449 1761 4503 man·

345 4551 481 4629 tellum
501 4552 695 4632 dimiserat
713 4573 752 4633 et
769 4555 850 4633 radi
869 4555 1007 4635 lecerat
1024 4557 1096 4636 sibi
1116 4556 1292 4645 barbam,
1319 4583 1406 4634 cum
1431 4582 1509 4663 quo
1537 4554 1759 4660 inquisitum

344 4679 484 4768 luerat,
506 4683 701 4764 absolutam
720 4704 759 4764 et
775 4685 1037 4766 reconciliatus
1055 4710 1125 4794 per
1143 4687 1343 4766 dominum
1359 4686 1681 4792 archiepiscopum
1696 4681 1761 4759 Re

344 4838 512 4890 mensem
532 4814 572 4890 in
594 4816 756 4894 concilio
775 4818 961 4896 Remensi.
991 4817 1113 4896 Lectis
1133 4833 1264 4894 autem
1293 4833 1332 4894 et
1359 4815 1560 4926 diligenter
1582 4811 1759 4922 expositis
