4236 5948
377 524 453 600 su
758 507 954 601 esocis
985 527 1081 630 pes
1111 528 1415 601 rsupmnns.

378 665 578 753 serviente,
595 692 708 772 quem
730 666 850 745 credit
864 669 1000 754 vivere,
1018 668 1127 743 Petro
1154 666 1201 742 de
1225 667 1373 745 Modico
1396 665 1532 753 milite,
1550 665 1662 740 Petro
1675 662 1792 741 Char·

379 794 509 874 boneli
525 810 563 871 et
583 794 719 886 Quone
745 795 791 871 de
817 798 960 872 Brueco
985 795 1250 883 servientibus,
1278 796 1494 887 deffunctis,
1517 795 1556 869 in
1587 793 1691 869 huuc
1711 818 1793 870 mo-

377 925 469 1002 dum
489 956 497 1002 t
516 953 602 1001 nam
632 924 748 1029 petita
767 924 814 1001 ab
843 924 1098 1001 eis-societate
1121 924 1263 1001 ordinis
1289 941 1327 1001 et
1353 924 1385 1000 ei
1408 950 1597 1012 concessa,
1619 937 1792 1028 receptor

376 1055 465 1131 iecit
485 1081 549 1131 eos
568 1081 700 1131 vovere
727 1070 765 1129 et
778 1054 905 1159 jurare
926 1054 1147 1142 castitatem,
1169 1053 1446 1143 obedienciam,
1469 1052 1589 1129 vivere
1605 1053 1686 1128 sine
1701 1077 1790 1157 pro·

374 1184 475 1288 prio,
504 1197 543 1259 et
565 1210 708 1259 sowere
726 1182 848 1260 bonos
871 1211 961 1259 usus
980 1183 1045 1289 qui
1067 1200 1157 1259 tunc
1177 1200 1285 1260 erant
1307 1184 1347 1260 in
1359 1182 1497 1260 ordine
1522 1198 1560 1258 et
1578 1182 1645 1287 qui
1665 1181 1705 1256 in
1722 1207 1789 1288 po-

374 1330 516 1390 sterum
542 1311 846 1417 imponerentur3
866 1329 905 1389 et
923 1312 1107 1417 impositis
1127 1311 1314 1390 mantellis
1342 1311 1577 1419 primodictis
1602 1310 1789 1388 militibus

373 1459 410 1518 et
434 1442 678 1548 postmodum
705 1441 775 1547 ipsi
803 1443 908 1534 testi,
938 1459 1109 1548 receptor
1131 1443 1202 1520 fuit
1226 1443 1413 1520 osculatus
1439 1468 1503 1518 eos
1531 1441 1571 1516 in
1604 1439 1787 1518 umbilico

370 1598 484 1676 super
501 1587 638 1659 vestes,
657 1570 728 1676 ipsi
747 1587 892 1664 tamen,
914 1572 1018 1678 quod
1032 1571 1187 1660 recolat,
1210 1600 1286 1648 non
1306 1571 1460 1648 luerunt
1479 1569 1636 1648 osculati
1660 1571 1786 1676 ipsum

370 1717 603 1805 receptorem
623 1728 695 1777 nec
720 1700 813 1780 alios
840 1701 1000 1779 astantes
1014 1701 1054 1776 in
1075 1730 1152 1779 ore.
1168 1703 1318 1780 Deinde
1336 1702 1504 1808 precepit
1526 1702 1581 1778 eis
1601 1699 1706 1806 quod
1720 1701 1787 1778 ab·

369 1848 522 1937 negaret
542 1832 667 1909 Deum
686 1831 746 1908 vel
771 1833 943 1919 ihesum,
969 1832 1104 1936 etipse
1130 1833 1235 1909 testis
1255 1831 1432 1909 fecithoc
1451 1860 1529 1920 ore,
1555 1860 1632 1908 non
1653 1831 1785 1921 cordo,

369 1976 408 2037 et
425 1959 545 2037 credit
568 1960 674 2065 quod
694 1962 830 2039 eodem
851 1961 967 2038 modo
989 1957 1053 2038 ore
1079 1989 1156 2038 non
1182 1962 1293 2039 corde
1311 1962 1587 2067 abnegaverunt
1602 1960 1784 2037 dictimi·

367 2087 463 2165 lites.
487 2089 634 2166 Deinde
662 2089 771 2167 allata
797 2093 915 2167 nescit
934 2118 1003 2196 per
1027 2119 1141 2196 quem
1155 2092 1330 2198 'quadam
1360 2119 1488 2177 cruce,
1517 2090 1635 2166 nescit
1660 2088 1781 2196 quali,

366 2219 534 2325 precepit
559 2219 613 2296 eis
635 2219 740 2325 quod
759 2236 938 2325 spuerent
957 2249 1069 2325 supra
1089 2248 1188 2310 eam,
1216 2238 1254 2298 et
1272 2238 1456 2326 spuerunt
1479 2248 1557 2297 non
1580 2248 1691 2326 supra
1714 2221 1782 2299 sed

359 2348 464 2454 juxta
484 2377 579 2425 eam.
604 2349 706 2427 Dixit
725 2349 779 2425 eis
803 2349 955 2455 insuper
975 2350 1079 2455 quod
1101 2348 1278 2427 fratribus
1303 2351 1447 2428 ordinis
1464 2365 1638 2456 poterant
1655 2375 1781 2426 carna·

364 2476 453 2554 liter
475 2478 725 2566 commisceri,
749 2495 788 2555 et
809 2477 879 2584 ipsi
896 2507 982 2554 cum
1009 2479 1082 2569 eis,
1108 2497 1146 2556 et
1165 2481 1270 2585 quod
1289 2479 1457 2585 predicta
1482 2480 1609 2555 omnia
1628 2477 1782 2557 facts'et

366 2608 464 2685 dicta
480 2609 520 2685 in
537 2609 729 2715 presencia
747 2606 908 2684 aliorum
924 2625 1030 2685 erant
1050 2625 1087 2685 et
1100 2606 1242 2687 fiebant
1262 2638 1305 2687 ex
1321 2628 1497 2716 precepto
1519 2609 1674 2686 ordinis.
1696 2609 1780 2686 Alia

363 2737 493 2816 illicita
507 2767 585 2817 non
604 2739 886 2817 intervenerunt
902 2739 942 2816 in
972 2739 1079 2816 dictis
1093 2740 1376 2846 recepcionibus
1394 2768 1464 2816 nec
1482 2756 1585 2846 post,
1610 2756 1648 2816 et
1659 2740 1780 2818 credit

363 2869 469 2974 quod
497 2869 629 2947 eadem
654 2886 693 2948 et
718 2897 796 2946 non
824 2869 896 2946 elia
919 2871 1201 2947 intervenerunt
1226 2871 1478 2947 communiter
1506 2887 1544 2946 et
1572 2868 1716 2975 ubique
1736 2871 1777 2948 iu

358 2999 644 3108 recepcionibus
663 2990 836 3077 aliorum
851 2999 1009 3076 fratrum
1035 3001 1177 3076 ordinis
1199 3000 1258 3076 vel
1282 3019 1397 3107 post:
1420 3001 1508 3106 quia
1529 2999 1622 3076 vidit
1644 3027 1778 3078 secun—

359 3131 452 3208 dum
488 3131 647 3209 modum
674 3130 922 3210 confossatum
952 3160 1021 3237 per
1049 3159 1137 3208 eum
1163 3131 1277 3238 recipi
1308 3132 1460 3209 fratrem
1488 3132 1698 3209 lobannem
1726 3131 1774 3208 de

357 3260 487 3337 Monte
523 3260 721 3337 Marlhone
761 3258 922 3336 militem
954 3261 1169 3368 quondam,
1204 3262 1243 3337 in
1277 3261 1417 3367 capella
1450 3258 1586 3338 domus
1623 3260 1773 3366 Templi
1839 3262 1846 3274 ⁸

356 3391 404 3466 de
439 3389 584 3468 Chanar
621 3389 938 3468 Claromontensis
968 3391 1141 3480 diocesis,
1174 3408 1262 3467 sunt
1294 3391 1441 3467 circiter
1467 3387 1533 3468 anfi
1564 3388 1673 3477 anni,
1704 3418 1774 3496 por

354 3519 509 3597 fratrem
535 3521 733 3627 Hugonem
759 3520 918 3627 Saycelli
949 3519 1125 3608 militem,
1162 3520 1209 3597 de
1235 3522 1341 3629 cujus
1366 3520 1438 3596 vita
1461 3520 1519 3596 vel
1541 3537 1661 3596 morte
1691 3547 1770 3598 non

354 3649 469 3728 habet
485 3649 766 3739 certitudinem,
788 3650 1024 3755 presentibus
1042 3649 1217 3726 fratribus
1231 3650 1453 3757 Raymundo
1470 3648 1587 3727 Vinee
1603 3666 1640 3725 et
1659 3650 1770 3729 Petro

354 3779 541 3886 Potbayro
565 3778 828 3870 servientibus,
862 3779 1080 3869 deffunctis,
1115 3798 1153 3856 et
1180 3781 1289 3856 Petro
1311 3778 1430 3867 Blavi,
1451 3795 1546 3855 teste
1572 3807 1683 3883 supra
1703 3779 1769 3884 ju-

346 3926 451 3997 sato,
472 3925 559 4015 post
577 3909 681 3987 bunc
699 3909 920 3987 examinato.
937 3909 1041 3986 Vidit
1059 3908 1176 3986 eciam
1192 3910 1307 4015 recipi
1324 3938 1393 4015 per
1408 3907 1585 3985 eumdem
1607 3908 1768 3987 modum

288 4064 291 4073 '
347 4043 501 4122 fratrem
529 4039 724 4118 Gelterum
750 4039 798 4115 de
822 4039 931 4116 Messi
962 4038 1138 4130 militem,
1168 4040 1366 4116 detentum
1397 4038 1576 4131 Parisius,
1604 4036 1644 4112 in
1668 4037 1768 4117 dicta

346 4170 489 4282 capelle
515 4172 651 4249 domus
678 4171 828 4276 Templi
855 4171 903 4248 de
924 4169 1105 4259 Folhosa,
1136 4170 1284 4249 circiter
1310 4198 1539 4277 perannum
1569 4185 1654 4246 ante
1683 4198 1769 4277 oap-

345 4304 495 4382 cionem
519 4328 672 4389 eorum,
699 4327 768 4407 per
785 4300 990 4406 quemdam
1014 4301 1176 4379 militem
1201 4300 1307 4408 cujus
1328 4328 1469 4377 nomen
1491 4317 1529 4376 et
1553 4327 1765 4405 cognomen

343 4434 509 4542 ignorat,
531 4429 771 4538 presentibus
797 4429 973 4509 iratribus
1003 4432 1174 4510 Johanne
1202 4431 1368 4510 Senandi
1396 4447 1435 4507 et
1459 4432 1503 4508 B.
1525 4429 1573 4506 de
1591 4429 1761 4525 Alsonio,

340 4562 503 4642 testibus
538 4589 651 4668 supra
686 4560 921 4652 examinatis,
962 4578 1000 4639 et
1038 4561 1154 4638 eciem
1191 4563 1374 4640 Durando
1415 4558 1632 4650 Charncrii,
1665 4577 1762 4641 uste

340 4694 512 4803 proximo
532 4692 759 4784 examinato,
778 4709 823 4770 ut
842 4692 914 4770 sibi
933 4692 1093 4770 videtur.
1112 4691 1284 4770 Plurium
1308 4689 1592 4796 recepcionibus
1609 4718 1687 4769 uon
1707 4720 1762 4771 re·

340 4825 431 4907 colit
449 4824 616 4919 affuisse,
642 4824 732 4902 licet
751 4822 824 4900 fuit
853 4821 952 4902 ultro
980 4850 1082 4901 mare
1108 4839 1243 4930 quater
1261 4822 1321 4901 vel
1348 4820 1553 4930 quinquies
1580 4838 1759 4929 tanqrum
