4236 5948
484 534 563 609 *ato
877 515 1074 613 rnocts
1099 534 1194 607 uus
1219 533 1519 607 rcurtluns.

486 676 627 766 stricte,
647 677 849 783 diligenter
863 677 1128 784 interrogatus,
1146 673 1237 750 dixit
1251 691 1289 750 ct
1306 673 1454 780 negavit
1473 672 1601 751 omnia
1614 689 1653 753 et
1664 673 1809 781 singula
1827 702 1915 754 cou-

486 826 588 886 tenta
609 810 647 885 in
671 808 760 914 ipsis
779 806 945 884 articulis
965 822 1003 884 et
1030 832 1163 883 eornm
1183 804 1357 911 singulis,
1388 802 1488 880 salvo
1517 804 1622 910 quod
1644 801 1838 882 consessus
1861 824 1915 884 est

486 940 591 1018 idem
611 939 724 1017 frater
742 938 929 1016 lordanus
948 936 1054 1044 quod
1067 935 1252 1042 recipiens
1272 952 1310 1012 et
1329 946 1502 1041 receptus
1517 934 1556 1010 in
1577 935 1720 1013 dictum
1741 934 1914 1015 ordinem
1966 979 1968 981 >

487 1099 526 1148 se
542 1070 590 1148 ad
610 1070 766 1146 invicem
787 1066 1001 1145 osculantur
1019 1068 1059 1144 in
1074 1095 1139 1145 ore
1159 1082 1323 1154 tantum3
1347 1083 1384 1142 et
1404 1063 1478 1142 hoc
1494 1065 1629 1142 servari
1644 1065 1738 1142 vidit
1755 1067 1795 1143 in
1811 1096 1914 1146 rece·

486 1201 619 1306 pcione
646 1200 854 1278 multorum
878 1198 1053 1286 fratrum
1076 1226 1171 1306 quos
1190 1197 1305 1303 recipi
1326 1196 1421 1274 vidit
1440 1195 1479 1274 in
1501 1195 1616 1276 domo
1638 1197 1753 1279 Mami
1775 1198 1846 1275 Dei
1867 1199 1914 1276 ad

439 1406 443 1412 .
486 1324 658 1410 ordinem
673 1330 942 1439 supradictum.

541 1465 601 1542 Ad
620 1488 908 1542 xxxrur-xxxtx
929 1461 1104 1540 articulos
1123 1457 1300 1541 inclusive
1325 1418 1559 1568 respondeus
1584 1461 1868 1571 singulariter
1839 1493 1914 1542 srn

484 1595 597 1701 gulis,
621 1611 659 1672 ct
676 1594 868 1674 consessus
892 1593 1071 1701 estquod
1095 1592 1227 1670 fratres
1258 1593 1397 1700 recepti
1421 1593 1459 1670 in
1485 1591 1585 1673 dicto
1610 1594 1744 1673 ordine
1762 1594 1911 1702 Templi

485 1727 726 1832 promittunt,
751 1755 818 1834 per
832 1726 1088 1835 juramentum
1108 1755 1128 1801 a
1149 1753 1188 1803 se
1203 1724 1418 1831 prestitum,
1442 1753 1481 1801 se
1496 1750 1578 1845 pon
1596 1725 1694 1802 exire
1714 1754 1784 1803 nec
1798 1726 1912 1803 relin-

485 1886 603 1964 quere
624 1859 749 1965 ipsum
770 1856 943 1937 ordinem
958 1885 1027 1964 pro
1042 1857 1175 1963 quovis
1195 1855 1269 1935 alio
1285 1855 1420 1934 ordine
1436 1855 1567 1963 majori
1580 1856 1638 1933 vel
1652 1856 1802 1946 minori.
1818 1859 1911 1936 ltem

484 1987 674 2067 confessus
694 2007 750 2066 est
764 1987 869 2096 quod
883 1989 954 2095 ipsi
975 1986 1105 2065 fratres
1125 1987 1264 2095 recepti
1285 1986 1531 2086 incontinenti
1550 2003 1636 2094 post
1653 1989 1911 2095 recepcionem

485 2119 671 2197 habentur
684 2148 754 2225 pro
768 2118 956 2224 professis.
975 2121 1070 2195 Item
1084 2117 1274 2196 confessus
1290 2116 1460 2223 estquod
1474 2117 1643 2224 recepcio
1652 2117 1826 2224 ‚ipsorum
1839 2118 1911 2196 sra-

484 2265 694 2354 trum-quos
709 2249 824 2356 recipi
836 2247 929 2325 vidit
943 2249 982 2325 in
997 2248 1129 2327 ordine
1141 2248 1354 2354 supradicto
1367 2247 1462 2327 lacta
1475 2228 1561 2337 fuit,
1579 2264 1619 2326 et
1629 2247 1807 2326 eam-fieri
1818 2250 1911 2328 vidit

486 2380 532 2455 de
553 2379 683 2457 multis
706 2378 883 2459 fratribus
904 2379 944 2456 in
968 2379 1067 2457 dicta
1085 2377 1237 2458 ecclesia
1261 2379 1380 2457 Mansi
1396 2379 1483 2469 Dei,
1506 2377 1640 2457 clausis
1654 2380 1779 2487 januis
1795 2381 1911 2487 ipsius

486 2509 658 2598 ecclesie,
680 2527 718 2589 ct
736 2510 896 2618 expulsis
915 2510 1091 2589 omnibus
1110 2527 1236 2618 preter
1254 2509 1386 2588 fratres
1401 2508 1544 2589 ordinis
1563 2496 1777 2618 supradicti.
1791 2512 1851 2590 Ad
1871 2514 1911 2591 id

483 2668 571 2721 vero
591 2642 696 2748 quod
716 2640 763 2718 de
784 2640 996 2718 vehementi
1022 2640 1232 2747 suspicione
1259 2641 1299 2717 in
1324 2640 1480 2718 articulo
1496 2640 1733 2746 exprimittu,
1752 2670 1911 2751 respon·

452 2872 455 2878 ¹
484 2772 541 2867 dit
555 2786 592 2851 et
609 2770 701 2848 dixit
720 2799 893 2849 murmur
907 2769 989 2848 [ieri
1005 2771 1102 2848 inter
1116 2787 1261 2877 gentes,
1285 2788 1322 2848 et
1336 2771 1441 2878 quod
1461 2769 1569 2848 multi
1590 2771 1912 2880 interrogaverunt

484 2903 605 3008 ipsum
625 2933 691 3010 qur
682 2903 880 3010 loquitur
892 2930 1009 3009 quare
1025 2903 1075 2978 ita
1090 2920 1229 2980 secrete
1247 2900 1361 2980 fiebat
1373 2902 1550 3008 recepcio
1555 2882 1722 3048 ipsorum
1740 2902 1907 2984 fratrum

482 3033 660 3126 Quibus
651 3063 730 3142 ipse
751 3032 1109 3142 responditquod
1081 3063 1133 3110 src
1149 3050 1226 3110 erat
1241 3049 1419 3111 statutum
1435 3059 1503 3139 per
1525 3060 1590 3111 eos
1611 3034 1678 3140 qui
1703 3048 1911 3114 statuerunt

483 3162 656 3243 ordinem
680 3164 949 3271 supradictum.

538 3297 595 3374 Ad
610 3296 765 3376 xl-—xlv
780 3296 955 3376 articulos
970 3297 1148 3377 inclusive
1164 3297 1395 3405 respondens
1406 3254 1645 3447 singulariter
1655 3299 1830 3410 singulis,
1846 3329 1910 3377 ne·

481 3429 577 3534 gavit
595 3430 697 3535 ipsos
714 3428 892 3505 articulos
912 3447 950 3506 ct
970 3429 1097 3506 omnia
1117 3446 1154 3507 et
1173 3429 1317 3538 singula
1338 3446 1511 3509 contenta
1530 3430 1569 3508 in
1588 3431 1654 3510 eis.

537 3558 595 3633 Ad
612 3558 844 3637 xlvi-lxxiii
858 3559 1036 3636 articulos
1056 3560 1233 3651 inclusive
1252 3562 1488 3670 respondens
1504 3562 1742 3669 singulariter
1758 3579 1796 3640 et
1809 3563 1909 3671 sigil-

479 3688 584 3765 latim
605 3689 778 3797 singulis,
802 3691 949 3798 negavit
969 3691 1094 3769 ornnia
1111 3709 1149 3770 ct
1163 3692 1306 3801 singula
1329 3710 1502 3771 contenta
1525 3694 1565 3770 in
1586 3694 1655 3783 eis,
1680 3692 1779 3771 salvo
1805 3696 1909 3801 quod

481 3809 672 3897 consessus
688 3821 856 3929 estquod
869 3822 907 3898 in
917 3822 997 3928 ipsa
1006 3824 1225 3929 recepcione
1242 3825 1451 3933 injungitur
1461 3825 1550 3930 ipsis
1562 3823 1738 3903 fratribus
1749 3827 1909 3930 receptis

479 3969 661 4097 perpetup
671 3968 708 4029 et
719 3951 799 4028 sine
813 3952 1092 4031 intermissione
1104 3954 1213 4033 dictis
1223 3953 1426 4032 cordulis
1398 3983 1472 4032 sive
1482 3955 1678 4063 cingulis
1648 3975 1909 4063 cmgantursu·

478 4109 546 4185 per
560 4082 764 4170 camisiam,
786 4082 834 4159 ad
851 4083 1122 4189 designandum
1138 4084 1362 4162 castitatem·
1353 4086 1526 4193 ,negavit
1539 4103 1666 4164 tamen
1679 4087 1785 4194 quod
1799 4086 1908 4163 dictis

479 4212 683 4290 cordulis
656 4242 729 4290 sive
744 4212 941 4320 cingulis
911 4232 1106 4329 cingantur
1117 4214 1174 4292 vel
1186 4189 1615 4324 tanganturydolumvel
1626 4215 1753 4326 ydola,
1766 4246 1837 4294 nec
1847 4216 1909 4293 alr·

477 4372 551 4450 qua
568 4344 703 4451 capita,
709 4344 810 4422 sicut
820 4345 862 4420 in
876 4344 1040 4423 articulis
1051 4346 1274 4437 continetur,
1291 4346 1420 4425 dicens
1433 4377 1472 4425 se
1487 4376 1689 4454 nunquam
1686 4346 1827 4426 vidisse
1840 4347 1907 4424 ali-

477 4474 580 4579 quod
591 4475 763 4582 ydolum,
776 4502 845 4552 nec
860 4476 928 4553 scit
941 4474 1045 4584 quod
1058 4477 1123 4566 sit,
1136 4477 1203 4555 sed
1218 4477 1338 4555 credit
1349 4478 1453 4583 quod
1463 4477 1591 4556 nichil.
1608 4480 1701 4558 Item
1715 4477 1907 4557 confessus

477 4621 534 4680 est
543 4604 648 4711 quod
658 4606 697 4682 in
708 4606 928 4712 recepcione
939 4605 1096 4684 fratrum
1107 4608 1197 4685 dicti
1206 4608 1347 4686 ordinis
1360 4609 1570 4717 injungitur
1580 4609 1635 4686 eis
1644 4608 1779 4687 virtute
1791 4623 1911 4686 sacra·'

477 4736 674 4814 mentiase
684 4738 829 4841 prestiti
840 4738 1092 4844 quodsecreta
1101 4753 1253 4816 teneant
1262 4739 1406 4846 illaque
1417 4740 1457 4817 in
1471 4740 1643 4848 capitulis
1652 4768 1783 4818 eorum
1794 4769 1906 4847 agua*
1959 4773 1961 4777 ’

475 4883 538 4942 tur
546 4884 582 4943 et
594 4866 706 4954 fiunt,
720 4885 756 4944 et
769 4869 821 4945 sic
834 4897 878 4945 cx
887 4870 1131 4976 consequenti
1145 4896 1276 4949 eorum
1285 4872 1455 4976 recepcio
1465 4872 1628 4949 tenenda
1638 4873 1738 4974 estin
1747 4887 1903 4951 secreto.
1983 4971 1986 4977 ι
