4236 5948
478 531 550 606 an
864 511 1060 602 nnocts
1086 529 1181 600 nns
1207 528 1508 602 rnnptmns.

518 676 640 751 Anno
656 690 693 750 et
714 672 775 749 die
792 671 929 778 quibus
945 700 1067 776 supra.
1193 720 1196 725 -

532 806 608 882 XII.
629 805 758 880 Frater
782 800 965 879 Amaldns
989 799 1219 907 Septembris
1245 800 1292 885 de
1317 800 1448 878 ordine
1477 800 1567 879 dicti
1589 799 1737 906 Templi
1765 801 1900 880 domus

474 935 592 1014 Mauri
605 936 695 1024 Dei,
710 934 813 1011 testis
828 933 972 1040 juratus
988 929 1035 1008 ad
1055 950 1177 1008 sancta
1192 932 1262 1008 Dei
1280 931 1474 1038 Evangelia
1494 960 1607 1038 super
1625 931 1803 1037 predictis
1818 935 1903 1011 arti·

476 1066 569 1145 culis
586 1083 623 1143 et
643 1093 774 1142 eornm
794 1062 966 1170 quolibet
983 1062 1054 1139 sibi
1077 1063 1249 1170 expositis
1269 1064 1309 1138 in
1324 1063 1480 1170 vulgari,
1502 1080 1544 1140 nt
1562 1062 1777 1168 principalis
1798 1065 1902 1143 dese

476 1199 573 1303 ipso,
586 1215 623 1274 et
637 1213 679 1272 ut
691 1195 796 1271 testis
816 1194 862 1270 (16
878 1192 977 1281 61116,
995 1193 1193 1302 diligenter
1205 1210 1244 1269 61
1262 1193 1449 1300 sigillatim
1469 1194 1731 1299 interrogatus,
1749 1223 1904 1302 respon·

477 1328 567 1405 dens
582 1327 630 1404 ad
645 1326 824 1432 primum,
839 1352 1016 1433 n-xxnr
1032 1324 1209 1403 articulos
1229 1323 1422 1414 inclusive,
1445 1326 1590 1432 negavit
1609 1325 1710 1431 ipsos
1728 1326 1902 1403 articulos

477 1477 513 1534 et
530 1457 656 1534 omnia
667 1473 703 1533 et
713 1456 857 1563 singula
872 1473 1043 1532 contenta
1059 1455 1097 1532 in
1116 1457 1186 1543 eis,
1207 1485 1252 1532 eo
1272 1455 1371 1532 salvo
1385 1455 1488 1560 quod
1504 1455 1571 1560 ipsi
1588 1454 1718 1532 fratres
1735 1456 1902 1563 ejusdem

476 1589 618 1666 ordinis
640 1605 677 1663 et
696 1588 775 1694 ipse
795 1616 881 1663 cnm
902 1587 1032 1663 cister
1049 1586 1088 1662 in
1101 1614 1197 1663 anno
1214 1604 1252 1663 et
1267 1585 1422 1692 singulis
1438 1586 1543 1662 annis
1555 1614 1639 1662 cnm
1659 1585 1785 1663 debita
1803 1615 1905 1663 reve-

475 1720 599 1795 rencia
629 1717 854 1808 ethonore,
883 1716 1061 1824 depositis
1089 1716 1222 1823 gladiis
1250 1734 1288 1793 et
1310 1716 1559 1793 calciamentis
1583 1716 1726 1822 pedum
1751 1745 1905 1795 suornm

476 1877 622 1927 necnon
642 1847 731 1926 colis
746 1848 907 1955 capitum
923 1876 1096 1936 suorum,
1112 1847 1152 1922 in
1172 1846 1232 1922 die
1249 1846 1405 1926 Veneris
1426 1863 1550 1938 sancta
1569 1845 1703 1922 ultima
1722 1846 1905 1954 Cadrage-

475 1980 569 2057 sime
589 1979 745 2055 adorant
762 2008 911 2057 crucem
926 1996 1087 2054 sanctam
1101 1977 1140 2053 in
1159 2006 1233 2083 qua
1247 1977 1572 2055 Dominus-noster
1585 1977 1720 2055 Jhesus
1735 1974 1903 2056 Christus

475 2110 547 2185 Dei
579 2109 679 2187 filius
708 2138 776 2214 pro
802 2108 922 2185 salute
942 2108 1096 2185 humani
1123 2108 1289 2215 generis,
1311 2135 1388 2184 non
1418 2134 1488 2212 pro
1513 2106 1589 2185 suis
1617 2108 1792 2214 peccatis,
1818 2109 1903 2214 quia

476 2269 660 2346 nusquam
684 2239 848 2345 peccavit
866 2267 934 2315 nec
954 2238 1066 2315 dolus
1085 2237 1157 2314 fnit
1176 2237 1215 2313 in
1242 2265 1307 2315 ore
1328 2238 1425 2346 ejus,
1447 2238 1516 2314 sed
1533 2264 1602 2342 pro
1622 2237 1760 2315 nostris
1780 2239 1902 2315 crimi-

477 2370 589 2450 nibus
607 2371 738 2449 mortis
753 2370 951 2476 suplicium
971 2397 1099 2474 passus
1118 2368 1204 2459 fuit,
1227 2368 1413 2447 dicendo:
1437 2368 1591 2447 «Adoro
1610 2388 1663 2458 te,
1685 2369 1849 2459 Christe,
1868 2387 1903 2447 et

476 2501 659 2579 benedico
678 2501 764 2590 tibi,
787 2500 876 2608 quia
896 2530 963 2606 per
984 2528 1132 2577 crucem
1147 2517 1249 2576 tuam
1264 2500 1456 2577 redemisti
1473 2479 1703 2577 mundum.»

532 2635 625 2709 Item
648 2633 838 2711 annuatim
864 2631 982 2708 mucis
1002 2631 1263 2709 adoracionem
1280 2630 1420 2707 faciunt
1438 2632 1478 2707 in
1496 2631 1647 2710 duobus
1664 2630 1746 2708 aliis
1764 2630 1903 2709 festivis

476 2762 627 2852 diebus,
655 2762 826 2840 videlicet
850 2765 888 2839 in
910 2790 1039 2839 mense
1069 2762 1182 2839 madii
1209 2761 1271 2838 die
1297 2761 1428 2840 Sancte
1453 2761 1602 2851 Crucis,
1629 2790 1776 2840 necnon
1801 2779 1838 2839 et
1864 2762 1901 2838 in

474 2922 602 2970 mense
617 2894 837 3000 septembris
853 2895 892 2969 in
913 2893 975 2968 die
989 2892 1233 2970 Exaltaeionis
1253 2891 1385 2970 Sancte
1406 2891 1554 2982 Crucis,
1571 2921 1649 2971 non
1664 2893 1902 2970 tantumdis·

475 3024 632 3101 calciatis
659 3024 837 3131 pedibus,
865 3024 935 3102 sed
961 3021 1119 3100 cultellis
1145 3039 1182 3099 et
1209 3022 1299 3100 colis
1327 3022 1490 3128 capitum
1515 3023 1709 3130 depositis3
1738 3023 1901 3100 adiciens

475 3156 578 3261 quod
597 3174 825 3233 sacramenta
850 3154 1013 3233 Ecclesie
1031 3170 1108 3231 tam
1128 3154 1206 3260 ipse
1227 3183 1342 3261 quam
1362 3154 1474 3231 ceteri
1498 3154 1631 3232 fratres
1649 3155 1740 3232 dicti
1759 3154 1901 3231 ordinis

474 3285 583 3391 plene
597 3287 769 3377 credunt,
791 3301 903 3392 prout
918 3288 996 3392 ipse
1015 3286 1084 3363 seit
1105 3286 1152 3362 (16
1168 3315 1207 3362 se
1227 3286 1331 3392 ipso,
1356 3304 1393 3363 et
1412 3285 1460 3363 de
1480 3284 1561 3363 aliis
1570 3285 1818 3363 confratribus
1831 3313 1901 3361 ere-

476 3416 547 3505 dit,
569 3417 665 3494 sicut
680 3434 802 3494 sancta
816 3417 979 3495 Ecclesia
992 3448 1012 3493 a
1026 3416 1255 3494 Christicolis
1267 3417 1378 3522 jubet
1392 3417 1506 3494 credi.
1526 3418 1766 3497 Sacramenta
1776 3432 1901 3492 antem

475 3546 659 3651 predicta,
683 3576 768 3623 cum
788 3549 834 3624 sit
852 3548 976 3655 laycus
991 3565 1028 3625 et
1042 3548 1230 3655 ignorans,
1254 3548 1461 3654 exprimere
1474 3567 1512 3625 et
1533 3547 1718 3626 declarare
1732 3546 1899 3634 nescivit,

476 3675 563 3753 licet
582 3677 659 3782 ipsa
679 3677 718 3752 in
736 3695 860 3756 mente
881 3707 946 3755 sua
966 3696 1091 3756 teneat
1111 3696 1148 3756 et
1164 3678 1315 3767 habeat,
1339 3696 1376 3756 et
1393 3707 1462 3784 per
1482 3707 1525 3755 66
1549 3680 1673 3756 crime
1694 3705 1762 3754 sue
1782 3695 1902 3784 sperat

478 3805 616 3884 habere
636 3808 804 3885 salntem.

511 3937 591 4014 nd
604 3965 839 4016 xxx—mnu
856 3938 1030 4016 articulos
1051 3939 1240 4027 inclusive,
1264 3937 1461 4046 diligenter
1479 3956 1516 4015 et
1539 3936 1727 4044 sigillatim
1746 3937 1902 4014 interro·

476 4085 598 4174 gntus,
619 4070 849 4176 respondens
862 4069 956 4147 dixit
972 4069 1077 4175 quod
1092 4069 1154 4146 die
1174 4098 1241 4146 sue
1254 4068 1484 4175 recepcionis
1498 4068 1547 4145 ad
1560 4068 1733 4147 ordinem
1754 4066 1900 4174 Templi

475 4197 570 4275 facte
587 4200 635 4276 de
651 4230 689 4277 se
706 4201 803 4277 etde
818 4200 929 4277 fratre
945 4199 1145 4278 Guillelmo
1157 4201 1205 4277 de
1217 4200 1446 4278 Caramanno
1463 4229 1562 4277 nune
1575 4215 1737 4286 mortu0,
1752 4225 1820 4303 per
1834 4197 1902 4274 fra-

342 4356 346 4368 ·
476 4347 571 4406 trem
591 4331 856 4438 Raymundum
875 4331 921 4407 de
942 4330 1079 4409 Gardia
1098 4348 1358 4438 preceptorem
1374 4330 1509 4408 domus
1523 4328 1671 4434 Templi
1693 4329 1811 4407 Mansi
1831 4328 1898 4406 Dei

476 4460 542 4565 qui
562 4460 683 4538 adhuc
701 4461 813 4552 vivit,
828 4479 1024 4569 preceptor
1042 4463 1081 4540 in
1106 4461 1243 4569 capella
1263 4462 1431 4569 ejusdem
1450 4463 1602 4550 domus,
1619 4478 1702 4566 post
1714 4459 1901 4565 recepcio-

476 4617 563 4666 nem
585 4590 631 4668 de
651 4620 690 4669 se
709 4591 844 4670 factam
860 4610 897 4670 et
917 4592 1051 4671 (166116
1072 4594 1153 4700 ejus
1173 4593 1372 4683 confratre,
1398 4593 1502 4671 idem
1525 4592 1640 4669 frater
1660 4589 1899 4697 Raymundns

475 4740 671 4827 preceptor
695 4725 837 4831 recepit
859 4725 983 4830 ipsum
1008 4743 1044 4800 et
1069 4724 1183 4801 alium
1210 4722 1435 4802 confratrem
1464 4725 1512 4800 ad
1539 4722 1709 4800 osculum
1735 4720 1836 4828 pacis
1859 4720 1897 4796 in

346 4932 357 4947 ,
478 4851 624 4957 signum
643 4851 800 4931 fraterne
818 4854 1031 4934 dileccionis
1046 4871 1084 4930 et
1096 4855 1268 4944 caritatis,
1290 4854 1378 4932 etin
1392 4882 1456 4931 ore
1469 4869 1614 4930 tantum
1627 4850 1815 4930 osculatus
1829 4847 1899 4926 fuit
