4236 5948
620 520 815 613 procus
845 541 941 613 nas
972 539 1272 613 rennuens.
1574 534 1645 613 eu

232 683 384 764 veritate
401 681 580 771 dicenda3
601 682 661 758 cui
682 679 754 757 fuit
773 680 983 787 injunctum
1008 681 1111 788 quod
1137 708 1214 758 uon
1232 677 1413 756 revelaret
1432 678 1528 755 hanc
1542 707 1647 756 suam

233 812 531 921 deposicionem‚
559 839 756 918 quousque
783 811 1041 888 attestaciones
1059 806 1200 887 suerint
1223 809 1424 916 publicate.

289 944 380 1022 Acta
413 940 568 1018 luerunt
600 942 671 1018 hec
702 940 763 1017 die
798 957 836 1018 et
865 941 947 1018 loco
978 939 1171 1047 predictis,
1205 938 1442 1045 presentibus
1471 937 1649 1047 magistro

235 1071 393 1160 Amisio,
421 1100 483 1148 me
513 1071 765 1150 Floriamonte
791 1070 1008 1160 Dondedei,
1035 1085 1072 1149 et
1096 1069 1178 1149 aliis
1207 1069 1362 1148 notariis
1380 1097 1492 1174 supra
1513 1067 1649 1146 ultimo

234 1218 445 1280 nomrnatrs.

288 1463 378 1540 Post
396 1461 483 1551 hec,
506 1462 568 1540 die
583 1464 739 1543 Veneris
753 1464 793 1540 in
814 1462 1018 1542 crastinum
1033 1462 1287 1552 Ascensionis,
1309 1491 1384 1570 que
1400 1462 1472 1539 luit
1489 1486 1549 1539 xxx
1569 1460 1650 1539 dies

237 1592 325 1669 dicti
344 1590 484 1669 mensis
505 1592 610 1683 maii,
635 1590 707 1669 luit
731 1594 916 1670 adductus
937 1595 984 1669 ad
1003 1593 1234 1697 presenciam
1251 1592 1508 1698 predictorum
1529 1589 1652 1667 domi·

236 1748 371 1798 norum
395 1721 754 1809 commissariorum,
773 1721 812 1795 in
833 1722 929 1796 dicta
949 1721 1063 1798 domo
1084 1720 1229 1797 domini
1255 1721 1355 1797 Petri
1376 1720 1424 1797 de
1444 1717 1647 1813 Sabaudia,

226 1849 348 1927 'frater
364 1849 566 1926 Durandus
587 1849 782 1927 Clrarnerii
804 1848 984 1941 serviens,
1011 1848 1330 1927 Claromontensis
1350 1848 1525 1936 diocesis,
1545 1848 1650 1926 testis

235 2007 345 2086 supra
366 1980 530 2085 juratus,
552 1994 596 2055 ut
613 1979 820 2084 deponeret
847 1979 992 2055 dictum
1011 2008 1141 2070 suum,
1162 2006 1233 2055 xxx
1251 2006 1436 2055 annorum
1453 1978 1511 2054 vel
1533 1978 1648 2068 circa,

235 2108 298 2216 qui
322 2108 493 2185 habitum
519 2107 726 2184 voluntarie
751 2107 944 2186 dimiserat
963 2094 1010 2185 et'
1021 2108 1103 2185 radi
1118 2107 1257 2185 fecerat
1276 2108 1348 2185 sibi
1369 2106 1541 2198 barbam,
1562 2134 1650 2185 cum

235 2266 309 2346 quo
343 2238 566 2345 inquisitum
600 2236 737 2324 suerat,
770 2237 964 2319 absolutus
992 2256 1030 2315 et
1056 2238 1318 2316 reconciliatus
1349 2265 1417 2344 per
1451 2237 1648 2315 dominum

236 2368 451 2474 episcopum
479 2367 842 2445 Claromontensem.
877 2369 998 2444 Lectis
1025 2384 1151 2444 antem
1183 2386 1220 2446 et
1248 2368 1448 2476 diligenter
1475 2367 1650 2474 expositis

236 2498 304 2575 sibi
334 2497 512 2576 omnibus
543 2514 580 2573 et
604 2496 760 2603 singulis
787 2495 969 2586 articulis,
998 2498 1195 2604 respondit
1223 2527 1262 2576 se
1290 2498 1450 2589 nescire,
1477 2526 1546 2574 nec
1571 2526 1649 2575 cre-

237 2627 340 2720 dere,
366 2655 438 2705 nec
462 2628 645 2704 audivisse
667 2627 740 2703 dici
757 2627 805 2703 de
828 2627 1014 2705 contentis
1033 2629 1072 2703 in
1093 2629 1146 2706 eis
1168 2628 1240 2704 nisi
1257 2628 1364 2734 quod
1382 2627 1554 2734 sequitur
1571 2658 1580 2702 z
1597 2626 1651 2703 vi·

237 2758 373 2835 delicet
391 2759 495 2865 quod
508 2758 586 2864 ipse
597 2771 769 2864 receptus
785 2758 923 2850 fuerat,
943 2759 982 2834 in
1000 2759 1175 2835 Paschate
1190 2758 1362 2866 proximo
1379 2758 1555 2864 preterita
1569 2757 1651 2833 fue·

236 2905 325 2966 runt
342 2914 406 2967 vm
421 2889 525 2976 anni,
542 2916 609 2996 per
627 2887 779 2963 fratrem
798 2889 951 2964 Petrum
967 2888 1014 2963 de
1026 2889 1175 2965 Medico
1195 2888 1405 2995 quondam,
1427 2888 1467 2963 in
1487 2887 1650 2993 quadam

237 3046 382 3094 camera
402 3018 537 3095 domus
550 3016 701 3123 Templi
723 3018 770 3093 de
790 3017 907 3096 Cellis
921 3016 1243 3095 Claromontensis
1267 3017 1441 3106 diocesis,
1468 3017 1651 3123 presenti-

237 3145 306 3225 bus
325 3146 500 3225 lratribus
520 3148 690 3224 Johanne
711 3147 877 3225 Senandi
897 3163 936 3223 et
953 3149 1110 3256 Hugone
1133 3147 1346 3236 Charnerii,
1362 3144 1523 3223 testibus
1540 3172 1651 3249 supra

238 3277 469 3367 examinatis,
496 3293 535 3354 et
556 3274 765 3353 Humberto
791 3275 1005 3369 Charnerii,
1031 3277 1097 3384 qui
1124 3275 1269 3384 aufugit
1295 3274 1334 3351 in
1361 3275 1534 3382 capcione
1561 3273 1653 3351 alio-

237 3435 339 3499 rum,
369 3425 408 3485 et
426 3407 607 3486 Durando
633 3406 828 3485 Charnerii
856 3406 1046 3485 defuncto.
1072 3407 1104 3484 Α
1134 3435 1211 3513 quo
1236 3422 1430 3512 receptore
1460 3405 1573 3511 petita
1593 3431 1654 3481 so-

239 3537 369 3619 cietate
399 3537 542 3613 ordinis
576 3553 614 3612 et
643 3537 677 3613 ei
706 3564 899 3629 concessa,
927 3536 1015 3614 lecit
1047 3566 1136 3615 eum
1165 3566 1296 3615 vovere
1329 3553 1368 3615 et
1387 3536 1516 3643 jurare
1542 3564 1655 3642 supra

239 3668 441 3773 quemdam
473 3667 614 3744 librum
655 3667 878 3759 castitatem,
907 3667 1185 3756 obedienciam,
1214 3669 1337 3745 rivere
1366 3668 1449 3744 sine
1479 3665 1652 3772 proprio,

239 3824 381 3875 servare
400 3797 522 3874 bonos
542 3825 632 3874 usus
647 3797 712 3904 qui
726 3811 817 3873 tunc
838 3814 943 3874 erant
961 3798 1000 3874 in
1016 3797 1148 3875 ordine
1170 3814 1207 3874 et
1227 3798 1292 3904 qui
1312 3798 1352 3874 in
1369 3814 1563 3902 posterum
1583 3795 1656 3871 im·

239 3945 470 4034 ponerentur
478 3955 545 4034 per
554 3928 772 4035 Magistrum
781 3955 868 4004 cum
881 3927 1040 4005 coneilio
1049 3928 1344 4034 presbiterorum
1361 3923 1654 4015 ordinis3etim·

239 4057 360 4162 posito
378 4057 448 4134 sibi
469 4056 666 4147 mantello,
689 4074 861 4162 receptor
885 4055 957 4133 luit
970 4057 1158 4134 osculatus
1180 4057 1304 4163 ipsum
1324 4068 1458 4131 testem
1479 4053 1517 4128 in
1533 4051 1655 4129 umbi·

240 4185 311 4264 lico
335 4215 446 4293 supra
465 4204 603 4277 vestes,
630 4205 669 4265 et
688 4188 791 4265 testis
810 4188 935 4293 ipsum
956 4205 994 4266 et
1019 4188 1112 4265 alios
1131 4204 1292 4265 astantes
1309 4187 1347 4263 iu
1370 4213 1447 4261 ore.
1469 4186 1558 4260 Post
1579 4209 1654 4287 que

242 4316 362 4393 dictus
382 4335 553 4423 receptor
575 4317 668 4394 dixit
687 4318 721 4394 ei
740 4317 845 4424 quod
866 4346 909 4394 ex
928 4334 1103 4424 precepto
1128 4318 1273 4395 ordinis
1291 4314 1454 4394 debebat
1471 4314 1654 4419 abnegare

242 4446 414 4534 lhesum‚
436 4448 568 4553 etipse
583 4448 688 4525 testis
706 4447 900 4556 abnegavit
922 4476 1003 4536 ore,
1025 4476 1102 4524 non
1127 4449 1250 4526 corde.
1272 4445 1420 4526 Deinde
1443 4443 1552 4519 allata
1570 4469 1658 4547 qua·

242 4575 327 4652 dam
345 4605 454 4653 cruce
473 4577 595 4685 lignea
615 4578 655 4654 in
678 4606 751 4684 qua
781 4596 860 4655 erat
887 4607 1020 4687 ymago
1036 4578 1211 4655 Crucilixi
1229 4606 1297 4683 per
1314 4576 1466 4652 fratrem
1484 4570 1658 4652 Guisber·

240 4721 322 4780 tum
353 4705 401 4782 de
428 4708 575 4785 Carlato
603 4707 883 4814 presbyterum,
915 4707 1152 4798 defunctum,
1183 4707 1247 4814 qui
1277 4706 1394 4783 eciam
1419 4703 1589 4791 adherat,
1621 4719 1659 4782 et

243 4862 353 4941 supra
368 4836 561 4941 quoddam
576 4867 770 4916 scamnum
785 4837 981 4931 collocata,
1002 4839 1167 4947 precepit
1183 4838 1217 4916 ei
1231 4837 1352 4915 dictus
1370 4852 1541 4941 receptor
1553 4831 1659 4939 quod

348 4976 453 5035 esoces
475 4993 529 5036 ors
549 4994 816 5037 macereas—rr.
1470 4971 1505 5031 31
