4236 5948
680 526 878 617 rnocss
903 545 998 618 nns
1024 546 1322 623 rsurmnns.
1637 551 1710 626 us

292 714 377 773 sna,
402 684 494 761 dixit
516 712 584 790 per
599 685 855 791 juramentum
875 714 986 764 snum
1013 689 1117 793 quod
1139 717 1237 780 non,
1262 691 1377 767 immo
1402 691 1494 768 dixit
1516 720 1647 798 puram
1674 713 1713 770 et

291 843 434 892 meram
453 815 656 894 veritatem.

346 1080 439 1155 ltem
459 1076 569 1155 frater
586 1079 717 1154 Petrus
732 1078 779 1154 de
794 1077 1021 1183 Laigneville
1049 1079 1281 1185 dispensator
1301 1081 1440 1157 domus
1460 1082 1526 1158 des
1541 1083 1709 1178 Quenoi,

290 1209 397 1286 etatis
412 1236 456 1287 xx
477 1237 661 1285 annorum
682 1208 739 1285 vel
764 1210 873 1296 circa,
894 1208 1042 1316 juratus
1068 1211 1201 1287 eodem
1232 1210 1348 1288 modo
1370 1211 1416 1287 de
1437 1239 1476 1288 se
1504 1228 1541 1287 et
1564 1213 1646 1290 aliis
1671 1215 1711 1290 in

291 1370 396 1417 causa
417 1339 507 1416 fidei
528 1340 653 1417 dicere
668 1340 875 1430 veritatem,
901 1358 938 1416 et
951 1341 1199 1448 interrogatus
1212 1342 1258 1417 de
1272 1359 1442 1447 ternpore
1457 1360 1495 1418 et
1511 1344 1626 1420 modo
1645 1373 1710 1420 sue

290 1472 536 1579 recepcionis‚
555 1470 647 1548 dixit
665 1500 733 1577 per
741 1472 996 1578 juramentum
1010 1501 1119 1549 sunm
1140 1472 1243 1579 quod
1262 1473 1334 1550 fuit
1352 1491 1524 1580 receptus
1538 1474 1578 1551 in
1597 1475 1711 1552 domo

290 1605 338 1680 de
362 1602 573 1709 Latigniaco
596 1603 721 1691 Sicco,
745 1603 784 1679 in
803 1603 1095 1712 Quadragesima
1112 1621 1223 1680 erunt
1243 1604 1320 1681 duo
1341 1604 1447 1693 anni,
1470 1633 1538 1711 per
1556 1604 1707 1683 fratrem

289 1737 332 1813 ll.
355 1736 402 1811 de
426 1733 522 1825 Gisi,
543 1733 780 1841 presentibus
797 1732 908 1809 fratre
931 1732 1100 1810 Huberto
1131 1751 1350 1840 preceptore
1372 1734 1469 1811 dicte
1493 1735 1647 1824 domus,
1673 1757 1712 1814 et

290 1865 402 1942 batre
417 1863 569 1951 Nicolao
589 1865 636 1941 de
663 1862 866 1952 Salleville,
888 1881 926 1940 et
942 1863 1116 1969 pluribus
1137 1864 1219 1940 aliis
1239 1864 1286 1941 de
1307 1892 1471 1970 quorum
1490 1867 1710 1945 nominibus

289 2023 367 2074 non
378 1994 632 2072 recolitDixit
646 1996 763 2072 eciam
776 2022 845 2102 per
852 1995 1105 2102 juramentum
1121 2024 1231 2071 suurn
1247 1995 1367 2101 quod,
1385 2012 1469 2101 post
1486 1995 1620 2072 multas
1630 2025 1710 2102 pro-

290 2126 486 2204 missiones
499 2124 544 2202 ab
565 2153 610 2202 eo
626 2123 737 2202 lactas
752 2124 799 2202 de
812 2126 1050 2204 observandis
1065 2125 1210 2203 statutis
1226 2125 1423 2202 etsecretis
1438 2125 1525 2202 dicti
1546 2127 1708 2219 ordinis,

290 2255 411 2332 dictus
435 2255 618 2360 recipiens
638 2256 819 2361 aportavit
832 2257 1024 2363 quoddam
1044 2255 1209 2345 missale,
1229 2273 1267 2333 et
1286 2256 1450 2334 ostendit
1464 2256 1533 2332 sibi
1552 2256 1710 2362 figuram

287 2387 404 2463 lhesu
411 2384 549 2463 Christi
562 2383 727 2461 crucifixi
745 2385 930 2490 depictam
944 2386 983 2463 in
999 2414 1058 2474 eo,
1079 2404 1117 2463 et
1131 2386 1260 2492 petivit
1275 2386 1321 2463 ab
1342 2415 1388 2464 eo
1403 2403 1530 2462 utrum
1543 2387 1712 2463 crederet

288 2517 327 2593 in
343 2545 431 2593 eum
452 2515 558 2623 cujus
577 2515 696 2621 ligura
713 2531 791 2591 erat
810 2514 862 2591 ibi
884 2515 1048 2621 depicta,
1071 2517 1205 2621 etipse
1225 2515 1418 2620 respondit
1441 2516 1546 2620 quod
1566 2518 1639 2606 sic,
1655 2576 1661 2591 .
1674 2536 1711 2593 et

289 2649 406 2725 eciam
435 2645 528 2723 dixit
549 2645 654 2752 quod
674 2644 871 2750 oportebat
896 2643 1002 2750 qnod
1025 2644 1224 2751 abnegaret
1245 2671 1348 2736 eum,
1367 2663 1405 2721 et
1425 2660 1574 2749 spueret
1599 2674 1710 2752 supra

290 2805 436 2855 crucem
454 2793 491 2852 et
507 2774 733 2882 ymaginem3
755 2773 821 2879 qui
842 2772 1064 2849 contradixit
1083 2791 1263 2878 quantum
1279 2774 1418 2878 potuit,
1437 2789 1527 2850 tum.
1535 2770 1708 2863 finaliter,

288 2909 375 3014 quia
397 2906 607 2983 minabatur
627 2932 714 2981 eum
734 2901 973 3009 deponendo
994 2932 1080 2979 eum
1103 2903 1141 2977 in
1154 2903 1217 2977 tali
1238 2931 1383 2980 carcere
1400 2904 1505 3008 quod
1524 2903 1571 2978 dc
1587 2923 1710 2982 cetero

289 3065 363 3112 non
384 3037 527 3112 videret
543 3035 659 3140 pedes
678 3062 780 3121 suos,
803 3032 890 3110 fecit
908 3033 1194 3139 abnegacionem
1209 3032 1325 3110 semel
1335 3060 1412 3123 ore,
1429 3050 1467 3109 et
1484 3061 1559 3109 non
1576 3035 1707 3121 corde,

287 3184 328 3243 ut
349 3168 457 3253 dixit,
482 3185 519 3243 et
542 3165 649 3242 finxit
667 3192 801 3270 spuere
825 3181 883 3240 ter
910 3192 1017 3269 snpra
1043 3165 1270 3271 ymaginem,
1293 3165 1359 3240 sed
1384 3165 1541 3270 spuebat
1562 3164 1608 3239 ad
1633 3182 1709 3241 ter-

287 3325 381 3385 ram,
398 3316 441 3374 ut
460 3297 564 3373 dixit.
586 3296 688 3373 Dixit
705 3296 822 3372 eciam
844 3324 911 3401 per
920 3296 1174 3402 juramentum
1194 3323 1305 3371 suum
1324 3295 1430 3401 quod
1444 3293 1710 3372 osculatusfuit

289 3455 375 3503 eum
391 3427 430 3502 in
451 3426 630 3503 umbilico
652 3444 688 3502 et
708 3427 747 3502 in
768 3453 834 3503 ore
854 3425 1103 3503 solummodo.
1119 3425 1220 3501 Dixit
1239 3425 1355 3502 eciam
1370 3453 1438 3530 per
1452 3425 1709 3532 juramentum

287 3585 397 3633 suum
411 3557 515 3661 quod
533 3556 654 3631 dictus
666 3557 850 3661 recipiens
862 3555 1028 3662 precepit
1038 3555 1107 3633 sibi
1119 3557 1223 3662 quod
1237 3557 1266 3632 si
1283 3556 1383 3633 calor
1393 3554 1570 3633 naturalis
1583 3584 1710 3633 move-

287 3705 344 3762 ret
363 3715 449 3762 eum
468 3685 515 3760 ad
528 3685 859 3776 incontinenciam,
882 3686 986 3792 quod
1001 3686 1258 3763 commisceret
1273 3714 1312 3763 se
1328 3715 1412 3762 cum
1428 3685 1604 3763 fratribus
1620 3687 1709 3763 dicti

287 3816 445 3903 ordinis,
464 3832 501 3892 et
515 3814 606 3892 alios
625 3815 839 3891 admitteret
857 3816 905 3891 ad
916 3815 1033 3904 idem,
1056 3816 1086 3892 si
1102 3817 1368 3922 requireretur.
1386 3817 1486 3893 Dixit
1500 3835 1628 3893 tamen
1643 3845 1710 3922 per

281 3947 541 4052 juramentum
560 3974 670 4022 suum
690 3946 794 4052 qnod
814 3975 1009 4052 nunquam
1027 3946 1130 4034 fecit,
1154 3974 1222 4023 nec
1245 3946 1316 4024 luit
1341 3946 1552 4054 requisitus.

342 4080 434 4152 Item
456 4077 547 4153 dixit
565 4076 669 4182 quod
690 4106 775 4154 cum
794 4104 840 4154 eo
860 4075 932 4153 fuit
949 4094 1120 4182 receptus
1142 4076 1294 4182 quidam
1322 4077 1435 4152 frater
1454 4076 1606 4152 nomine
1627 4075 1710 4150 Bal-

287 4207 440 4298 doinns,
469 4207 534 4313 qui
560 4235 627 4313 per
652 4209 830 4283 eumdem
856 4208 1012 4283 modum
1039 4205 1191 4283 omnino
1214 4206 1283 4282 luit
1310 4223 1501 4310 receptus,
1527 4222 1564 4280 et
1590 4206 1709 4281 credit

286 4339 390 4442 quod
412 4365 543 4414 omnes
560 4336 621 4414 alii
640 4335 750 4417 simili
771 4338 887 4415 modo
907 4337 1144 4443 recipiantur.
1164 4338 1412 4443 Interrogatus
1435 4353 1563 4413 utrum
1582 4336 1634 4421 vi,
1651 4335 1709 4410 vel

286 4484 391 4544 metu
417 4468 573 4544 carceris
592 4496 658 4545 seu
677 4485 973 4555 tormentorum,
1000 4484 1064 4545 aut
1081 4467 1151 4544 alia
1177 4469 1224 4543 de
1243 4495 1369 4558 causa,
1393 4467 1555 4572 aliquam
1575 4465 1711 4544 dixerit

285 4596 482 4676 sulsitatem
495 4598 553 4673 vel
572 4598 817 4676 immiscuerit
836 4598 876 4674 in
896 4599 1135 4704 deposicione
1151 4627 1233 4686 sua,
1257 4598 1348 4674 dixit
1367 4626 1435 4703 per
1450 4598 1708 4704 juramentum

286 4756 395 4805 suurn
415 4729 520 4835 qnod
535 4757 632 4820 non3
654 4731 772 4807 immo
791 4759 923 4836 puram
939 4748 978 4807 et
992 4759 1134 4807 meram
1150 4729 1291 4807 dixerat
1304 4730 1508 4807 veritatem.

1829 612 1834 621 ’
1869 594 1889 641 Χ
