4236 5948
726 525 921 620 enoctcs
952 545 1048 618 oss
1080 543 1386 618 remetiens.
1687 544 1760 617 257

341 691 496 768 fratrem
512 689 665 765 Petrum
687 687 735 764 de
752 687 913 766 Grilerio
931 685 1092 764 militem
1113 686 1307 792 quondam
1329 686 1377 762 de
1400 683 1592 774 Arvernia,
1612 709 1765 787 presen-

339 819 443 897 tibus
452 818 629 897 iratribus
638 819 748 896 Petro
763 818 811 896 de
820 817 967 896 Malbec
977 834 1015 893 et
1032 816 1241 895 Guillelmo
1254 816 1484 896 Guiuamaut
1504 811 1765 921 Arvernigenis

340 948 605 1039 servientibus,
622 948 832 1028 deffunctis.
855 949 887 1026 A
903 975 980 1055 quo
1000 964 1192 1053 receptore
1213 944 1407 1053 requisivit
1426 943 1644 1022 societatem
1665 943 1767 1020 ordi-

342 1081 418 1169 nis,
441 1109 516 1188 qua
535 1107 723 1169 concessa,
747 1078 835 1158 lecit
854 1107 941 1157 eum
966 1106 1098 1156 vovere
1128 1096 1165 1156 et
1185 1077 1313 1184 jurare
1338 1076 1562 1164 castitatem,
1585 1074 1767 1191 obedien-

342 1213 456 1300 ciam,
470 1212 591 1289 rivere
603 1210 682 1287 sine
696 1211 865 1316 proprio,
882 1237 1026 1288 servare
1039 1208 1161 1286 bonos
1174 1236 1267 1286 usus
1276 1207 1341 1314 qui
1353 1223 1444 1284 tunc
1457 1223 1563 1283 erant
1576 1204 1616 1281 in
1632 1207 1766 1285 ordine

275 1433 279 1441 ¹
344 1341 463 1449 etqui
489 1341 529 1416 in
552 1357 744 1446 posterum
764 1340 1050 1444 imponerentur
1072 1366 1141 1444 per
1165 1337 1401 1445 Magistrum,
1427 1364 1505 1412 non
1525 1335 1689 1414 revelare
1708 1365 1765 1416 se-

343 1488 443 1549 creta
461 1467 742 1577 capituliorum,
763 1469 811 1544 de
832 1469 914 1576 ejus
932 1468 1153 1574 recepcione
1176 1468 1215 1544 in
1235 1464 1386 1573 speciali
1407 1493 1485 1542 non
1512 1463 1640 1543 habita
1660 1496 1765 1544 men-

337 1602 467 1692 ·cione,
489 1617 527 1678 et
548 1600 654 1707 quod
680 1626 758 1677 non
785 1598 992 1677 dimitteret
1020 1598 1193 1676 ordinem
1216 1625 1285 1703 pro
1306 1595 1455 1673 meliori
1474 1595 1533 1671 vel
1559 1595 1696 1703 pejori;
1728 1615 1766 1675 et

343 1730 520 1838 imposito
544 1729 615 1807 sibi
635 1728 835 1821 mantello,
857 1728 934 1835 ipse
956 1744 1129 1834 receptor
1159 1725 1230 1804 luit
1254 1724 1442 1805 osculatus
1467 1725 1610 1843 dictum
1630 1743 1765 1805 testem

343 1861 382 1937 in
409 1859 592 1938 umbilico
625 1887 739 1965 super
766 1877 902 1946 vestes,
932 1859 1071 1965 etipse
1095 1858 1200 1935 testis
1224 1874 1383 1935 astantes
1415 1857 1454 1932 in
1476 1885 1553 1933 ore.
1580 1858 1766 1966 Postque

344 1990 526 2067 instructo
541 1989 623 2095 ipso
637 2006 733 2067 teste
749 2017 817 2096 per
837 1989 980 2066 dictum
996 2005 1230 2095 receptorem
1246 2004 1340 2094 quot
1358 1989 1470 2065 Pater
1487 2002 1603 2064 noster
1614 2017 1683 2095 pro
1698 1991 1768 2069 ho-

343 2121 393 2198 ris
405 2120 652 2208 suisdiceret,
670 2120 792 2197 dictus
805 2115 977 2226 receptor
988 2119 1156 2226 precepit
1168 2118 1292 2195 eidem
1304 2118 1406 2206 testi,
1420 2119 1460 2194 in
1471 2119 1665 2224 presencia
1676 2119 1769 2199 alio-

343 2280 452 2344 rum,
469 2249 575 2357 quod
595 2248 796 2356 abnegaret
810 2252 984 2341 Jhesum‚
1000 2264 1038 2326 et
1057 2251 1136 2354 ipse
1155 2248 1264 2326 testis
1287 2248 1481 2355 abnegavit
1503 2250 1659 2331 Jhesum
1683 2279 1765 2342 ore,

344 2408 421 2461 non
444 2378 570 2457 corde.
596 2379 745 2456 Deinde
772 2377 881 2455 allata
902 2407 970 2485 per
995 2378 1147 2456 fratrem
1176 2377 1367 2483 Ypolitum
1390 2377 1669 2484 presbyterum,
1700 2382 1765 2486 qui

344 2511 460 2589 eciam
473 2509 572 2586 dicte
587 2509 800 2614 receptioni
821 2509 967 2598 aderat,
989 2507 1152 2615 quadam
1174 2533 1282 2584 cruce
1301 2506 1493 2585 metallina
1511 2538 1620 2614 parva
1636 2511 1677 2586 in
1695 2541 1767 2616 qua

345 2639 448 2718 nulla
464 2628 542 2716 erat
556 2665 690 2746 ymago
705 2637 900 2726 Crucifixi,
919 2637 1042 2716 dictus
1055 2650 1227 2742 receptor
1237 2637 1406 2742 precepit
1421 2637 1546 2713 eidem
1558 2639 1644 2715 testi
1662 2643 1768 2745 quod

343 2786 493 2876 spueret
506 2797 619 2874 super
634 2766 771 2844 dictam
785 2797 951 2854 crucem,
972 2769 1102 2875 etipse
1114 2768 1219 2845 testis
1234 2796 1312 2844 non
1326 2767 1429 2873 spuit
1440 2796 1551 2874 supra
1566 2770 1634 2846 sed
1643 2770 1765 2876 juxta;

345 2918 381 2977 et
399 2927 467 3006 per
487 2899 652 2976 eundem
667 2898 843 2988 modum,
861 2917 900 2976 et
916 2899 962 2976 ab
983 2900 1120 2976 eodem
1140 2899 1234 2975 etin
1255 2898 1391 2975 eodem
1411 2896 1496 2975 loco
1509 2896 1583 2975 luit
1595 2917 1767 3005 receptus

344 3057 524 3106 unacum
547 3055 593 3104 eo
615 3027 852 3133 supradictus
870 3028 983 3107 frater
999 3028 1228 3108 Guillelmus
1245 3020 1493 3117 Guinamant,
1518 3028 1583 3134 qui
1610 3028 1767 3107 decessit

344 3159 383 3234 in
401 3159 576 3264 capcione
587 3157 715 3249 Acon,
738 3159 889 3236 sedulia
905 3158 1035 3236 illicita
1050 3187 1128 3235 non
1149 3158 1428 3236 intervenerunt
1447 3159 1486 3234 in
1505 3158 1614 3235 dictis
1634 3188 1765 3237 eorum

344 3287 629 3394 recepcionibus
645 3307 827 3394 uec-post.
848 3291 921 3366 Per
939 3290 1104 3367 eundem
1122 3289 1242 3365 eciam
1255 3288 1414 3366 modum
1432 3289 1525 3366 vidit
1544 3290 1677 3395 recipi,
1699 3320 1768 3396 per

344 3417 496 3496 fratrem
515 3417 731 3497 Gnidonem
745 3419 924 3527 Delphini
939 3420 1118 3507 militem,
1139 3436 1275 3496 testem
1287 3447 1399 3525 supra
1412 3420 1680 3508 examinatum,
1696 3421 1768 3497 lra-

344 3564 440 3626 trem
462 3545 710 3627 Guillelmum
729 3547 894 3655 Aynardi
915 3550 1157 3636 servientem,
1175 3549 1214 3624 in
1229 3547 1370 3654 capella
1391 3548 1527 3626 domus
1542 3549 1693 3655 Templi
1719 3551 1766 3627 de

345 3676 459 3754 Cellis
478 3677 795 3755 Claramontensis
814 3678 990 3770 diocesis,
1015 3706 1239 3784 perannum
1258 3677 1316 3755 vel
1333 3677 1427 3755 circa
1448 3696 1533 3755 ante
1551 3682 1767 3785 capcionem

346 3834 496 3894 eorum,
516 3804 757 3912 presentibus
782 3805 958 3884 fratribus
981 3806 1189 3885 Guillelmo
1214 3808 1378 3913 Mazayas
1401 3806 1539 3897 milite,
1558 3808 1766 3888 Guillelmo

344 3937 515 4014 Tentoria
533 3935 760 4042 presbitero,
776 3936 936 4015 testibus
954 3966 1064 4044 supra
1085 3938 1312 4015 examinatis.
1339 3937 1511 4015 Plurium
1535 3943 1765 4046 recepcioni·

343 4065 413 4144 bus
433 4092 511 4144 non
534 4065 668 4145 recolit
688 4094 728 4143 se
750 4065 913 4157 adluisse
938 4066 1035 4145 ultra
1060 4096 1183 4159 mare,
1198 4067 1265 4145 ubi
1288 4066 1359 4144 luit
1378 4085 1521 4174 septem
1537 4071 1664 4158 ann-is,
1695 4100 1764 4148 nec

345 4197 454 4284 citra3
470 4196 596 4274 credit
614 4214 743 4275 tamen
764 4197 868 4303 qnod
884 4198 1137 4276 communiter
1152 4213 1191 4274 et
1204 4196 1347 4304 ubique
1365 4199 1620 4304 reciperentur
1633 4229 1764 4278 secun·

344 4325 435 4402 dum
450 4325 609 4403 modum
627 4325 878 4404 confessatum
894 4355 962 4433 per
982 4355 1080 4406 eum.
1100 4329 1217 4418 Item,
1238 4327 1330 4406 dixit
1351 4329 1456 4435 quod
1472 4329 1552 4436 ipse
1566 4330 1666 4408 bene
1685 4361 1764 4409 cre·

309 4477 312 4482 ·
344 4454 721 4534 debatecclesiasticis
733 4459 991 4548 sacramentis,
1012 4458 1169 4536 credens
1188 4460 1291 4564 quod
1305 4457 1368 4535 alii
1383 4458 1515 4536 fratres
1539 4461 1683 4538 ordinis
1700 4489 1765 4539 eo-

344 4582 431 4662 dem
446 4585 564 4663 modo
581 4586 794 4676 crederent,
817 4605 856 4665 et
872 4588 977 4695 quod
994 4616 1127 4667 eorum
1146 4588 1357 4666 sacerdotes
1377 4588 1504 4667 debite
1516 4590 1761 4671 celebrarent.

342 4712 580 4793 Clandestine
604 4715 894 4822 recipiebantur,
912 4717 1028 4794 nullis
1048 4716 1285 4823 presentibus
1308 4717 1382 4794 nisi
1404 4717 1581 4795 iratribus
1601 4721 1761 4812 ordinis,

342 4868 394 4917 ex.
410 4870 488 4950 q-uo
513 4844 633 4924 credit
651 4845 756 4952 quod
781 4864 881 4925 esset
899 4847 1061 4952 suspicio
1090 4864 1313 4926 contraeas.
1338 4847 1515 4928 Cordulis
1538 4851 1641 4930 unde
1660 4851 1763 4928 vole-
