4236 5948
601 504 799 598 procas
831 521 927 595 nus
958 520 1261 599 rennuens.
1567 526 1642 608 aro

219 662 292 740 fuit
302 660 489 738 adductus
498 660 546 738 ad
555 666 785 768 presenciam
797 652 1019 742 eorumdem
1031 664 1274 744 dominorum
1287 669 1642 765 commissariorum,

220 793 258 868 in
282 792 399 870 domo
419 793 586 899 predicta
605 796 750 872 domini
766 796 866 872 Petri
885 789 933 871 de
957 794 1159 886 Sabaudia,
1187 797 1300 874 frater
1321 797 1448 877 Guido
1468 801 1514 875 de
1539 801 1644 908 Rupe

220 922 406 1028 presbiter
430 924 705 1001 Lemovicensis
727 925 902 1012 diocesis,
922 925 1030 1002 testis
1048 952 1160 1031 snpra
1179 927 1343 1034 juratus,
1369 945 1412 1004 ut
1439 928 1646 1034 deponeret

220 1053 363 1130 dictum
382 1082 512 1142 suum,
535 1080 605 1131 xxx
625 1083 810 1132 annorum
829 1073 866 1132 et
884 1055 1001 1143 ultra,
1016 1054 1248 1133 mantellum·
1262 1058 1405 1134 ordinis
1429 1086 1507 1135 non
1527 1059 1646 1139 delle·

219 1210 322 1273 rens,
337 1183 426 1289 quia
440 1183 564 1290 ipsum
585 1186 777 1264 dimiserat
790 1203 971 1263 vetustate
988 1203 1272 1292 consumptum,
1287 1216 1373 1264 cum
1389 1217 1467 1294 quo
1486 1189 1645 1295 inquisi-

220 1332 301 1392 tum
320 1313 459 1405 brerat;
482 1314 678 1393 absolutus
694 1333 732 1393 et
753 1316 1014 1394 reconciliatus
1032 1343 1100 1421 per
1120 1316 1319 1395 dominum
1338 1317 1643 1396 Lemovicensem

220 1444 450 1550 episcopum.
473 1446 593 1523 Lectis
614 1465 738 1523 autem
760 1465 799 1525 et
821 1446 1021 1552 diligenter
1034 1447 1210 1551 expositis
1226 1446 1299 1524 sibi
1315 1447 1493 1524 omnibus
1511 1465 1548 1524 et
1567 1449 1639 1525 sin·

221 1574 317 1682 gulis
328 1576 510 1666 articulis,
527 1579 724 1683 respondit
735 1578 840 1684 quod
853 1576 1004 1662 nullum
1017 1577 1135 1653 alium
1145 1578 1289 1655 viderat
1302 1576 1418 1683 recipi
1434 1578 1474 1654 in
1491 1579 1641 1666 ordine,

222 1705 489 1813 neccapitulis
508 1707 727 1784 interfuerat
750 1709 988 1795 eorumdem,
1010 1708 1113 1785 unde
1138 1707 1343 1816 nesciebat,
1363 1736 1432 1784 nec
1449 1708 1640 1797 credebat,

221 1863 290 1910 nec
304 1835 495 1913 audiverat
509 1838 581 1913 dici
603 1838 650 1914 de
663 1838 852 1936 contentis
872 1839 910 1913 in
926 1837 1034 1913 dictis
1053 1836 1219 1920 articulis
1239 1838 1309 1915 nisi
1328 1838 1434 1944 quod
1454 1839 1643 1944 sequitur:

222 1965 314 2041 dixit
332 1992 469 2070 nempe
489 1994 528 2043 se
554 1965 667 2044 luisse
694 1985 889 2073 receptum
915 1969 955 2043 in
982 1967 1144 2072 quadam
1167 1995 1313 2044 camera
1332 1968 1470 2044 domus
1494 1968 1643 2076 Templi

221 2093 268 2177 de
293 2094 397 2172 Bella
416 2096 631 2174 Cbassanha
657 2097 934 2175 Lemovicensis
960 2097 1134 2187 diocesis,
1159 2125 1227 2202 per
1249 2097 1402 2175 fratrem
1420 2099 1573 2174 Petrum
1596 2099 1644 2174 de

222 2226 363 2304 Madito
392 2227 553 2304 militem
574 2228 796 2334 quondam,
820 2246 1087 2336 preceptorem
1110 2245 1201 2304 tunc
1226 2228 1487 2317 Lemovicinii,
1511 2230 1550 2304 in
1576 2229 1645 2307 bac

222 2373 336 2433 estate
374 2375 485 2435 amnt
517 2385 539 2434 x
573 2358 629 2436 vel
658 2385 695 2435 x1
729 2360 833 2446 anni,
865 2360 1105 2465 presentibus
1138 2356 1316 2435 fratribus
1348 2358 1557 2446 Bertrando
1595 2359 1643 2436 de

222 2485 424 2565 Villaribus
444 2487 671 2592 presbitero,
699 2505 916 2593 preceptore
943 2488 990 2564 de
1014 2490 1121 2592 Rupe
1152 2488 1277 2564 Sancti
1307 2487 1433 2578 Pauli,
1464 2488 1643 2581 Gnidone

221 2615 399 2722 Delphini
428 2617 562 2708 milite,
599 2618 760 2696 testibus
783 2646 895 2723 supra
929 2617 1161 2706 examinatis,
1198 2617 1389 2721 Stephano
1425 2616 1460 2691 la
1493 2618 1643 2694 Vernba

220 2747 410 2851 quondam
430 2747 658 2853 presbitero,
688 2766 727 2826 et
752 2751 862 2827 Petro
889 2749 937 2825 de
962 2749 1145 2824 Ennenco
1175 2747 1214 2822 in
1239 2746 1411 2822 Alvemia
1435 2747 1641 2838 serviente,

222 2875 267 2953 de
288 2878 396 2984 cnjus
415 2878 488 2954 vita
505 2878 563 2953 vel
579 2895 702 2955 morte
720 2906 799 2957 non
817 2879 933 2956 habet
955 2878 1235 2955 certitudinem.
1261 2876 1389 2981 Aquo
1407 2876 1562 2982 quidem
1583 2905 1644 2954 re·
1763 2874 1766 2879 ’
1898 2911 1903 2921 ’

223 3025 373 3112 captore
390 3035 476 3085 cnm
492 3009 666 3114 peciisset
680 3025 741 3085 ter
762 3037 897 3115 panem
913 3026 956 3086 et
973 3037 1105 3114 aquam
1129 3025 1167 3085 et
1181 3007 1399 3087 societatem
1416 3005 1580 3096 ordinis,
1605 3022 1645 3083 et
1719 3086 1729 3103 ‚

221 3139 421 3218 obtulisset
446 3167 485 3216 se
505 3139 602 3216 velle
618 3139 700 3216 fieri
721 3168 868 3233 servum
880 3140 1077 3216 esclavum
1099 3137 1259 3226 ordinis,
1273 3164 1315 3213 ac
1331 3137 1364 3212 ei
1378 3137 1642 3226 concessisset,

220 3268 401 3374 imposuit
419 3270 491 3346 sibi
507 3269 754 3361 mantellum,
777 3288 816 3348 et
839 3271 919 3376 ipse
948 3287 985 3346 et
1008 3286 1169 3346 astantes
1191 3267 1347 3346 osculati
1372 3266 1528 3343 fuerunt
1553 3264 1643 3343 eum

219 3397 256 3472 in
279 3426 356 3475 ore.
381 3401 567 3504 Postque
594 3400 683 3477 fecit
709 3429 796 3477 eum
826 3429 958 3479 vovere
987 3417 1025 3476 et
1043 3399 1171 3506 jurare
1201 3398 1427 3487 castitatem,
1462 3396 1645 3474 obedien·

219 3529 332 3620 ciam,
355 3546 393 3606 et
412 3530 629 3611 viveresine
648 3531 819 3636 proprie,
849 3548 887 3608 et
912 3559 1056 3609 servare
1082 3530 1205 3606 bonos
1232 3556 1323 3605 usus
1350 3544 1388 3602 et
1416 3525 1537 3604 bonas
1555 3556 1644 3604 con·

218 3661 436 3738 suetudines
467 3661 622 3738 ordinis.
649 3662 735 3754 Quo
757 3662 858 3739 facto·
875 3661 998 3738 dictus
1026 3677 1198 3766 receptor
1221 3659 1332 3735 traxit
1358 3659 1481 3762 ipsum
1507 3674 1643 3735 testem

219 3787 263 3863 ad
283 3790 577 3898 augulum'dicte
595 3818 757 3882 camere,
775 3808 814 3867 et
831 3792 999 3897 precepit
1019 3790 1053 3867 ei
1073 3789 1179 3897 quod
1199 3789 1402 3895 abnegaret
1419 3804 1478 3864 ter
1497 3789 1641 3879 Deum,

217 3945 294 3995 non
321 3921 566 4026 exprimendo
585 3920 750 4026 aliquam
774 3948 921 3997 causam
946 3937 1101 4026 propter
1122 3946 1237 4025 quam
1257 3916 1414 3992 deberet
1440 3914 1643 4022 abnegare,

218 4077 285 4125 nec
303 4051 409 4156 quod
425 4069 521 4127 esset
536 4051 583 4127 de
603 4051 759 4157 punctis
772 4050 931 4139 ordinis3
951 4068 988 4126 et
1008 4051 1088 4155 ipse
1107 4049 1213 4125 testis
1232 4045 1428 4151 abnegavit
1446 4060 1505 4119 ter
1518 4045 1642 4119 Deum

217 4206 300 4271 ore,
319 4207 397 4257 non
416 4183 545 4276 corde,
566 4199 611 4258 ut
630 4183 738 4271 dixit,
756 4210 843 4258 cum
859 4208 996 4288 magno
1016 4181 1120 4258 lletu.
1150 4178 1284 4284 Aliqua
1314 4175 1386 4252 alia
1407 4173 1536 4249 illicita
1567 4201 1644 4250 non

216 4311 499 4388 intervenerunt
519 4313 560 4388 in
582 4311 766 4389 dicta'sua
787 4313 1007 4419 recepcione
1027 4339 1098 4387 nec
1117 4325 1218 4415 post,
1241 4323 1280 4383 et
1304 4304 1511 4418 predictam
1530 4301 1645 4380 abne·

216 4441 410 4546 gaciormm
430 4460 638 4548 potuerunt
650 4442 782 4531 audire
798 4442 1000 4548 supradicti
1015 4441 1056 4516 in
1071 4467 1217 4516 camera
1232 4437 1448 4523 existentes,
1471 4450 1509 4510 et
1524 4432 1644 4510 credit

216 4574 320 4678 quod
339 4560 407 4650 alii
416 4573 547 4650 fratres
561 4574 706 4651 ordinis
723 4573 976 4650 communiter
994 4588 1033 4648 et
1047 4570 1191 4677 ubique
1208 4568 1332 4646 Deum
1344 4564 1519 4649 similiter
1530 4565 1644 4641 abne·

216 4721 356 4807 garent.
380 4707 494 4805 ltem,
518 4706 612 4782 dixit
637 4704 742 4812 quod
769 4730 919 4780 crucem
941 4702 1105 4779 multum
1125 4698 1412 4788 venerabantur,
1426 4695 1645 4802 specialiter

216 4832 254 4906 in
274 4833 338 4910 die
353 4835 510 4913 Veneris
528 4850 666 4924 sancta,
692 4851 731 4911 et
748 4849 1069 4921 eamreverenter,
1086 4829 1202 4907 nudis
1218 4829 1397 4935 pedibus,
1413 4821 1642 4917 adorabant,

1444 4964 1493 5025 28.
