4236 5948
336 541 412 615 ren
720 524 915 616 rnucns
945 541 1043 614 uns
1073 541 1376 615 rnurcrnns

335 683 491 759 suerunt
509 682 702 787 protestati
722 701 808 760 ante
824 683 1084 789 juramentum
1102 680 1317 787 predictum
1335 682 1440 788 quod
1461 707 1538 759 uon
1559 682 1761 763 intendunt

336 811 512 888 recedere
539 839 560 886 a
583 809 888 916 deposicionibus
914 839 982 917 per
1005 838 1072 891 eos
1095 809 1186 889 elias
1212 810 1318 889 lectis
1346 838 1472 890 coram
1499 809 1657 909 domiuo
1680 813 1762 921 epi·

336 968 449 1048 scopo
462 941 779 1032 claramontensi,
801 942 884 1018 etsi
901 940 998 1048 quid
1015 939 1101 1046 plus
1121 940 1179 1020 vel
1197 940 1326 1020 minue
1346 940 1532 1052 dicerent,
1555 939 1761 1047 quoduon

336 1070 545 1177 prejudicet
568 1070 633 1147 eis.
655 1071 743 1164 Quo
763 1071 878 1159 lacto,
902 1070 1027 1149 dictus
1044 1070 1159 1149 frater
1182 1072 1293 1177 Hugo
1320 1071 1532 1160 delerem,
1552 1069 1762 1177 quadrage·

336 1201 463 1277 uarius
481 1200 539 1278 vel
556 1200 667 1291 urea,
689 1202 754 1308 qui
773 1200 995 1279 mantellum
1019 1200 1230 1280 voluntarie
1255 1200 1448 1280 dimiserat
1465 1217 1505 1279 et
1521 1199 1604 1279 radi
1621 1198 1765 1281 feceret

336 1328 406 1405 sibi
426 1328 598 1421 barbam,
615 1358 703 1407 cnm
720 1358 800 1438 quo
819 1330 1044 1436 inquisitum
1063 1329 1202 1422 fuerat,
1223 1329 1420 1439 absolutus
1439 1346 1477 1407 et
1496 1330 1761 1413 reconcilietur

336 1487 403 1563 per
413 1460 614 1536 dominum
633 1459 851 1566 episcopum
866 1460 1235 1551 claromontensem,
1259 1458 1366 1540 lectis
1377 1475 1419 1536 et
1431 1457 1632 1564 diligenter
1645 1487 1762 1564 espo-

335 1590 415 1666 sitis
441 1588 512 1666 sibi
543 1589 721 1667 omnibus
744 1607 784 1667 et
807 1590 967 1699 singulis
993 1589 1181 1680 articulis,
1199 1588 1403 1695 ¹respondit
1427 1615 1469 1665 se
1491 1588 1655 1680 nescire,
1687 1616 1761 1669 nec

335 1720 507 1811 credere,
535 1747 606 1797 nec
625 1718 810 1798 audivisse
831 1720 904 1798 dici
924 1720 973 1798 de
989 1719 1176 1798 contentis
1201 1719 1240 1798 in
1259 1719 1316 1799 eis
1334 1719 1406 1796 nisi
1432 1710 1538 1825 quod
1563 1718 1758 1824 sequntur:

334 1849 507 1927 videlicet
525 1850 633 1956 qnod
652 1849 732 1956 ipse
754 1867 930 1957 receptus
949 1850 1069 1929 bremt
1094 1878 1163 1955 per
1186 1847 1339 1929 lintrem
1364 1849 1521 1927 Petrum
1546 1846 1759 1928 de'Mndire

333 1977 493 2056 militem
510 1980 722 2085 qnondam,
740 1980 931 2086 incapelln
948 1979 1086 2057 domus
1102 1979 1253 2085 Templi
1269 1978 1318 2057 de
1329 1980 1359 2056 F
1360 1979 1472 2057 olhos
1485 1977 1644 2057 diocesis
1656 1977 1760 2059 Xen-

332 2109 517 2197 tonensis,
533 2108 629 2184 circe
644 2108 816 2186 medium
826 2108 1041 2216 Augustum
1058 2110 1262 2187 instantem
1277 2125 1392 2188 eruut
1416 2134 1462 2189 xx
1482 2106 1590 2196 nuni,
1611 2135 1760 2213 presen-

334 2237 435 2314 tibus
453 2236 630 2314 iratribus
649 2240 789 2314 Yssrno
812 2239 863 2315 de
882 2237 1173 2344 Petregoricinio
1196 2236 1397 2326 serviente,
1416 2237 1525 2344 cujus
1544 2262 1758 2343 cognomen

333 2370 495 2476 ignorat,
523 2367 714 2473 Stephano
741 2368 791 2445 de
816 2369 945 2446 Monte
970 2365 1089 2445 dcuto
1116 2367 1432 2446 Claramontensis
1456 2365 1633 2455 diocesis,
1654 2394 1759 2473 qnos

333 2497 453 2575 credit
469 2496 612 2584 vivere,
637 2495 846 2575 Guillelmo
871 2496 1049 2575 Pictarini
1077 2512 1297 2603 preceptore
1325 2496 1373 2575 de
1398 2495 1528 2576 cene
1553 2496 1756 2587 Bernardi,

332 2642 370 2703 et
391 2611 556 2704 Roberto
574 2625 729 2706 Guideti
753 2625 1017 2718 servientibus,
1041 2625 1255 2705 delluuctis.
1277 2625 1406 2731 Aque
1430 2642 1623 2731 receptore
1639 2625 1758 2731 petita

332 2758 507 2833 societate
528 2755 672 2833 ordinis
696 2771 734 2832 et
757 2756 793 2832 ei
815 2784 1005 2844 concesse,
1032 2755 1122 2835 lecit
1144 2784 1233 2833 eum
1247 2783 1382 2833 vovere
1406 2771 1444 2833 et
1460 2755 1587 2862 jurare
1611 2755 1757 2833 cesum·

191 2870 194 2877 ’
329 2905 424 2978 tem,
441 2885 722 2972 obedienciam,
740 2886 861 2963 vivere
880 2885 961 2963 sine
975 2885 1143 2992 proprio,
1164 2913 1311 2964 servare
1329 2885 1453 2964 bonos
1470 2912 1560 2961 usus
1579 2884 1643 2990 qui
1664 2902 1757 2963 tunc

331 3034 435 3094 eraut
449 3016 489 3092 iu
507 3016 642 3093 ordine
660 3016 779 3121 etqui
798 3017 837 3092 in
854 3031 1050 3122 posterum
1067 3015 1353 3121 imponerentur
1367 3015 1418 3094 de
1438 3013 1595 3093 consilio
1616 3013 1755 3120 probo·

332 3175 416 3223 rum
443 3146 604 3231 ordinis,
635 3171 715 3222 non
740 3142 904 3223 revelare
932 3163 1072 3225 secrete
1099 3144 1383 3251 capituliorum,
1414 3161 1452 3221 et
1470 3142 1578 3249 quod
1591 3170 1674 3223 uon
1692 3143 1756 3221 di·

333 3278 497 3352 mitteret
527 3275 701 3351 ordinem
730 3304 798 3380 pro
824 3273 973 3353 forciori
1002 3275 1060 3352 vel
1087 3274 1276 3352 debiliori.
1307 3276 1396 3351 Post
1421 3302 1496 3380 que
1524 3273 1693 3379 precepit
1718 3275 1754 3349 ei

332 3408 433 3483 idern
457 3420 640 3510 receptor,
661 3405 699 3480 in
717 3406 910 3510 presencie
932 3405 1110 3494 aliorum,
1139 3405 1243 3510 qued
1269 3402 1471 3509 abnegaret
1494 3403 1645 3493 Deum,
1665 3402 1755 3509 quie

331 3537 404 3612 hoc
423 3551 502 3612 eret
519 3561 563 3611 es
581 3551 758 3640 precepto
771 3534 932 3624 ordinis,
953 3552 992 3611 et
1010 3534 1089 3641 ipse
1104 3534 1228 3621 testis,
1242 3534 1312 3640 qui
1322 3535 1473 3641 juvenis
1487 3549 1568 3611 eret
1580 3549 1754 3625 tunc,ut

331 3665 442 3754 dixit,
460 3663 654 3771 abnegarit
664 3663 788 3742 Deum
802 3690 886 3752 oro,
901 3692 979 3743 uon
992 3664 1117 3741 corde.
1129 3662 1278 3741 Deinde
1298 3662 1408 3741 allata
1428 3661 1547 3740 nescit
1557 3687 1752 3768 perquem

329 3823 374 3870 ex
391 3794 501 3871 dictis
524 3792 703 3871 iratribus
720 3793 884 3901 quedam
900 3822 1013 3873 cruce
1039 3793 1231 3873 metallina
1254 3793 1295 3871 in
1309 3822 1387 3899 que
1405 3807 1486 3871 erat
1503 3818 1638 3898 ymago
1657 3791 1753 3871 Cru-

327 3924 445 4016 eifixi,
476 3924 576 3999 etin
601 3923 747 4032 gremio
776 3923 952 4031 ejusdem
975 3924 1178 4030 receptorio
1207 3921 1402 4010 collocata,
1433 3920 1601 4027 precepit
1623 3919 1753 4003 eidem

329 4054 415 4132 testi
440 4053 545 4160 quod
570 4070 725 4159 spueret
749 4078 862 4160 super
892 4054 1029 4132 dictam
1054 4080 1221 4141 munem,
1253 4053 1396 4156 etipse
1420 4051 1526 4129 testis
1550 4076 1629 4128 non
1649 4051 1754 4158 spuit

328 4214 441 4290 supra
463 4183 532 4261 sed
545 4183 663 4291 juxte.
690 4184 941 4263 Postmodum
957 4185 1056 4263 dixit
1074 4184 1109 4260 ei
1122 4183 1230 4289 quod
1242 4180 1422 4261 tratribus
1443 4179 1590 4263 ordinis
1607 4195 1754 4286 poteret

327 4313 525 4392 carnaliter
538 4312 792 4401 commisceri,
810 4331 850 4392 et
860 4313 934 4420 ipsi
953 4342 1042 4393 cum
1057 4341 1126 4403 e03
1136 4314 1215 4395 ,hoe
1226 4328 1354 4391 temen
1370 4338 1448 4391 non
1468 4309 1573 4399 lecit,
1591 4308 1753 4391 neclnit

329 4445 548 4550 requisitus,
564 4473 635 4521 nec
646 4443 767 4523 credit
777 4444 884 4551 quod
897 4445 936 4522 in
948 4444 1085 4525 ordine
1100 4443 1219 4523 lieret
1235 4441 1449 4536 Quolacto,
1465 4441 1569 4519 idem
1580 4457 1754 4545 receptor

330 4572 401 4649 luit
417 4573 604 4651 osculatus
619 4575 744 4680 ipsum
761 4591 896 4653 testem
913 4575 954 4651 iu
964 4573 1147 4654 umbilico
1165 4592 1290 4677 super.
1300 4588 1434 4661 vestes,
1452 4586 1491 4647 et
1505 4567 1751 4675 postmodum

328 4703 510 4808 imposuit
532 4703 605 4782 sibi
623 4703 865 4796 mantellum,
885 4705 953 4784 sed
976 4730 1046 4783 nec
1067 4705 1148 4810 ipse
1168 4720 1339 4809 receptor
1361 4729 1430 4781 uec
1449 4715 1626 4789 esuutes,
1647 4697 1751 4806 qnpd

328 4835 409 4940 ipse
424 4832 580 4925 recolet,
607 4832 772 4913 foemnt·
784 4836 911 4941 ipsum
931 4853 1065 4913 testem
1088 4833 1247 4919 oseriae
1259 4833 1312 4913 in
1326 4860 1406 4913 ore.
1424 4829 1511 4915 Alie
1525 4829 1657 4919 illicita
1674 4856 1750 4913 nos
