4236 5948
341 567 388 642 tu
729 541 929 639 moute
954 560 1050 635 uus
1077 544 1380 634 reuertens:

336 737 425 789 rens
453 706 668 814 quondam,
701 705 849 785 Thema
878 705 925 788 de
957 702 1111 785 Yemval
1140 718 1231 783 tunc
1269 699 1472 788 serviente,
1506 728 1609 777 nunc
1640 717 1770 782 eutem

338 838 565 946 presbitem,
589 855 627 917 et
646 836 823 944 Philippo
844 837 892 916 de
912 836 1042 916 Menin
1063 835 1263 921 serviente,
1285 861 1306 909 e
1326 861 1403 939 quo
1420 849 1616 938 receptore
1642 834 1772 943 requi-

338 971 421 1050 sivit
440 972 584 1080 pluries
602 999 741 1077 panem
763 987 801 1049 et
821 998 976 1076 aquam,
997 996 1204 1077 pauperem
1216 966 1393 1045 vestitum
1415 981 1454 1041 et
1473 964 1692 1043 societatem
1712 993 1773 1044 or·

339 1104 456 1192 diuis,
480 1123 518 1183 ct
538 1102 679 1183 obtulit
698 1133 737 1182 se
759 1103 855 1183 velle
874 1102 958 1181 [ieri
978 1120 1128 1181 servum
1145 1099 1333 1185 esclevum
1352 1097 1422 1178 Dei
1435 1116 1474 1176 et
1492 1101 1611 1176 Te'rre
1629 1115 1769 1177 sancte.

339 1239 532 1343 Responso
553 1254 680 1315 nutem
702 1237 827 1315 eidem
847 1234 954 1342 quod
978 1236 1076 1314 bene
1099 1233 1341 1323 deliberaret,
1370 1232 1462 1339 quin
1486 1230 1669 1338 grandem
1687 1259 1770 1309 rem

248 1378 270 1437 τ’“
337 1368 504 1473 petebat,
532 1386 570 1446 et
594 1385 788 1476 oporteret
812 1397 902 1446 eum
926 1367 1101 1445 abdicare
1127 1395 1148 1444 e
1175 1394 1214 1443 se
1238 1365 1432 1471 propriam
1455 1364 1705 1452 voluntatem,
1732 1380 1772 1440 et

337 1498 473 1608 tubjici
493 1498 633 1588 aliene,
652 1498 821 1606 vigillare
841 1499 996 1606 quando
1015 1498 1132 1576 vellet
1151 1498 1334 1588 dormire,
1358 1496 1501 1574 esurire
1521 1494 1676 1602 quando
1695 1493 1771 1571 rel-

338 1630 393 1710 let
412 1630 631 1720 comedere,
653 1630 815 1707 instante
836 1630 919 1736 ipso
939 1647 1037 1706 teste
1056 1657 1125 1736 pro
1145 1658 1212 1706 sua
1232 1624 1584 1733 reeepcionc,·fecit
1598 1654 1690 1703 eum
1710 1654 1772 1704 vo-

336 1790 422 1839 vere
445 1779 483 1839 et
496 1763 625 1870 jurare
647 1790 762 1866 super
780 1759 987 1866 quemdam
1008 1760 1149 1836 librum
1170 1760 1394 1849 castitatem,
1417 1756 1697 1847 obedienciam,
1718 1758 1770 1834 ri-

337 1921 422 1972 vere
454 1893 535 1971 sine
572 1893 750 1999 proprio,
784 1919 931 1969 servare
965 1890 1088 1968 bonos
1120 1920 1212 1968 usus
1249 1908 1287 1967 et
1318 1891 1438 1968 bonas
1474 1888 1769 1967 eonsuetudines

338 2024 483 2104 ordinis
514 2041 552 2101 et
583 2012 700 2101 meles
726 2022 950 2130 reprobare,
982 2041 1020 2102 et
1044 2052 1122 2101 nou
1142 2021 1307 2100 revelare
1332 2039 1475 2100 secrete
1501 2019 1767 2128 capitulorum.

337 2158 516 2263 Postque
532 2156 716 2262 imposuit
732 2155 766 2233 ei
784 2155 1026 2244 mantellum,
1046 2172 1084 2233 et
1098 2155 1184 2261 ipse
1195 2171 1233 2232 et
1249 2172 1414 2233 aetantes
1430 2153 1586 2233 luerunt
1606 2182 1696 2231 eum
1718 2181 1770 2231 os

339 2287 451 2364 culati
473 2289 513 2363 in
534 2314 619 2375 ore,
642 2304 680 2364 et
701 2287 878 2363 instruxit
898 2315 987 2363 eum
1007 2303 1101 2394 quot
1119 2289 1233 2366 Pater
1259 2304 1374 2364 noster
1401 2287 1544 2363 diceret
1569 2313 1639 2392 pro
1665 2284 1769 2362 horis

338 2420 432 2511 suis,
454 2418 618 2527 qualiter
635 2435 785 2527 regeret
803 2428 843 2498 se
864 2420 904 2497 in
925 2419 1073 2500 ordine,
1092 2419 1180 2512 Quo
1192 2418 1302 2510 fecto,
1322 2418 1446 2497 dictus
1459 2435 1636 2524 receptor
1655 2434 1693 2494 et
1707 2447 1769 2495 cu-

337 2566 440 2629 ratus
460 2551 508 2628 de
530 2550 753 2640 Somorens,
775 2552 930 2630 trahens
954 2552 1080 2658 ipsum
1100 2567 1235 2630 testem
1256 2568 1357 2629 retro
1386 2551 1517 2640 altere,
1545 2549 1629 2626 aliis
1647 2578 1769 2626 reme-

336 2682 517 2763 nentibus
530 2682 570 2759 iu
586 2682 747 2789 capella,
772 2683 949 2762 dixerunt
969 2684 1003 2760 ei
1024 2684 1131 2790 quod
1151 2683 1367 2763 secundum
1386 2699 1526 2761 statute
1544 2681 1688 2768 ordinis
1708 2681 1770 2758 de·

335 2813 451 2892 bebat
464 2842 599 2921 spuere
616 2842 731 2921 super
746 2845 898 2893 crucem
914 2833 953 2891 et
967 2815 1152 2924 abnegare
1168 2817 1294 2895 Deum
1309 2817 1370 2894 vel
1381 2817 1539 2894 Jhesum
1555 2814 1768 2901 Christum,

335 2947 400 3024 sed
422 2973 499 3025 uon
515 2946 648 3023 recolit
669 2945 768 3024 bene
785 2947 816 3024 si
834 2947 1012 3027 dixerunt
1030 2947 1155 3027 Deum
1174 2947 1234 3025 vel
1245 2949 1403 3026 Jhesum
1419 2947 1633 3035 Christum,
1652 2945 1769 3052 magis

334 3094 461 3156 temen
479 3076 600 3155 credit
615 3076 722 3183 quod
736 3078 1028 3187 nominaverunt
1047 3079 1173 3156 Deum
1187 3107 1301 3185 quam
1315 3079 1334 3154 J
1339 3080 1473 3156 hesum
1488 3077 1682 3156 Christum
1698 3111 1708 3167 ;
1732 3094 1771 3154 et

335 3226 484 3287 ostensa
509 3208 674 3315 quedem
703 3237 829 3297 cruce,
859 3238 935 3286 non
963 3209 1097 3287 recolit
1123 3210 1153 3288 si
1180 3209 1306 3319 lignee
1332 3210 1390 3287 vel
1417 3209 1604 3297 metalice,
1634 3209 1674 3284 in
1694 3239 1769 3316 qun

335 3357 414 3418 erat
433 3367 567 3445 ymago
588 3339 785 3428 Crucifixi,
808 3340 980 3458 apodiata
1002 3341 1052 3418 ad
1072 3341 1219 3430 dossale
1236 3342 1379 3433 altaris,
1402 3345 1570 3448 precepit
1589 3342 1624 3418 ei
1645 3341 1770 3418 dictus

221 3542 232 3576 ι,
334 3487 507 3577 receptor
533 3470 640 3577 quod
665 3489 819 3576 spueret
846 3501 959 3577 supra
987 3473 1128 3551 dictam
1155 3500 1323 3561 crucem,
1354 3489 1392 3550 et
1418 3474 1498 3579 ipse
1517 3473 1625 3551 testis
1644 3472 1769 3550 uoluit

334 3629 469 3708 spuere
485 3629 611 3707 supra,
627 3602 696 3679 sed
711 3603 814 3707 spuit
823 3601 948 3708 juxta,
968 3602 1058 3709 quia
1074 3602 1251 3680 dicebant
1265 3604 1465 3711 quoderat
1483 3604 1530 3680 de
1548 3603 1696 3709 punctis
1713 3630 1770 3679 cr-

335 3733 451 3822 dinis,
473 3751 511 3813 et
530 3733 618 3840 quie
639 3734 733 3811 dixit
752 3735 858 3840 quod
877 3735 950 3812 hoc
972 3733 1112 3811 laceret
1132 3763 1197 3812 ore
1220 3765 1297 3813 non
1319 3736 1450 3826 corde,
1473 3753 1512 3813 et
1533 3736 1639 3844 quod
1662 3752 1768 3843 post·

335 3864 493 3945 modum
518 3883 646 3971 posset
671 3865 717 3942 de
743 3865 816 3943 hoc
842 3865 1037 3957 confiteri,
1058 3868 1226 3974 precepit
1252 3868 1369 3945 eciam
1388 3868 1431 3944 'ei
1452 3867 1575 3946 dictrrs
1593 3883 1770 3972 receptor

334 3995 440 4104 quod
455 3995 657 4104 abnegaret
675 3999 800 4077 Deum
817 3997 876 4076 vel
890 3998 1046 4079 Jhesum
1067 3999 1279 4091 Christum,
1294 4017 1331 4078 et
1348 4000 1427 4105 ipse
1447 3999 1555 4077 testis
1570 3996 1769 4104 abnegavit

335 4155 402 4206 ore
425 4155 503 4207 nou
535 4129 661 4208 corde.
692 4129 844 4209 Deinde
874 4130 1042 4237 precepit
1072 4132 1107 4207 ei
1131 4132 1237 4237 quod
1262 4130 1496 4212 oscularetur
1514 4132 1639 4238 ipsum
1663 4159 1769 4208 recc-

334 4275 481 4365 ptorem
507 4260 548 4339 in
565 4259 764 4352 umbilico,
795 4262 835 4340 in
855 4291 934 4369 quo
957 4262 1016 4340 vel
1034 4262 1144 4369 juxte
1166 4263 1238 4343 luit
1259 4293 1360 4358 eum,
1375 4263 1564 4340 osculatus
1590 4262 1629 4339 in
1655 4288 1771 4339 cerne

332 4392 451 4484 nuda,
474 4394 562 4500 quia
584 4393 678 4471 dixit
698 4395 805 4503 quod
826 4413 904 4473 eret
926 4396 973 4472 de
1000 4395 1110 4474 dictis
1129 4397 1295 4502 punctis,
1317 4395 1530 4475 secuudum
1552 4424 1626 4502 que
1648 4395 1767 4470 eciam

332 4538 479 4627 poteret
501 4522 584 4603 eliis
602 4523 780 4604 fratribus
800 4525 946 4605 ordinis
971 4527 1170 4606 carnaliter
1190 4528 1426 4610 commisceri
1448 4544 1486 4605 et
1506 4526 1576 4631 ipsi
1597 4555 1683 4602 cum
1706 4553 1763 4604 eo.

332 4653 551 4734 Hceramen
572 4686 649 4734 non
667 4657 771 4748 lecit,
790 4687 861 4754 nec
881 4660 1003 4737 credit
1023 4660 1129 4768 quod
1149 4659 1258 4739 fieret
1277 4660 1316 4736 in
1337 4659 1484 4741 ordine.
1500 4659 1764 4766 Reprisivutsi

331 4783 401 4862 scit
414 4784 472 4863 vel
487 4787 630 4865 audivit
645 4789 721 4869 dici
737 4791 843 4896 quod
862 4791 993 4870 illicita
1015 4822 1128 4900 supra
1148 4794 1248 4872 dicta
1265 4793 1325 4870 vel
1344 4793 1414 4870 elie
1431 4791 1705 4871 intervenirent
1724 4790 1765 4869 in

330 4918 616 5023 rocepcionibus
641 4911 809 5001 aliorum
833 4922 1011 5013 fratrum«,
1041 4926 1238 5032 respondit
1266 4926 1372 5033 quod
1398 4954 1499 5014 non,
1528 4953 1598 5003 nec
1623 4922 1766 5002 sciebat
