4236 5948
352 527 398 599 52
737 506 932 599 esoces
960 526 1053 598 ors
1080 525 1381 597 ruururrns.

349 712 409 760 sos
428 682 541 760 luisse
562 700 690 760 contra
710 683 899 774 ordinem,
925 682 973 760 ad
993 685 1100 791 cujus
1120 682 1393 760 deffensionem
1410 711 1448 758 se
1470 711 1547 760 non
1571 683 1769 789 obtulerat.

404 812 620 920 Requisitus
650 815 678 891 si
705 814 758 891 sic
780 814 1005 920 deposuerat
1041 842 1168 919 prece,
1197 829 1391 918 precept0,
1433 812 1585 904 timore,
1624 843 1768 905 amore,

321 1003 324 1007 -
349 943 451 1033 odio,
468 942 525 1019 vel
536 943 733 1050 temporali
750 933 911 1022 comodo
927 944 1056 1020 habito
1074 933 1334 1032 velhabendo,
1353 943 1549 1050 respondit
1561 945 1665 1052 quod
1678 973 1768 1035 non,

350 1073 416 1150 sed
443 1103 511 1179 pro
543 1075 694 1151 veritate
722 1074 896 1163 dicenda3
931 1074 990 1151 cui
1025 1072 1096 1150 luit
1116 1073 1326 1181 injunctum
1349 1074 1454 1180 quod
1484 1103 1561 1151 non
1592 1075 1772 1153 revelaret

349 1205 444 1281 hanc
462 1233 565 1280 suam
589 1205 888 1310 deposicionem,
907 1231 1105 1311 quousque
1131 1203 1391 1280 attestaciones
1409 1203 1549 1281 luerint
1568 1202 1768 1312 publicate.

404 1470 533 1544 Frater
561 1467 748 1544 Robertus
783 1467 830 1542 de
859 1463 1075 1542 Correnllos
1108 1463 1311 1569 presbiter,
1347 1483 1496 1544 curatus
1529 1466 1682 1545 ecclesie
1721 1469 1769 1545 de

348 1598 483 1685 Bralli,
505 1596 735 1674 bertrandus
756 1596 802 1672 de
824 1597 1046 1680 Somerens‚
1064 1594 1254 1671 lohannes
1272 1596 1446 1672 Bocherii
1463 1596 1510 1673 de
1531 1596 1673 1675 Grandi
1691 1599 1770 1678 Vil-

347 1726 429 1802 larii
456 1726 738 1816 Ambianensis‚
775 1724 896 1801 Adam
924 1723 971 1798 de
1004 1721 1155 1801 lnlcrno
1185 1723 1458 1817 Noviomensis,
1492 1725 1687 1833 Philippus
1720 1730 1768 1806 de

348 1859 492 1949 Meum,
507 1858 695 1935 Robertus
717 1856 764 1932 de
778 1852 978 1932 Rambeval
995 1852 1235 1953 Morinensis,
1252 1853 1448 1962 Philippus
1464 1854 1511 1932 de
1530 1857 1765 1949 Lavercines,

348 1988 532 2063 Martinus
548 1987 595 2063 de
612 1985 836 2072 Marselhes,
860 1984 1049 2061 lohannes
1068 1983 1209 2090 Peynet
1227 1983 1414 2090 presbiter
1430 1984 1677 2079 Belvacensis,
1698 1990 1768 2066 Pe-

348 2133 428 2193 trus
457 2117 504 2193 de
533 2117 643 2194 Siven
677 2114 879 2223 presbiter,
910 2112 1129 2201 Bisuntine,
1168 2110 1354 2192 Geraldus
1393 2116 1534 2226 Judicis
1571 2137 1768 2225 preceptor

349 2245 486 2323 domus
498 2245 646 2353 Templi
664 2244 932 2331 Narmatensis,
947 2242 1132 2320 Martinus
1148 2242 1195 2319 de
1211 2244 1339 2321 Monte
1354 2246 1551 2324 Trichardi
1570 2267 1766 2355 preceptor

349 2376 485 2454 domus
504 2376 652 2483 Templi
674 2375 721 2452 de
738 2375 838 2453 Malo
859 2374 1005 2460 Leone,
1025 2372 1216 2450 lohannes
1232 2373 1400 2452 Durandi
1419 2395 1616 2483 preceptor
1631 2378 1766 2463 domus

347 2506 498 2613 Templi
517 2507 564 2582 de
585 2505 764 2596 Gandria,
785 2504 974 2582 lohannes
994 2502 1042 2578 de
1067 2504 1187 2579 Raans
1210 2521 1409 2610 preceptor
1430 2506 1579 2613 Templi
1601 2506 1648 2583 de
1668 2508 1766 2585 Lan-

348 2635 571 2722 deblancha,
605 2632 892 2712 bartholomeus
918 2631 965 2710 de
991 2631 1110 2709 Podio
1136 2632 1277 2710 Revelli
1301 2632 1541 2727 Pictavensis,
1565 2637 1697 2714 Petrus
1717 2638 1765 2714 de

348 2767 483 2841 Sancto
510 2763 714 2842 Benedicto
740 2761 1034 2848 Aurelianensis,
1056 2761 1195 2838 Petrus
1206 2762 1254 2839 de
1276 2759 1406 2841 Monte
1426 2762 1594 2842 Chalveti
1613 2762 1766 2873 Lugdu-

345 2895 486 2982 nensis,
509 2894 676 2972 Andreas
701 2893 747 2970 de
772 2893 902 2971 Monte
924 2892 1108 2982 Laudato,
1132 2909 1169 2969 et
1193 2893 1418 3001 Raynaudus
1442 2895 1618 2972 Larchier
1642 2896 1765 2975 Turo-

345 3024 471 3101 nensis
486 3023 729 3110 diocessium,
748 3022 901 3099 adducti
910 3050 980 3127 pro
993 3021 1154 3098 testibus
1172 3020 1220 3098 ad
1239 3023 1471 3128 presenciam
1491 3023 1678 3103 dictorum
1689 3013 1765 3105 'do-

345 3152 537 3229 minorum
558 3150 919 3241 commissariorum,
941 3149 1120 3255 premissa
1138 3152 1413 3255 protestacione
1427 3152 1531 3260 quod
1549 3181 1625 3230 non
1644 3156 1765 3233 inten-

346 3282 441 3357 dunt
459 3281 634 3358 recedere
651 3309 671 3356 a
687 3280 991 3387 deposicionibus
1011 3309 1079 3386 per
1093 3307 1158 3357 eos
1172 3279 1277 3358 factis
1295 3309 1419 3358 coram
1446 3282 1644 3360 ordinariis
1663 3287 1741 3362 suis
1752 3306 1765 3376 ,’

346 3412 429 3487 etsi
450 3410 536 3517 plus
551 3410 609 3486 vel
629 3410 755 3488 minus
775 3409 959 3502 dicerent,
978 3410 1083 3516 quod
1106 3411 1159 3487 eis
1176 3438 1254 3487 non
1273 3412 1501 3519 prejudicet,
1521 3413 1761 3520 juraverunt,

344 3541 449 3618 tactis
462 3539 701 3618 sacrosanctis
713 3539 936 3647 Evangeliis,
954 3541 1080 3617 dicere
1092 3541 1131 3614 in
1148 3541 1220 3616 isto
1235 3541 1392 3650 negocio
1408 3543 1560 3648 plenam
1574 3562 1610 3622 et
1619 3571 1762 3621 meram

343 3671 553 3758 veritatem,
585 3670 792 3748 secundum
817 3669 975 3748 sormam
991 3671 1197 3778 juramenti
1227 3671 1386 3749 aliorum
1415 3673 1568 3750 testium
1593 3675 1764 3780 superius

344 3801 591 3906 registratam,
615 3802 816 3908 expositam
833 3819 870 3879 et
886 3801 1149 3910 vulgarizatam
1169 3801 1323 3878 eisdem.

401 3931 489 4007 Acta
510 3929 666 4007 fuerunt
687 3931 757 4007 hec
777 3930 884 4008 dictis
906 3931 967 4008 die
988 3948 1026 4007 et
1045 3931 1144 4022 loco,
1167 3929 1406 4041 presentibus
1423 3959 1485 4008 me
1506 3932 1534 4008 F
1537 3931 1763 4012 loriamonte

342 4058 563 4150 Dondedei‚
583 4078 620 4136 et
639 4058 721 4137 aliis
741 4060 895 4137 notariis
916 4059 1050 4137 ultimo
1066 4060 1281 4139 nominatis.
1300 4060 1430 4139 Dictus
1446 4061 1563 4137 eciam
1587 4062 1763 4168 magister

343 4186 506 4266 Amisius
525 4187 696 4266 interfuit
725 4189 934 4296 recepcioni
956 4189 1162 4296 juramenti
1187 4190 1343 4268 testium
1369 4188 1624 4297 predictorum
1646 4191 1760 4268 hodie

342 4319 625 4422 productorum.

399 4577 488 4654 Post
520 4580 605 4665 hec,
646 4579 710 4670 die
734 4577 864 4656 Martis
888 4577 1080 4686 sequenti,
1103 4607 1178 4687 qne
1206 4577 1276 4657 luit
1300 4606 1359 4658 rvr
1394 4580 1475 4657 dies
1504 4580 1591 4659 dicti
1620 4583 1760 4660 mensis

342 4706 487 4792 Marcii,
508 4704 580 4782 luit
598 4706 785 4786 adductus
811 4707 858 4785 ad
884 4709 1115 4813 presenciam
1141 4709 1329 4788 dictorum
1353 4706 1594 4789 dominorum
1616 4711 1759 4816 episco-

341 4861 477 4937 porum
493 4834 724 4914 Mimatensis
744 4854 782 4914 et
795 4839 1086 4927 Lemovicensis‚
1105 4856 1141 4915 et
1155 4839 1407 4918 archidiaconi
1419 4841 1655 4934 Tridentini,
1677 4840 1758 4918 aliis
