4236 5948
350 542 423 613 eso
736 516 930 609 rnocts
957 537 1052 608 nes
1078 535 1377 614 runem-ens

404 676 606 756 Item-dixit
615 677 942 783 perjuramentum
952 704 1062 752 suum
1078 675 1197 783 quod,
1208 693 1294 783 post
1303 676 1559 783 juramentum
1570 679 1769 782 prestitum

349 810 453 887 abeo
472 808 520 884 de
535 807 679 884 statutis
699 824 737 884 et
756 806 906 884 secretis
919 805 1066 887 ordinis
1083 806 1341 896 observandis,
1356 805 1541 913 recipiens
1556 807 1771 913 posuitsihi

350 938 572 1018 mantellum
587 937 799 1025 adcollum‚
817 954 855 1013 et
871 936 1055 1015 osculatus
1075 936 1145 1016 fuit
1164 939 1287 1043 ipsum
1303 938 1345 1014 in
1362 966 1443 1026 ore,
1459 954 1497 1015 et
1511 937 1697 1026 similiter,
1723 937 1769 1016 de

349 1070 522 1146 mandato
540 1069 773 1173 recipientis,
787 1067 981 1147 osculatus
1001 1066 1073 1144 luit
1092 1068 1184 1147 alios
1204 1067 1344 1146 fratres

405 1202 498 1276 Item
521 1197 614 1275 dixit
636 1226 704 1303 per
718 1200 974 1305 juramentum
998 1198 1100 1303 quod
1125 1198 1309 1306 recipiens
1333 1197 1499 1275 ostendit
1525 1197 1596 1276 sibi
1621 1228 1769 1278 crucem

350 1358 435 1407 cum
461 1327 583 1434 effigie
607 1327 723 1406 lhesu
748 1328 887 1409 Christi
915 1327 1099 1433 depictam
1126 1328 1164 1404 in
1189 1328 1354 1434 quodam
1380 1327 1494 1416 libro,
1518 1344 1556 1405 et
1583 1328 1684 1405 dixit-
1700 1329 1769 1408 sibi

349 1461 452 1566 quod
472 1461 669 1566 oportebat
687 1489 728 1537 ac
747 1461 820 1538 sibi
837 1459 993 1567 injunxit
1010 1459 1049 1534 in
1068 1458 1199 1538 virtute
1215 1459 1436 1537 obediencie
1456 1459 1565 1566 quod·
1574 1460 1771 1568 abnegaret

349 1619 497 1670 crucem
522 1591 561 1667 in
585 1620 660 1696 qua
683 1609 761 1667 erat
785 1589 925 1698 effigies
945 1588 1111 1696 predicta
1134 1607 1202 1680 ter,
1220 1607 1260 1682 et
1275 1607 1336 1666 ter
1355 1606 1506 1695 spueret
1527 1618 1652 1696 supra.
1667 1618 1768 1680 eam

349 1720 450 1826 quod
467 1719 555 1797 lecit
570 1748 651 1810 ore,
671 1721 931 1808 licetinvitus,
952 1736 989 1797 et
1006 1748 1082 1798 non
1096 1720 1228 1807 corde,
1241 1738 1285 1797 et
1295 1720 1381 1827 plus
1393 1719 1571 1797 voluisset
1584 1738 1675 1798 tuuc
1688 1748 1769 1799 esse

349 1853 466 1928 Rome
486 1879 599 1957 quam
620 1851 856 1941 hocffecisse‚
879 1868 916 1927 et
935 1869 1064 1956 postea
1084 1850 1268 1956 recipiens
1288 1850 1378 1929 fecit
1394 1878 1433 1928 se
1454 1850 1612 1929 osculari
1625 1849 1673 1928 ab
1687 1851 1769 1955 ipso

349 1996 500 2086 recepto
518 1981 556 2058 in
572 1981 764 2059 umbilico.

403 2113 496 2187 Item
515 2111 608 2188 dixit
627 2140 694 2216 per
707 2113 963 2221 juramentum
983 2141 1091 2190 suurn
1112 2112 1217 2219 quod
1235 2112 1423 2218 recipiens
1441 2111 1600 2218 injunxit
1620 2111 1712 2199 sibi,
1732 2112 1768 2187 in

348 2242 481 2318 virtute
501 2241 738 2330 obediencie,
760 2243 864 2348 quod
884 2241 1084 2320 abstineret
1103 2272 1123 2319 a
1142 2242 1434 2331 mulieribus,et
1453 2241 1558 2321 dedit
1571 2241 1644 2318 sibi
1659 2241 1769 2318 licen·

349 2372 443 2449 ciam
464 2371 615 2477 quodsi
641 2373 739 2450 calor
757 2373 935 2449 naturalis
957 2391 1123 2450 moveret
1147 2401 1254 2463 eum,
1282 2371 1386 2479 quod
1411 2373 1490 2477 ipse
1508 2349 1704 2450 accederet
1723 2371 1769 2447 ad

349 2501 596 2590 smtressuos,
614 2518 652 2577 et
666 2530 731 2579 eos
746 2503 957 2579 admitteret
973 2503 1020 2580 ad
1035 2521 1210 2580 mutuum
1220 2500 1480 2593 concubitum
1500 2500 1766 2608 sednunquam

348 2632 453 2721 lecit,
474 2649 515 2708 ut
531 2630 635 2709 dicit.
1611 2646 1614 2653 '

403 2764 495 2840 Item
514 2762 604 2838 dixit
621 2763 726 2868 quod
749 2763 866 2839 credit
885 2764 989 2869 quod
1008 2763 1070 2840 alii
1090 2763 1221 2841 fratres
1240 2763 1329 2840 dicti
1355 2763 1497 2841 ordinis
1517 2764 1630 2841 simili
1653 2764 1768 2840 modo

346 2893 584 2999 recipiantur,
604 2912 731 2971 tamen
748 2895 830 3001 ipse
843 2922 929 2972 vnon
949 2893 1020 2971 luit
1037 2895 1078 2970 in
1097 2894 1317 3000 recepcione
1337 2895 1516 3003 alicujus
1624 2955 1626 2958 -

401 3026 493 3100 Item
514 3022 623 3113 dixit,
643 3052 712 3130 per
725 3024 979 3132 juramentum
999 3053 1109 3102 suum
1130 3024 1176 3101 ab
1197 3052 1249 3101 eo‘
1266 3053 1380 3129 super
1393 3024 1468 3102 hoc
1480 3023 1620 3100 iterum
1635 3023 1768 3128 presti-

345 3172 445 3243 tum,
466 3155 571 3261 quod
592 3154 643 3243 vi,
664 3155 723 3232 vel
742 3170 845 3232 metu
866 3156 1021 3232 carceris
1042 3174 1106 3233 aut
1126 3157 1322 3244 tormenti,
1345 3183 1412 3233 seu
1447 3154 1520 3232 alia
1533 3183 1660 3242 cause,
1692 3181 1766 3230 non

346 3283 438 3363 dixit
465 3284 570 3362 aliud
591 3313 704 3390 quarn
720 3285 933 3374 ¹veritatem,
963 3313 1034 3362 nec
1059 3285 1249 3392 premissis
1268 3284 1471 3362 immiscuit
1490 3284 1654 3392 aliquam
1671 3281 1769 3361 salsi·

344 3429 475 3503 tutem,
497 3431 535 3490 et
552 3414 659 3519 quod
671 3437 806 3520 puram
824 3415 1017 3492 veritatem
1031 3415 1125 3492 dixit
1139 3445 1208 3522 pro
1227 3416 1345 3493 salute
1362 3416 1577 3493 anime-sue.

341 3676 345 3684 ’
401 3677 492 3752 Item
512 3674 625 3751 frater
640 3675 725 3753 Odo
745 3676 792 3752 de
807 3675 967 3753 Wirmis
988 3676 1218 3754 Belvacensis
1234 3677 1409 3766 diocesis,
1430 3676 1604 3783 magister
1619 3703 1768 3782 carpen-

343 3807 458 3885 tarius
471 3807 510 3884 in
520 3807 633 3886 domo
640 3806 790 3912 Templi
799 3807 1022 3896 Parisiensis‚
1038 3809 1294 3915 sexagenarius
1306 3808 1365 3885 vel
1379 3808 1490 3897 circa,
1501 3805 1638 3884 eodem
1652 3805 1766 3884 modo

344 3939 580 4027 constitutus,
597 3938 806 4046 juratus.et
822 3938 1086 4044 interrogatus,
1110 3938 1202 4047 dixit
1225 3966 1292 4043 per
1310 3940 1567 4045 jummentum
1591 3965 1703 4014 suum
1721 3936 1769 4013 ab

344 4095 389 4148 eo
405 4097 517 4175 super
531 4069 613 4147 hoc·
623 4069 838 4176 prestitum,
856 4069 963 4175 quod
977 4068 1246 4147 benesuntxvr
1255 4070 1341 4145 anni
1355 4069 1412 4146 vel
1423 4070 1517 4147 circe
1530 4068 1642 4175 elapsi
1655 4095 1767 4175 quam

343 4197 411 4276 fuit
434 4216 608 4305 receptus
625 4199 665 4276 in
685 4198 804 4298 domo
815 4199 1030 4288 lensiensi,
1045 4226 1130 4306 per
1150 4197 1300 4300 fratrem
1326 4200 1534 4278 Iohannem
1565 4197 1612 4275 de
1628 4200 1769 4275 Turno

342 4346 434 4409 tune
463 4330 645 4437 temporis
661 4328 945 4412 :thesaurarium
958 4329 1113 4436 .Templi
1140 4315 1369 4418 Parisiensis‚
1401 4329 1636 4437 presentibus
1655 4327 1768 4405 lratm
1867 4431 1869 4434 Α

343 4461 517 4539 Guidone
532 4476 749 4567 preceptore
756 4461 1007 4548 ,Camotensm
1022 4461 1134 4538 {reue
1148 4462 1260 4540 Petro
1273 4479 1502 4569 preceptore
1515 4461 1651 4538 domus
1668 4460 1768 4535 Paria

345 4591 491 4678 siensis‚
511 4608 548 4668 et
567 4590 648 4669 aliis
664 4591 890 4700 dequorum
906 4592 1123 4670 nominibus
1142 4619 1220 4669 non
1237 4593 1379 4670 recolit.

398 4723 493 4799 Item
517 4722 608 4799 dixit
630 4751 699 4828 per
715 4725 978 4830 juramentum.
992 4752 1102 4801 suurn
1122 4724 1226 4830 quod
1241 4751 1287 4802 eo
1301 4739 1469 4830 recepto,
1488 4722 1701 4830 juramento
1720 4719 1767 4797 ab

342 4852 425 4960 ipso
447 4853 601 4960 prestito
627 4854 674 4931 de
699 4854 846 4932 statutis
870 4871 910 4931 et
922 4854 1076 4933 secretis
1089 4853 1237 4933 ordinis
1259 4853 1514 4944 observandis,
1530 4867 1706 4960 aportata·
1715 4850 1765 4928 ibi
