4236 5948
347 526 416 597 100
728 501 922 593 rnocts
950 520 1044 591 nes
1071 517 1373 589 3333333333.

342 663 488 770 negavit
506 663 629 738 Deum
649 688 714 738 ore
727 691 803 738 non
822 661 946 738 corde.
965 659 1112 736 Deinde
1130 659 1297 763 precepit
1315 658 1349 733 ei
1368 656 1472 762 quod
1487 674 1638 761 spueret
1651 686 1764 763 super

342 822 490 868 erucem
504 789 671 867 mantelli
686 791 928 897 ipsiustestis,
942 806 980 865 et
996 789 1117 864 dictus
1131 786 1344 892 testisspuit
1357 814 1433 861 non
1449 815 1560 891 supra
1581 786 1646 862 sed
1659 786 1764 894 juxta

343 924 478 999 dictam
501 952 650 999 erucem
678 924 724 999 ad
749 940 899 998 terram.
930 920 1143 1025 Requisitus
1167 919 1197 994 si
1226 917 1296 992 alia
1319 917 1448 993 illicita
1478 935 1567 993 tunc
1590 917 1648 993 vel
1676 917 1764 993 alias

294 1041 297 1046 ¹
343 1053 495 1129 luerunt
518 1052 588 1128 sibi
615 1053 779 1157 injuncta
805 1051 861 1126 vel
889 1050 996 1136 laeta,
1024 1048 1219 1153 respondit
1247 1047 1351 1152 quod
1377 1074 1464 1122 non.
1495 1047 1709 1152 Requisitus
1734 1049 1763 1123 si

340 1185 408 1260 scit
427 1185 483 1261 vel
502 1184 620 1260 eredit
646 1183 751 1289 quod
782 1181 945 1288 predicta
970 1179 1098 1254 illicita
1124 1179 1162 1253 in
1190 1177 1299 1254 dictis
1324 1176 1488 1253 articulis
1508 1195 1683 1253 contenta
1705 1178 1764 1255 vel

342 1313 465 1419 aliqua
487 1342 530 1390 ex
555 1315 608 1390 eis
629 1312 899 1389 intervenerint
924 1312 962 1385 in
991 1308 1275 1414 recepcionibus
1298 1308 1458 1384 aliorum
1489 1306 1546 1383 vel
1573 1326 1678 1414 post,
1706 1335 1765 1385 re-

343 1445 495 1549 spondit
514 1472 552 1520 se
574 1445 737 1533 nescire,
759 1442 879 1519 credit
890 1460 1016 1518 tamen
1037 1439 1141 1546 quod
1157 1438 1362 1516 consessata
1378 1467 1547 1543 pereum
1565 1440 1764 1516 interveni·

341 1591 426 1650 rent
449 1575 487 1648 13
512 1572 796 1677 recepcionibus
824 1572 984 1648 aliorum
1010 1569 1068 1646 vel
1102 1586 1195 1674 post.
1221 1569 1435 1675 Requisitus
1465 1570 1495 1645 si
1527 1569 1621 1645 vidit
1651 1571 1764 1675 recipi

344 1703 461 1780 alium
483 1703 541 1778 vel
561 1702 653 1778 alios
673 1703 711 1778 in
731 1702 881 1788 ordine,
904 1701 1101 1806 respondit
1118 1727 1157 1774 se
1177 1699 1313 1775 vidisse
1339 1728 1456 1775 unum
1482 1699 1606 1776 solum
1626 1701 1763 1805 recipi,

345 1832 518 1911 videlicet
529 1831 679 1908 fratrem
692 1831 904 1910 Gerardum
918 1830 1110 1936 quondam
1123 1829 1169 1904 16
1179 1830 1319 1905 Β63331
1329 1831 1569 1917 servientem,
1583 1830 1767 1908 Eduensis

347 1963 519 2052 diocesis,
540 1963 579 2038 in
595 1961 734 2067 capella
754 1961 921 2066 predicte
942 1961 1080 2036 domus
1101 1959 1148 2034 de
1169 1957 1339 2065 Belley0,
1361 1960 1457 2035 cirea
1477 1958 1614 2035 festum
1631 1961 1767 2037 Nativi-

345 2094 430 2169 tatis
462 2092 615 2168 Domini
642 2092 813 2196 proximo
844 2091 1067 2197 preteritum
1096 2090 1251 2167 luerunt
1281 2090 1412 2166 decem
1446 2089 1530 2165 anni
1562 2089 1619 2166 vel
1653 2091 1765 2178 circa,

347 2251 461 2329 quem
473 2221 613 2326 recepit
628 2221 978 2299 fraterGuillelmus
992 2221 1137 2300 Geandi
1152 2220 1275 2310 miles,
1288 2237 1485 2326 preceptor
1498 2220 1598 2296 dicte
1613 2221 1765 2310 domus,

347 2349 584 2456 presentibus
595 2349 770 2427 fratribus
786 2351 976 2456 Stephano
988 2353 1151 2438 Marreu,
1171 2351 1329 2457 Hugone
1341 2351 1388 2427 de
1404 2352 1558 2437 Bonam,
1575 2352 1767 2456 quondam

348 2482 459 2557 133136
482 2481 569 2557 11611
589 2483 746 2586 recepti,
764 2482 923 2559 Martino
942 2480 1098 2559 Gurbita
1110 2498 1148 2558 et
1162 2480 1369 2559 Guillelmo
1383 2481 1430 2557 de
1448 2481 1484 2556 la
1503 2482 1765 2588 Toyssoniera,

349 2639 445 2716 quos
462 2611 579 2687 credit
598 2611 719 2687 vivere
732 2644 741 2701 3
756 2611 795 2687 in
814 2613 922 2719 eujus
935 2611 1092 2690 Gerardi
1112 2612 1332 2718 recepcione
1353 2638 1430 2687 non
1448 2611 1542 2687 vidit
1561 2611 1705 2718 aliquid
1723 2612 1768 2688 il-

350 2741 494 2816 licitum
514 2740 595 2817 fieri
616 2740 674 2816 vel
699 2740 854 2847 injungi.
881 2741 1011 2820 Credit
1037 2760 1164 2818 tamen
1182 2741 1286 2847 quod
1305 2756 1435 2846 postea
1456 2769 1523 2846 per
1543 2742 1685 2818 dictum
1710 2771 1770 2818 re-

351 2887 540 2976 ceptorem
574 2870 631 2947 vel
667 2870 782 2947 alium
809 2871 940 2947 illicita
974 2870 1177 2948 confessata
1210 2900 1278 2978 per
1308 2900 1395 2948 eum
1431 2870 1571 2948 luerint
1601 2873 1768 2980 injuncta

351 3001 451 3077 dicto
472 3000 640 3079 Gerardo
662 3018 699 3077 et
717 3000 812 3078 13613
830 3031 899 3107 per
919 3031 1019 3078 eum.
1041 3003 1151 3093 Item,
1175 3002 1266 3079 dixit
1286 3031 1325 3078 se
1346 3002 1498 3078 credere
1514 3002 1770 3080 ecelesiasticis

350 3132 606 3219 sacramentis,
628 3149 665 3207 61
685 3132 790 3236 quod
809 3131 871 3208 alii
891 3130 1022 3209 fratres
1042 3132 1185 3208 ordinis
1205 3132 1340 3209 eodem
1361 3132 1476 3208 modo
1496 3132 1709 3221 crederent,
1733 3150 1778 3210 61

350 3261 453 3366 quod
484 3289 616 3337 eorum
642 3262 852 3338 sacerdotes
877 3261 1005 3339 debite
1026 3261 1270 3339 celebrarent.
1292 3262 1474 3340 durabant
1498 3263 1672 3340 ordinem
1693 3291 1770 3340 non

351 3392 461 3466 exire.
487 3392 619 3467 Statim
644 3421 713 3498 pro
732 3391 912 3497 professis
928 3391 1174 3470 habebantur.
1205 3394 1447 3471 Clandestine
1470 3393 1768 3500 recipiebantur,

350 3549 393 3596 ex
417 3548 494 3627 quo
519 3520 640 3597 credit
667 3522 772 3626 quod
799 3539 895 3598 esset
913 3523 1078 3627 suspicio
1098 3541 1224 3600 contra
1251 3552 1326 3601 663.
1344 3507 1523 3602 ¹Cordulis
1544 3524 1647 3601 unde
1666 3523 1771 3601 vole-

350 3650 439 3726 bant
459 3652 657 3756 assumptis
677 3652 924 3757 cingebantur
940 3681 1053 3759 super
1072 3655 1240 3731 camisias
1260 3683 1346 3730 cum
1363 3653 1503 3759 quibus
1516 3652 1709 3760 jacebant,
1732 3654 1771 3729 in

350 3780 499 3887 signum
516 3782 702 3859 castitatis.
723 3782 855 3861 Credit
873 3784 973 3889 quod
996 3783 1153 3891 graviter
1170 3785 1293 3890 puniti
1314 3783 1472 3861 fuissent
1491 3801 1705 3862 recusantes
1720 3784 1773 3859 13-

351 3938 434 3986 6636
451 3910 580 3987 11116113
600 3912 802 3989 6631633313
822 3941 890 4019 per
910 3913 1079 4001 eum,vel
1097 3931 1236 3992 secreta
1258 3913 1506 4019 capitulorum
1527 3933 1591 3990 aut
1612 3914 1773 3991 modum

350 4040 579 4146 recepcionis
599 4071 665 4118 sue
685 4041 901 4119 revelantes.
925 4042 1077 4148 Absque
1098 4043 1253 4122 licencia
1273 4072 1350 4120 363
1370 4062 1543 4150 poterant
1563 4046 1634 4123 nisi
1650 4074 1772 4122 sacer·

351 4169 503 4248 dotibus
523 4171 666 4248 ordinis
685 4169 867 4248 confiteri.
890 4173 1036 4250 Fratres
1056 4175 1371 4252 361631636336363
1387 4203 1466 4251 esse
1482 4174 1669 4251 13631136
1689 4174 1773 4252 fue-

255 4388 258 4393 ,
350 4318 439 4377 runt
459 4302 691 4411 negligentes
709 4302 888 4409 quianon
905 4323 1149 4382 correxerunt
1168 4334 1237 4383 nec
1256 4307 1575 4383 denunciaverunt
1593 4306 1772 4384 Ecclesiee

348 4430 580 4510 Elemosinas
600 4450 640 4509 et
662 4432 954 4538 hospitalitatem
982 4433 1020 4509 in
1041 4435 1219 4512 domibus
1247 4436 1391 4512 ordinis
1409 4437 1449 4511 in
1472 4435 1613 4541 quibus
1634 4437 1776 4514 exstitit

350 4580 604 4639 commoratus
624 4562 890 4639 convenienter
909 4564 1001 4640 vidit
1021 4564 1120 4656 fieri,
1146 4585 1184 4644 61
1202 4564 1344 4642 audivit
1368 4565 1441 4641 dici
1469 4567 1574 4673 quod
1599 4567 1776 4673 capitalia

349 4690 550 4796 aliquando
567 4710 652 4799 post
671 4694 836 4771 mediam
856 4711 1007 4771 noctem
1026 4714 1064 4773 et
1082 4697 1285 4804 aliquando
1307 4697 1355 4773 de
1376 4696 1455 4784 die,
1472 4698 1598 4805 januis
1619 4698 1772 4788 clausis,

349 4819 464 4898 nullis
481 4823 720 4928 presentibus
739 4824 809 4900 nisi
830 4823 1007 4902 fratribus
1032 4828 1192 4918 ordinis,
1213 4826 1457 4918 tenebantur3
1478 4829 1517 4903 in
1538 4856 1615 4934 quo
1635 4829 1773 4906 ordine
