4236 5948
605 529 803 622 ruocts
829 545 924 619 nus
949 545 1249 620 ruurumns.
1566 546 1629 619 rar

219 690 275 770 vel
290 684 491 797 temporali
506 686 670 766 comodo
689 685 819 765 habito
832 683 892 763 vel
906 683 1096 778 babendo,
1115 684 1313 794 respondit
1330 687 1436 794 quod
1455 715 1551 775 non,
1573 690 1639 767 sed

218 850 286 930 pro
304 819 460 899 veritate
481 816 659 906 dicenda;
692 817 753 894 cui
777 813 848 894 fuit
871 815 1082 924 injunctum
1109 815 1214 924 quod
1237 844 1316 897 non
1340 816 1522 896 revelaret
1545 820 1642 897 hanc

218 979 324 1031 suam
347 947 654 1055 deposicionem‚
675 973 876 1054 quousque
895 946 1155 1025 attestaciones
1174 944 1315 1025 fuerint
1333 946 1534 1054 publicata.

275 1215 406 1293 Frater
429 1207 644 1292 Gaulredus
671 1207 718 1286 de
739 1205 991 1285 Montchausit
1011 1207 1192 1298 serviens,
1221 1208 1536 1288 Claramontensis
1562 1212 1642 1290 dio-

222 1346 329 1431 cesis,
350 1340 456 1420 testis
479 1367 589 1446 supra
606 1340 772 1447 juratus,
793 1336 1016 1416 mantellum
1037 1354 1075 1414 et
1093 1337 1249 1416 barbam
1270 1339 1475 1433 defferens,
1491 1342 1641 1449 triginta

221 1474 392 1582 quinqua
408 1496 594 1548 annornm
615 1468 675 1546 vel
694 1468 810 1559 circa,
832 1497 919 1545 cum
939 1493 1017 1573 quo
1038 1467 1262 1574 inquisitum
1287 1469 1426 1562 fuerat,
1447 1469 1643 1548 absolutus

222 1621 259 1680 at
280 1599 540 1681 reconciliatus
564 1626 632 1705 per
654 1597 854 1676 dominum
880 1596 1202 1703 archiepiscopum
1228 1599 1509 1690 Turoneusem,
1538 1601 1643 1679 lectis

223 1750 259 1810 et
275 1730 477 1838 diligenter
495 1728 567 1807 sibi
590 1726 768 1806 omnibus
788 1745 827 1805 et
845 1725 1002 1834 singulis
1023 1726 1203 1815 articulis,
1225 1729 1419 1834 respondit
1433 1730 1537 1837 quod
1557 1731 1643 1809 nul·

222 1861 304 1939 lum
325 1859 443 1938 alium
462 1856 604 1935 viderat
627 1856 742 1964 recipi
767 1856 807 1933 in
831 1855 986 1945 ordine,
1010 1856 1114 1934 unde
1135 1856 1341 1949 nesciebat,
1363 1887 1432 1936 nec
1451 1861 1642 1953 credebat,

222 2018 292 2069 nec
308 1988 498 2068 audiverat
516 1987 589 2066 dici
606 1988 654 2066 de
672 1985 856 2067 contentis
872 1986 912 2063 in
928 1985 1039 2063 dictis
1057 1986 1222 2065 articulis
1242 1987 1312 2066 nisi
1334 1988 1438 2094 quod
1454 1991 1643 2096 sequitur:

221 2119 323 2199 Dixit
345 2119 447 2197 enim
471 2146 512 2196 se
536 2116 650 2195 luisse
674 2133 889 2223 receptum,
916 2114 1074 2212 infesto
1099 2117 1377 2196 Purificacionis
1399 2118 1508 2197 beate
1529 2121 1644 2198 Mario

223 2251 393 2358 proximo
416 2248 597 2356 preterito
622 2245 777 2324 luerunt
799 2246 945 2324 circiter
963 2272 1042 2325 xuu
1065 2247 1172 2335 anni,
1195 2247 1235 2324 in
1256 2248 1408 2355 grangia
1427 2249 1577 2356 Templi
1598 2230 1645 2328 de

222 2379 394 2460 Montilio
417 2377 732 2459 Claramontensis
751 2377 926 2466 diocesis,
942 2404 1011 2484 per
1032 2375 1184 2455 fratrem
1202 2379 1436 2456 Dalmacium
1452 2379 1528 2458 Gili
1547 2380 1646 2458 mili-

224 2528 301 2623 tem
316 2508 527 2617 quondam,
543 2506 782 2614 presentibus
796 2506 974 2585 fratribus
989 2505 1143 2587 Gollero
1159 2506 1287 2588 Garini
1303 2508 1523 2613 presbitero,
1536 2510 1647 2587 Petro

224 2641 341 2719 Vince
356 2657 395 2716 et
414 2638 563 2717 Andrea
579 2638 707 2716 Jacobi
724 2637 983 2726 servientibus,
997 2665 1095 2744 quos
1114 2638 1234 2716 credit
1247 2640 1381 2728 vivere,
1400 2640 1440 2717 in
1455 2641 1556 2717 hunc
1572 2669 1649 2718 mo

225 2771 317 2847 dum
334 2801 343 2846 t
360 2797 448 2846 nam
464 2797 549 2845 cum
565 2767 818 2874 requisivisset
827 2794 964 2873 panem
977 2784 1014 2845 et
1033 2795 1167 2874 aquam
1188 2767 1351 2858 ordinis,
1373 2784 1410 2846 et
1430 2770 1463 2846 ei
1484 2773 1646 2848 concessi

224 2898 397 2991 luissent,
418 2896 506 2976 lecit
527 2896 650 2974 dictus
669 2913 840 3004 receptor
857 2924 945 2975 eum
960 2923 1091 2974 vovere
1112 2913 1148 2975 et
1162 2895 1290 3002 jurare
1310 2924 1424 3003 super
1442 2900 1647 3005 quemdam

227 3027 369 3106 librum
390 3043 562 3133 apertum
586 3026 811 3117 castitatem,
835 3025 1112 3119 obedienciam,
1133 3026 1255 3104 vivere
1277 3026 1357 3105 sine
1378 3027 1549 3133 proprio,
1571 3055 1648 3106 non

226 3158 390 3238 revelare
419 3173 560 3235 secreta
583 3157 853 3263 capitulorum,
880 3183 1024 3234 servare
1049 3156 1272 3235 elemosinas
1292 3173 1330 3235 et
1356 3155 1456 3235 bona
1484 3158 1646 3252 ordinis,

228 3307 265 3366 et
284 3288 411 3366 debite
431 3287 624 3395 acquirere
645 3286 768 3365 ordini
789 3315 859 3364 suo
878 3315 1006 3394 posse3
1026 3304 1064 3364 et
1080 3287 1256 3393 imposito
1280 3285 1351 3366 sibi
1379 3288 1574 3376 mantello,
1594 3289 1650 3365 di-

229 3436 309 3497 ctus
327 3433 499 3522 receptor
523 3426 561 3495 et
577 3433 736 3495 astantes
754 3415 910 3494 luerunt
930 3445 1018 3494 eum
1043 3417 1196 3495 osculati
1225 3418 1264 3493 in
1285 3446 1364 3495 ore.
1384 3419 1432 3496 Et
1452 3418 1573 3497 dictus
1592 3448 1651 3497 re·

229 3565 366 3656 ceptor,
388 3564 474 3653 post
490 3547 704 3653 predictum
725 3546 896 3625 osculum
914 3547 1005 3636 oris,
1026 3545 1098 3625 fuit
1117 3547 1305 3627 osculatus
1321 3548 1445 3655 ipsum
1458 3565 1594 3628 testem
1612 3553 1651 3627 iu

229 3677 411 3756 umbilico
432 3677 472 3753 in
492 3704 602 3753 carne
624 3676 726 3754 nuda
747 3694 785 3754 et
806 3677 846 3752 in
866 3704 955 3753 anca
973 3677 1107 3783 pannis
1122 3676 1375 3764 intermediis,
1396 3694 1435 3755 et
1453 3676 1560 3755 allata
1581 3679 1652 3757 ibi-

231 3808 320 3884 dem
334 3807 496 3915 quadam
511 3835 621 3886 cruce
640 3806 784 3915 lignea,
804 3808 923 3886 nescit
936 3834 1005 3913 per
1024 3834 1152 3913 quem
1173 3807 1305 3914 inqua
1325 3835 1402 3884 non
1422 3824 1501 3884 erat
1518 3837 1652 3917 ymago

147 4004 159 4014 .
231 3935 425 4027 Crucifixi‚
441 3937 561 4044 posita
575 3965 689 4044 super
703 3954 860 4029 terram,
877 3937 1044 4043 precepit
1058 3937 1092 4014 ei
1109 3936 1230 4014 dictus
1242 3952 1413 4043 receptor
1427 3938 1533 4044 quod
1547 3966 1655 4044 spue-

231 4085 289 4146 ret
306 4095 423 4175 super
442 4095 544 4159 eam,
566 4086 605 4146 et
626 4068 706 4174 ipse
726 4068 832 4145 testis
851 4093 928 4144 non
948 4066 1049 4172 spuit
1068 4094 1181 4172 supra
1199 4066 1266 4144 sed
1286 4067 1401 4175 juxta.
1424 4065 1505 4144 Alia
1527 4065 1653 4143 illicita

232 4225 308 4276 non
328 4197 611 4277 intervenerunt
634 4197 674 4274 in
700 4197 797 4274 dicta
821 4224 887 4274 sua
911 4195 1129 4301 recepcionc
1153 4195 1212 4273 vel
1230 4212 1333 4303 post,
1358 4193 1462 4302 quod
1482 4195 1655 4273 recorde-

231 4345 306 4419 tur,
329 4345 367 4405 et
380 4328 501 4407 credit
518 4328 623 4437 quod
643 4329 775 4407 eadem
794 4326 892 4404 licita
912 4343 950 4405 et
968 4326 1096 4405 illicita
1115 4326 1385 4406 intervenirent
1403 4327 1654 4405 communiter

234 4475 271 4536 et
295 4457 439 4565 ubique
464 4460 503 4536 in
530 4457 814 4566 recepcionibus
838 4457 998 4536 aliorum
1022 4457 1080 4534 vel
1104 4473 1208 4565 post,
1221 4475 1258 4536 et
1268 4456 1493 4534 au'divitdici
1509 4454 1654 4532 alratre

235 4586 444 4666 Guillelmo
465 4589 499 4666 la
519 4589 636 4696 Gayta
665 4574 712 4666 de
731 4586 965 4695 Burgoudia,
992 4587 1030 4663 in
1050 4586 1215 4693 prisione
1242 4585 1521 4676 Matisconeusi,
1551 4586 1655 4690 quod

236 4715 332 4794 dicta
355 4716 482 4796 illicita
504 4720 779 4796 intervenerant
801 4718 839 4794 in
858 4716 1078 4825 recepcioue
1096 4745 1174 4795 sua.
1196 4716 1308 4808 ltem,
1331 4714 1424 4792 dixit
1442 4742 1481 4792 se
1501 4715 1655 4793 credere

236 4847 339 4951 quod
360 4846 492 4925 fratres
511 4848 655 4926 ordinis
669 4846 866 4926 crederent
881 4845 1134 4925 ecclesiasticis
1148 4845 1404 4935 sacramentis,
1422 4845 1561 4952 quibus
1576 4846 1656 4949 ipse
