4236 5948
347 521 420 593 sss
739 497 933 595 rancus
959 519 1054 589 ons
1080 518 1378 591 reuertens.

345 676 475 748 tatem,
500 676 537 734 et
555 658 804 764 interrogatus
818 659 866 734 de
879 675 1047 763 tempore
1062 674 1100 733 et
1111 657 1226 736 modo
1243 686 1308 735 sue
1323 658 1570 762 recepcionis,
1594 659 1687 738 dixit
1701 657 1769 767 per

339 793 597 897 juramentum
628 818 736 866 suum
762 791 868 896 quod
897 807 1069 895 receptus
1098 789 1185 878 luit,
1212 819 1346 868 novem
1373 791 1457 867 anni
1484 808 1594 870 erunt
1614 792 1654 868 in
1672 791 1768 873 sesto

345 919 653 1001 Nativitatisbeati
663 920 854 1007 lobannis,
871 921 909 995 in
920 918 1034 998 domo
1045 920 1195 1025 Templi
1205 921 1431 1010 Parisiensis,
1446 950 1514 1027 per
1528 921 1683 1000 fratrem
1691 925 1770 1009 Hu-

344 1081 480 1158 goneru
514 1052 560 1128 de
587 1052 772 1138 Paraudo‚
812 1050 1047 1157 presentibus
1075 1050 1249 1130 fratribus
1278 1052 1447 1132 Gerardo
1474 1052 1521 1130 de
1548 1054 1766 1147 villaribus,

344 1183 551 1261 Guillermo
572 1183 620 1260 de
639 1184 727 1260 Lins
742 1199 779 1259 et
792 1182 904 1258 fratre
917 1184 1028 1260 Petro
1044 1183 1092 1259 de
1107 1183 1236 1261 Boucli
1249 1183 1385 1271 milite,
1401 1201 1441 1261 et
1452 1184 1679 1290 quibusdam
1689 1186 1769 1263 aliis

346 1316 393 1391 de
412 1343 576 1420 quorum
597 1313 817 1392 nominibus
838 1342 914 1391 non
938 1313 1081 1391 recolit.
1108 1316 1154 1393 Et
1178 1313 1268 1391 dixit
1287 1343 1354 1420 per
1374 1314 1628 1421 juramentum
1657 1344 1767 1394 suum

345 1441 449 1548 quod
473 1442 593 1519 dictus
616 1443 799 1549 recipiens
819 1443 907 1520 fecit
932 1472 1017 1521 eum
1041 1444 1259 1549 promittere
1286 1460 1323 1521 et
1342 1445 1468 1550 jurare
1495 1444 1631 1525 multas
1650 1445 1769 1527 bonas

346 1573 599 1649 observantias
612 1593 648 1651 et
659 1592 793 1651 statuta
810 1573 899 1649 dicti
912 1563 1053 1649 ordinis
1069 1592 1107 1649 et
1116 1592 1246 1650 tenere
1264 1592 1404 1651 secreta
1417 1574 1574 1662 ordinis,
1594 1592 1766 1682 etpostea

345 1702 532 1781 osculatus
549 1702 620 1781 luit
636 1704 780 1783 dictum
796 1704 1095 1808 recipientemet
1109 1703 1203 1781 alios
1217 1704 1347 1781 fratres
1359 1704 1398 1780 in
1418 1730 1495 1781 ore.
1516 1706 1767 1812 Interrogatus

346 1835 392 1911 de
414 1832 495 1910 aliis
513 1834 694 1921 articulis,
711 1833 828 1911 nichil
848 1834 950 1911 dixit.
966 1832 1055 1910 Acta
1071 1851 1159 1911 sunt
1177 1834 1248 1911 hec
1266 1862 1379 1921 anno,
1396 1834 1603 1923 iudicione,
1620 1862 1764 1924 mense,

344 1963 422 2051 die,
445 1965 662 2069 pontificatu
690 1983 728 2043 et
753 1966 836 2042 loco
855 1965 1049 2069 predictis,
1077 1964 1314 2070 presentibus
1338 1963 1521 2071 religiosis
1544 1981 1582 2041 et
1601 1965 1768 2049 honestis

344 2093 429 2171 viris
448 2093 622 2172 fratribus
640 2094 809 2172 lohanne
831 2095 878 2172 de
898 2093 1045 2182 brebis,
1069 2096 1179 2172 Petro
1199 2093 1409 2183 Lambere,
1432 2094 1566 2200 Egidio
1586 2091 1633 2170 de
1655 2092 1768 2177 Gelu

343 2222 437 2301 chiis
447 2224 683 2302 studentibus
700 2227 738 2301 in
754 2241 936 2303 conventu
956 2224 1189 2313 Parisiensis‚
1212 2223 1418 2304 Guillelmo
1434 2224 1481 2301 de
1496 2223 1676 2330 Cboques
1691 2224 1766 2300 cive

253 2440 258 2447 ⁸
342 2354 549 2444 Parisieusi,
563 2373 601 2432 et
614 2355 786 2460 pluribus
796 2355 877 2435 aliis
886 2354 1044 2432 testibus
1055 2356 1105 2433 ad
1116 2355 1188 2432 hoc
1201 2354 1338 2431 vocatis
1348 2352 1555 2460 specialiter
1569 2371 1605 2430 et
1616 2356 1766 2458 rogatis.

398 2617 444 2691 Et
459 2642 527 2720 ego
546 2615 706 2693 Amisius
726 2615 773 2690 de
794 2614 993 2695 Aureliano
1014 2614 1142 2692 dictus
1157 2615 1192 2692 le
1210 2613 1322 2724 Ratis,
1344 2614 1515 2704 clericus,
1537 2631 1768 2693 sacrosancte

342 2750 505 2824 Romane
524 2745 690 2823 Ecclesie
708 2746 922 2823 auctoritate
939 2746 1106 2824 notarius
1122 2741 1508 2852 publicus,'0mnibus
1528 2762 1565 2823 et
1591 2744 1765 2850 singulis,

342 2893 452 2981 prout
473 2877 512 2953 in
532 2876 602 2952 bac
623 2894 660 2952 et
679 2875 968 2982 precedentibus
987 2876 1103 2980 peciis
1118 2877 1225 2982 signo
1240 2904 1326 2954 meo
1342 2877 1494 2983 signatis
1511 2876 1765 2963 continentur,

284 3054 289 3063 ·
343 3036 417 3084 una
432 3036 517 3084 cum
540 3007 686 3114 scriptis
711 3007 872 3086 testibus
898 3007 1053 3084 notariis
1078 3006 1238 3113 publicis
1264 3035 1419 3113 presens
1446 3006 1615 3094 interfui,
1637 3034 1694 3093 ac,
1720 3005 1767 3082 de

343 3138 519 3215 mandato
529 3136 617 3214 dicti
631 3129 892 3225 commissarii,
910 3137 950 3214 in
966 3137 1039 3212 hoc
1055 3136 1307 3214 instrumento
1322 3165 1384 3214 me
1399 3135 1599 3241 subscripsi
1615 3135 1656 3211 in
1670 3134 1769 3213 testi·

342 3268 814 3372 moniumpremissorum,
837 3266 1008 3372 illudque
1031 3295 1115 3342 meo
1132 3267 1241 3372 signo
1259 3265 1371 3344 solito
1390 3267 1524 3373 signavi
1545 3284 1709 3371 rogatus.

399 3529 447 3602 Et
457 3555 526 3631 ego
545 3526 705 3604 lacobus
720 3527 768 3605 de
781 3527 930 3606 Virtuto
950 3527 1107 3605 clericus
1123 3528 1430 3606 Cathalaunensis
1445 3526 1622 3612 diocesis,
1647 3525 1767 3631 publi·

343 3686 407 3734 cus
431 3657 624 3762 imperiali.
643 3658 862 3736 auctoritate
887 3659 1070 3744 notarius,
1105 3658 1295 3762 premissis
1319 3657 1494 3741 omnibus
1521 3674 1560 3733 et
1590 3656 1763 3763 singulis,

343 3804 457 3892 prout
476 3786 517 3864 in
535 3788 699 3894 presenti
718 3788 821 3895 pecie
840 3816 907 3866 seu
927 3806 1026 3869 curta
1045 3805 1082 3864 et
1099 3785 1391 3894 precedentibus
1409 3786 1558 3892 plenius
1572 3785 1767 3874 coutinen-

342 3937 417 4007 tur,
440 3946 592 4023 presens
611 3916 764 3999 interfui
786 3946 872 3996 cum
892 3917 1051 3997 testibus
1068 3935 1106 3995 et
1122 3917 1278 3994 notariis
1303 3946 1413 4022 supra
1433 3935 1470 3994 et
1490 3916 1763 4020 infrascriptis,

344 4066 395 4139 et,
417 4049 661 4129 demandato
683 4047 773 4127 dicti
793 4047 1053 4137 commissarii,
1082 4047 1155 4125 hoc
1174 4048 1468 4126 instrumentum
1482 4075 1595 4123 manu
1617 4046 1767 4150 propria

343 4181 470 4286 scripsi
479 4182 518 4260 in
529 4179 788 4260 testimonium
801 4179 1088 4284 premissorum,
1107 4178 1278 4285 illudque
1287 4205 1374 4256 meo
1384 4177 1614 4284 signosolito
1627 4175 1765 4284 signavi

343 4327 504 4415 rogatus.

398 4571 446 4645 Et
465 4599 533 4677 ego
555 4571 701 4648 Evenus
719 4568 827 4675 Phily
843 4570 891 4646 de
907 4571 1041 4647 Sancto
1061 4569 1205 4647 Nicasio
1216 4569 1376 4646 clericus
1389 4569 1677 4673 Corisopitensis
1692 4569 1766 4644 dio

344 4700 672 4803 cesis,apostolioa
691 4699 868 4807 publicus
887 4700 1107 4788 auctoritate
1125 4699 1309 4789 notarius,
1330 4698 1522 4804 premissis
1542 4698 1582 4775 in
1599 4698 1764 4804 presenti

343 4829 448 4935 pecie
468 4847 697 4913 seucutaet
716 4829 1013 4935 precedentibus·
1026 4831 1209 4913 contentis
1223 4858 1376 4938 presens
1390 4827 1542 4909 interlui
1563 4828 1769 4909 eumtestin
