4236 5948
373 524 421 599 ua
760 509 956 604 rnocbs
984 529 1078 602 ors
1104 530 1408 604 reuertens.

373 688 507 749 testem
529 696 639 777 supra
661 672 931 762 examinatum,
954 673 992 747 in
1014 670 1154 776 capella
1177 672 1315 751 domus
1333 673 1482 781 Templi
1512 675 1559 754 de
1578 675 1705 754 Insula
1723 679 1795 757 Bo-

373 801 520 889 chardi,
538 830 605 908 per
626 801 768 881 dictum
787 802 939 880 fratrem
960 803 1170 879 lohannem
1192 803 1240 880 de
1257 804 1393 882 Sancto
1413 807 1634 898 Benedict0,
1650 837 1795 916 presen-

370 933 474 1010 tibus
501 930 679 1009 fratribus
698 934 809 1010 Petro
838 934 885 1010 de
905 934 1040 1011 Sancto
1067 935 1292 1023 Benedicto‚
1315 953 1353 1013 et
1380 934 1531 1015 Andrea
1563 944 1793 1046 carpentario

373 1064 471 1141 dicte
493 1062 646 1153 domus,
671 1064 874 1142 deffuncto.
898 1063 1069 1143 Pluriurn
1091 1065 1377 1172 recepcionibus
1404 1096 1481 1144 non
1507 1069 1640 1147 recolit
1663 1100 1702 1149 se
1728 1073 1794 1149 ad·

370 1194 503 1282 luisse,
531 1225 602 1272 nec
622 1195 705 1285 scit,
729 1224 796 1272 nec
817 1195 953 1286 credit,
976 1223 1045 1272 nec
1066 1196 1208 1273 audivit
1228 1197 1303 1274 dici
1331 1198 1436 1305 quod
1460 1199 1498 1275 in
1528 1200 1638 1279 dictis
1666 1230 1793 1310 recep

369 1324 541 1403 cionibus
557 1325 615 1403 vel
632 1341 716 1431 post
736 1325 882 1432 aliquid
896 1326 1136 1405 intervenerit
1154 1328 1410 1408 inhonestum.
1425 1331 1641 1437 Requisitus
1656 1333 1686 1412 si
1701 1334 1795 1412 vidit

369 1456 534 1563 aliquem
556 1484 599 1533 ex
620 1456 729 1533 dictis
748 1456 908 1563 receptis
927 1457 1013 1533 duci
1036 1458 1085 1534 ad
1104 1477 1249 1565 partem
1266 1478 1351 1567 post
1368 1461 1593 1540 mantellum
1615 1463 1668 1541 eis
1682 1464 1794 1541 tradi-

368 1607 450 1664 tum
465 1588 522 1666 vel
538 1606 641 1679 ante,
658 1588 855 1694 respondit
869 1588 974 1695 quod
991 1617 1080 1666 non.

425 1719 640 1824 Requisitus
655 1719 684 1796 si
702 1720 754 1796 sic
769 1720 995 1824 deposuerat
1009 1748 1136 1826 prece,
1154 1741 1349 1829 precepto,
1359 1725 1513 1814 timore,
1526 1753 1669 1817 amore,
1684 1727 1790 1816 odio,

369 1850 425 1926 vel
441 1850 639 1956 temporali
656 1851 818 1927 comodo
839 1850 967 1928 habito
983 1851 1042 1927 vel
1059 1852 1254 1944 habendo,
1276 1855 1472 1961 respondit
1490 1857 1595 1963 quod
1615 1885 1708 1945 non,
1726 1857 1792 1934 sed

370 2009 437 2086 pro
462 1980 615 2057 veritate
642 1980 823 2068 dicenda;
850 1982 910 2058 cui
941 1980 1012 2059 luit
1037 1983 1248 2087 injunctum
1274 1986 1378 2091 quod
1397 2015 1475 2063 non
1496 1987 1676 2065 revelaret
1696 1988 1791 2066 banc

371 2139 476 2185 suam
499 2109 795 2214 deposicionem,
817 2140 1017 2216 quousque
1040 2114 1299 2192 attestaciones
1321 2116 1462 2194 luerint
1481 2117 1681 2225 publicate.

426 2376 553 2450 Frater
571 2375 760 2458 lohannes
790 2383 836 2459 de
862 2384 1022 2462 Ruivans
1051 2403 1249 2493 preceptor
1268 2388 1405 2466 domus
1424 2389 1573 2497 Templi
1595 2390 1643 2466 de
1663 2386 1791 2466 Lauda

368 2510 546 2602 Blancba,
572 2512 797 2592 Pictavensis
818 2516 977 2596 diocesis
996 2523 1173 2613 serviens,
1194 2522 1301 2600 testis
1319 2549 1429 2627 supra
1444 2521 1607 2628 juratus,
1630 2517 1789 2596 mantel-

367 2658 446 2735 lum
465 2655 609 2734 ordinis
626 2671 664 2731 et
677 2655 832 2731 barbam
850 2654 1052 2744 defferens,
1073 2650 1463 2761 quadragenariusvel
1484 2651 1593 2739 circa,
1611 2680 1697 2727 cum
1713 2677 1789 2757 quo

368 2786 590 2894 inquisitum
615 2784 751 2873 bremt,
779 2784 972 2864 absolutus
998 2803 1035 2863 et
1061 2784 1323 2862 reconciliatus
1350 2811 1418 2888 per
1446 2780 1645 2858 officialem
1671 2780 1789 2858 Picta·

370 2945 536 3008 versem,
563 2916 669 2995 lectis
689 2933 726 2994 et
753 2916 954 3022 diligenter
975 2916 1045 2995 sibi
1066 2912 1241 3022 expositis
1266 2912 1445 2992 omnibus
1466 2929 1504 2990 et
1523 2911 1679 3019 singulis
1702 2911 1788 2988 arti-

366 3046 475 3138 culis,
497 3045 692 3152 respondit
712 3046 816 3152 quod
838 3074 1031 3152 nunquam
1050 3046 1193 3123 viderat
1212 3043 1327 3151 recipi
1353 3044 1391 3120 in
1412 3043 1544 3120 ordine
1568 3043 1640 3120 nisi
1658 3041 1789 3119 fratres

364 3177 597 3256 Gaulredum
618 3175 828 3254 Gommerii
850 3176 1029 3264 militem,
1050 3175 1115 3282 qui
1141 3177 1207 3252 ivit
1231 3174 1329 3252 ultra
1353 3202 1455 3251 mere
1483 3191 1520 3250 et
1543 3173 1788 3280 postmodum

365 3337 443 3385 non
467 3307 596 3395 rediit,
619 3323 658 3385 et
676 3307 869 3413 quondam
891 3305 1007 3382 alium
1028 3306 1208 3391 militem,
1229 3306 1335 3412 cujus
1355 3333 1496 3382 nomeu
1509 3321 1557 3381 'et
1577 3329 1787 3408 cognomen

365 3440 529 3547 ignorat,
551 3435 618 3514 sed
639 3436 758 3513 credit
778 3437 882 3543 quod
908 3454 1002 3514 esset
1025 3437 1072 3513 de
1094 3435 1349 3514 lemovicensi
1371 3435 1530 3522 diocesi3
1558 3451 1595 3511 et
1618 3432 1790 3540 Baudoy·

365 3597 462 3675 num·
482 3585 661 3674 nepotem
695 3567 817 3645 fratris
837 3567 988 3645 Martini
1013 3567 1243 3674 preceptoris
1264 3567 1311 3644 de
1333 3567 1559 3654 Maloleone,
1595 3564 1699 3642 testis
1719 3563 1789 3641 bo-

365 3700 426 3775 die
450 3698 667 3790 examinati,
689 3699 753 3804 qui
777 3698 951 3776 similiter
974 3698 1113 3804 recepti
1135 3697 1288 3776 luerunt
1310 3721 1490 3776 unacum
1513 3697 1593 3803 ipso
1613 3710 1728 3784 teste,
1746 3695 1785 3770 in

364 3827 501 3936 capella
530 3829 667 3905 domus
690 3827 840 3935 Templi
869 3829 916 3906 de
945 3829 1045 3907 Cuso
1070 3829 1295 3906 Pictavensis
1321 3828 1497 3919 diocesis,
1525 3827 1620 3903 circa
1644 3825 1786 3901 instans

363 3958 500 4036 festum
516 3959 615 4035 beati
636 3957 805 4035 Barnabe
826 3975 975 4036 eruntx
995 3959 1083 4035 anni
1102 3958 1162 4036 vel
1182 3959 1293 4046 circa,
1315 3986 1383 4065 per
1398 3957 1551 4034 fratrem
1567 3959 1718 4034 Petrum
1737 3955 1785 4032 de

362 4074 564 4165 Villaribus
586 4086 749 4165 militem
773 4090 983 4196 quondam,
1005 4107 1265 4197 preceptorem
1289 4106 1382 4167 tunc
1403 4088 1580 4175 Pictavie‚
1602 4085 1788 4192 presenti-

361 4219 433 4297 bus
452 4219 627 4296 lrntribus
647 4218 808 4296 Martino
829 4237 867 4297 et
882 4221 1052 4297 lobanne
1073 4220 1258 4311 Durandi,
1279 4219 1440 4298 testibus
1460 4218 1630 4326 proximo
1651 4216 1788 4295 exami-

361 4351 473 4439 natis,
497 4366 535 4426 et
554 4349 759 4457 Baudoyno
781 4351 827 4427 de
847 4349 957 4430 Cheli
980 4352 1120 4438 milite,
1142 4351 1206 4457 qui
1227 4348 1493 4440 transfretavit,
1519 4350 1567 4426 de
1588 4349 1694 4455 cujus
1714 4347 1786 4426 vita

360 4481 418 4556 vel
448 4496 570 4558 morte
601 4508 678 4557 non
705 4481 819 4559 habet
843 4483 1130 4571 certitudinems
1170 4498 1208 4559 et
1234 4480 1453 4559 Audeberto
1482 4497 1704 4588 preceptore
1734 4477 1783 4554 de

340 4610 479 4697 ‘Cus0,
501 4611 565 4716 qui
592 4610 795 4699 detinetur,
823 4629 868 4689 ut
891 4612 1028 4704 credit,
1060 4612 1158 4718 apud
1184 4611 1401 4700 Niorcium;
1430 4628 1469 4689 et
1496 4609 1707 4689 Guillelmo
1737 4606 1784 4684 de

361 4740 490 4832 Blere,
511 4741 576 4846 qui
593 4740 784 4819 detinetur
796 4743 896 4850 apud
909 4743 1145 4850 Ceynonem,
1161 4739 1331 4819 iohanne
1345 4742 1392 4818 de
1407 4741 1543 4817 Sancto
1556 4737 1778 4822 Benedicta

361 4887 455 4948 teste
476 4896 587 4977 snpra
603 4871 829 4963 examinato,
858 4890 895 4950 et
913 4874 1083 4952 lobanne
1105 4874 1152 4952 de
1171 4874 1296 4951 linens
1320 4869 1504 4949 avunculo
1525 4869 1641 4976 ipsius
1659 4867 1782 4960 testis,
