4236 5948
351 545 425 616 sis
735 518 931 613 procus
957 536 1052 609 nus
1078 537 1378 610 rnurttnns.

351 684 498 759 mencio
511 709 640 785 supra,
659 677 751 756 dixit
763 706 830 783 per
833 679 1092 784 juramentum
1103 707 1213 754 suum
1225 680 1328 786 quod
1343 678 1458 755 nichil
1468 680 1547 756 scit.
1561 681 1774 786 Requisitus

350 831 477 889 utrum
490 811 537 902 vi,
554 810 610 887 vel
623 828 727 886 metu
735 809 892 886 carceris
906 808 964 886 vel
979 825 1268 898 tormentorum,
1284 809 1557 917 dixit‘aliquam
1575 809 1771 890 falsitatem

351 943 409 1020 vel
424 941 668 1028 immiscuerit
682 941 720 1015 in
737 940 977 1047 deposicione
991 969 1071 1029 sua,
1086 939 1179 1016 dixit
1193 969 1261 1045 per
1273 941 1529 1049 juramentum
1546 963 1655 1019 suum
1669 941 1773 1050 quod

351 1103 446 1163 non;
467 1076 583 1148 immo
600 1072 692 1148 dixit
710 1070 915 1151 veritatem.

405 1337 497 1409 ltem
523 1334 635 1411 lrater
659 1335 790 1409 Petrus
818 1333 865 1407 de
886 1330 1105 1409 Grumesnil
1124 1331 1355 1409 Belvaeensis
1377 1333 1552 1421 diocesis,
1573 1334 1767 1442 presbyter

349 1466 437 1542 dicti
452 1465 611 1552 ordinis,
629 1464 735 1541 etatis
754 1488 848 1541 xxvn
865 1490 1048 1539 annorum
1068 1462 1126 1573 tel
1142 1462 1299 1552 circiter,
1314 1463 1461 1569 juratus
1482 1464 1618 1541 eodem
1636 1467 1767 1553 modo,

348 1613 385 1673 et
404 1597 654 1704 iuterrogatus
673 1596 721 1671 de
736 1611 906 1699 tempore
923 1611 960 1670 et
979 1593 1092 1671 modo
1112 1621 1179 1671 sue
1200 1593 1445 1699 recepcionis,
1469 1595 1563 1670 dixit
1581 1623 1649 1700 per
1663 1597 1766 1704 jura-

347 1743 517 1802 mentum
532 1753 644 1802 suum
664 1725 769 1831 quod
783 1724 855 1799 luit
869 1742 1039 1828 receptus
1059 1725 1158 1828 apud
1179 1725 1437 1815 Sommerens,
1456 1725 1493 1799 in
1509 1725 1658 1800 instanti
1675 1726 1769 1801 sesto

345 1856 526 1962 Omnium
547 1856 766 1933 Sanctorum
787 1870 899 1929 erunt
913 1870 1077 1960 quatuor
1091 1855 1176 1928 anni
1189 1853 1247 1929 vel
1263 1854 1373 1942 circa,
1390 1871 1427 1930 et
1437 1853 1506 1931 luit
1522 1871 1692 1960 receptus
1701 1886 1769 1960 per

346 1987 497 2064 fratrem
508 1988 714 2064 Robertum
724 1986 772 2061 de
786 1987 923 2063 Sancto
942 1985 1176 2072 Pantaleone,
1186 1984 1425 2089 presentibus
1436 1985 1592 2062 domino
1602 1985 1767 2063 Auberto

346 2118 436 2195 dicti
453 2117 595 2194 ordinis
611 2116 845 2222 presbytero,
863 2132 900 2192 et
911 2115 1022 2191 fratre
1037 2113 1241 2192 Guillelmo
1260 2114 1307 2190 de
1320 2115 1654 2192 Montemorencio.
1670 2119 1768 2194 Dixit

345 2249 463 2332 eciam
474 2275 543 2354 per
549 2249 806 2354 juramentum
820 2275 931 2322 suum
941 2246 1056 2352 quod,
1066 2263 1150 2351 post
1166 2245 1299 2322 multas
1306 2246 1576 2352 promissiones
1585 2247 1633 2324 de
1643 2249 1769 2325 obser-

345 2377 476 2454 vandis
488 2378 633 2455 statutis
650 2376 739 2453 dicti
756 2376 897 2452 ordinis
915 2375 1042 2464 lactas,
1062 2376 1184 2453 dictus
1196 2376 1381 2481 recipiens
1393 2377 1560 2481 precepit
1575 2377 1647 2454 sibi
1667 2379 1769 2486 ‘quod

346 2509 577 2585 oscularetur
597 2535 683 2584 eum
699 2506 738 2582 in
759 2506 958 2595 umbilico,
978 2524 1015 2583 et
1029 2524 1157 2612 postea
1176 2506 1216 2582 in
1235 2535 1312 2584 ore.
1335 2507 1436 2584 Dixit
1455 2507 1572 2583 eciam
1591 2510 1684 2616 perj
1754 2557 1771 2568 -

344 2656 515 2716 mentum
535 2666 647 2716 suum
666 2637 771 2744 quod
787 2637 908 2714 dictus
924 2634 1107 2743 recipiens
1126 2638 1291 2715 ostendit
1310 2637 1380 2714 sibi
1401 2639 1768 2744 quiamdam'crucem

347 2797 476 2846 eneam
490 2770 528 2845 in
540 2797 613 2876 qua
628 2785 706 2845 erat
717 2796 851 2876 ymago
866 2767 982 2844 lhesu
992 2767 1130 2846 Christi
1144 2767 1326 2856 crucifixi,
1343 2786 1379 2845 et
1389 2769 1505 2873 peciit
1518 2768 1565 2845 ab
1580 2797 1625 2846 eo
1642 2779 1767 2847 utrum

345 2900 514 2977 crederet
529 2902 567 2976 in
582 2927 669 2977 eum
685 2899 792 3007 eujus
804 2926 938 3005 ymago
954 2915 1034 2975 erat
1045 2897 1116 2988 ibi,
1134 2898 1201 3004 qni
1216 2898 1411 3003 respondit
1426 2898 1531 3005 quod
1546 2900 1613 2985 sic,
1632 2917 1670 2976 et
1681 2918 1768 2977 tunc

344 3032 422 3137 ipse
445 3031 562 3109 dixit:
582 3030 740 3136 Oportet
759 3030 862 3135 quod
877 3045 921 3105 tu
940 3029 1100 3136 abneges
1119 3058 1208 3105 eum
1224 3045 1293 3105 ter.
1310 3030 1357 3103 Et
1373 3045 1463 3105 tunc
1483 3030 1560 3133 ipse
1578 3030 1769 3137 abnegavit

314 3214 318 3221 -
340 3180 410 3250 ter,
428 3179 467 3238 et
486 3162 588 3267 spuit
604 3158 720 3236 semel
736 3188 846 3265 supra
862 3186 1029 3248 crucem,
1048 3177 1085 3235 et
1099 3186 1164 3235 ore
1179 3157 1328 3234 t'antum
1346 3157 1477 3246 mod0,
1498 3177 1535 3234 et
1549 3187 1625 3236 non
1641 3160 1764 3236 corde.

342 3292 442 3369 Dixit
455 3291 572 3368 eciam
583 3319 650 3396 per
659 3290 916 3396 juramentum
933 3318 1044 3366 suum
1060 3288 1164 3396 quod
1179 3288 1300 3366 dictus
1315 3287 1498 3394 recipiens
1512 3291 1680 3395 precepit
1696 3291 1764 3367 sibi
1866 3354 1869 3361 .

343 3422 447 3526 quod
463 3422 619 3497 omnino
635 3419 838 3496 abstineret
850 3447 870 3494 a
882 3418 1117 3508 mulieribus,
1136 3437 1172 3496 et
1183 3420 1211 3495 si
1226 3418 1361 3524 aliquis
1376 3418 1476 3495 calor
1491 3419 1670 3496 naturalis
1687 3449 1766 3496 mo-

344 3569 564 3638 vereteum,
577 3550 682 3658 quod
699 3549 957 3628 commisceret
971 3577 1102 3626 secum
1115 3548 1291 3627 iratribus
1306 3550 1393 3626 suis.
1408 3550 1510 3626 Dixit
1523 3567 1648 3626 tamen
1663 3552 1765 3658 'quod

342 3709 535 3788 nunquam
550 3679 652 3769 fecit,
674 3707 747 3762 nec
762 3680 808 3757 ab
829 3709 873 3756 eo
894 3681 966 3756 luit
984 3682 1155 3786 petitum.
1172 3680 1273 3758 Dixit
1293 3682 1409 3756 eciam
1425 3709 1492 3786 per
1506 3681 1762 3788 juramentum

342 3841 454 3890 suum
462 3811 568 3919 quod
578 3812 624 3888 de
636 3814 755 3917 capite
769 3811 884 3888 nichil
900 3813 979 3888 scit.
996 3813 1209 3920 Requisitus
1221 3829 1349 3889 utrum
1361 3811 1410 3898 vi,
1423 3811 1484 3887 vel
1491 3828 1597 3888 metu
1612 3812 1765 3888 carceris

341 3941 399 4017 vel
417 3942 865 4031 tormentorum-dixerit
888 3942 1050 4049 aliquam
1066 3940 1262 4019 falsitatem
1281 3941 1340 4016 vel
1367 3943 1615 4018 immiscuerit
1640 3941 1680 4017 in
1700 3942 1765 4017 de'·

341 4072 531 4176 posicione
545 4103 627 4161 sua,
647 4069 739 4149 diiit
752 4102 821 4178 per
830 4073 1085 4180 juramentum
1105 4100 1216 4149 suum
1232 4073 1337 4179 quod
1352 4100 1446 4160 non,
1459 4073 1577 4148 immo
1593 4071 1687 4146 dixit
1701 4100 1762 4148 ve-

340 4203 500 4281 ritatem.
513 4204 753 4281 Presentibus
769 4204 926 4280 domino
938 4206 1049 4281 Petro
1065 4203 1115 4280 de¹
1127 4202 1281 4293 Blevon,
1302 4201 1412 4281 lratre
1434 4201 1601 4280 A‘modeo
1623 4201 1764 4279 ordinis

343 4334 466 4412 Sancti
491 4335 704 4442 Augustini,
730 4333 939 4411 bacbalario
959 4335 999 4410 in
1017 4333 1221 4440 theologia,
1256 4334 1381 4439 priore
1416 4333 1538 4413 Sancti
1564 4332 1763 4439 Augustini

341 4465 570 4556 Pariaieuais,
588 4465 761 4573 magistro
781 4464 952 4542 lohanne
966 4464 1013 4541 de
1035 4464 1228 4569 Crespeio,
1247 4465 1287 4539 P.
1309 4464 1552 4554 dePruneto,
1571 4462 1685 4540 sratre
1706 4464 1767 4542 Jo-

340 4594 466 4671 'hanne
487 4597 534 4672 de
559 4595 691 4673 Ruella
716 4596 858 4673 ordinis
880 4595 1172 4673 Predicatorum.

396 4857 489 4935 Item
512 4854 625 4934 srater
644 4857 810 4932 Thomas
830 4854 877 4932 de
902 4854 1031 4932 Breele
1055 4854 1250 4961 presbyter
1275 4855 1365 4932 dicti
1388 4855 1548 4943 ordinis,
1571 4856 1677 4930 etatis
1698 4880 1764 4931 xxx
