4236 5948
607 576 807 671 procus
833 597 930 670 ons
956 574 1259 669 rnupmms.
1604 528 1649 668 13
1701 598 1745 661 2·

218 742 410 822 debebant
428 738 602 833 confiteri
618 741 701 817 aliis
716 768 830 847 quam
844 739 1106 817 sacerdotibus
1121 737 1278 830 ordinis,
1294 739 1325 816 si
1342 762 1408 816 eos
1422 738 1563 818 babere
1581 766 1651 847 po-

216 892 347 954 terant.
367 873 603 952 Elemosinss
616 890 655 950 et
670 871 966 978 hospitalitatem
978 872 1068 948 lecit
1078 870 1221 948 etvidit
1233 869 1500 948 conuenienter
1514 872 1653 953 berlin

217 1008 396 1088 domibus
405 1005 551 1084 ordinis
564 1005 603 1082 iu
618 1005 760 1112 quibus
775 1002 863 1094 luit3
881 1004 948 1081 sed
965 1003 1182 1110 aliquando,
1196 1004 1350 1110 quando
1366 1032 1445 1081 non
1462 1005 1653 1083 habebant

215 1140 336 1230 unde‚‘
346 1137 683 1245 restringebantur.
700 1137 758 1213 De
771 1152 882 1214 nocte
898 1133 1117 1243 aliquando,
1132 1153 1288 1242 propter
1301 1137 1457 1245 negocia
1471 1165 1652 1216 occuren-

216 1272 280 1363 tia,
304 1288 343 1348 et
362 1271 452 1347 alias
466 1270 513 1346 de
540 1270 602 1346 die
628 1269 724 1347 clam
749 1294 882 1345 eorum
905 1267 1080 1375 capitulis
1098 1268 1339 1346 tenebuntur.
1362 1269 1479 1362 Quod
1494 1296 1653 1378 magnus

216 1404 391 1512 Magister
402 1432 489 1480 cum
504 1419 694 1481 conventu
720 1400 912 1480 statuisset
930 1399 1062 1478 luisset
1083 1417 1268 1479 servatum
1292 1401 1503 1489 mondino,
1522 1420 1651 1481 contra

218 1564 329 1645 quem
354 1562 458 1613 nunc
475 1536 632 1644 grandia
652 1533 838 1625 scandala,
861 1532 1025 1640 suspicio
1047 1550 1085 1611 et
1103 1532 1366 1611 infamia-sunt
1388 1552 1525 1628 exorta,
1543 1522 1652 1614 inde·

215 1670 302 1760 bite,
322 1687 366 1747 ut
386 1669 517 1747 credit.
538 1671 622 1747 Non
640 1668 834 1747 obtulerat
852 1696 893 1745 se
909 1668 957 1744 ad
976 1666 1254 1746 deffensionem
1274 1670 1430 1748 ordinis'.
1449 1716 1454 1725 ·

269 1801 487 1908 Requisitus
502 1800 533 1877 si
547 1799 600 1878 sic
617 1801 848 1906 deposuerat
866 1824 992 1907 prece,
1007 1776 1197 1907 precepto,
1219 1801 1373 1891 timore,
1397 1831 1539 1897 amore,
1563 1805 1652 1883 odio

214 1933 270 2010 vel
290 1932 454 2010 comodo
473 1931 677 2038 temporali
697 1931 829 2010 habito
848 1931 908 2009 vel
923 1929 1114 2021 habendo,
1132 1933 1329 2040 respondit
1343 1933 1450 2041 quod
1471 1960 1560 2026 non,
1584 1936 1653 2014 sed

215 2094 281 2172 pro
306 2063 462 2142 veritate
482 2064 660 2156 dicenda3
686 2070 748 2142 cui
772 2063 846 2141 fuit
872 2063 1089 2172 injunctum
1113 2065 1219 2170 quod
1242 2092 1322 2143 non
1345 2066 1530 2144 revelaret
1554 2068 1651 2145 bane

216 2226 319 2274 suam
341 2196 627 2305 deposicionem
647 2225 850 2305 quousque
871 2196 1138 2277 attestationes
1151 2196 1294 2275 suerint
1311 2198 1513 2307 publicato.
1574 2239 1576 2242 ⁴

269 2463 400 2538 Frater
430 2463 598 2540 Thomas
625 2462 673 2538 de
695 2462 910 2570 Panpalona
937 2461 1113 2553 serviens,
1142 2479 1343 2571 preceptor
1357 2464 1572 2543 domorum
1601 2465 1651 2542 de

168 2588 175 2602 '
217 2591 379 2701 Averyns
396 2592 435 2670 iu
455 2593 935 2699 NavarraPampalonensis
950 2609 989 2670 et
1005 2593 1053 2671 de
1074 2591 1168 2669 Riba
1186 2594 1330 2671 Forada
1345 2594 1652 2674 Terrassone'nsis

217 2724 442 2818 diocessum,
459 2742 497 2802 et
512 2754 627 2831 supra
634 2725 803 2833 juratus,
819 2720 1046 2802 mantellum
1063 2726 1208 2802 ordinis
1222 2742 1260 2802 et
1273 2727 1429 2803 barbam
1443 2728 1647 2822 defferens,

217 2884 300 2933 cum
321 2883 400 2964 quo
419 2856 644 2964 inquisitum
662 2854 796 2947 luerat,
815 2853 1011 2932 absolutus
1030 2871 1068 2931 et
1083 2854 1348 2932 reconciliatus
1362 2885 1431 2962 per
1449 2859 1651 2935 dominum

218 2989 433 3095 episcopum
450 2989 745 3080 llantonensem‚
769 2985 1032 3095 sexagenarius
1051 2985 1110 3062 vel
1132 2985 1238 3075 circa,
1261 2984 1369 3063 lectis
1390 3004 1428 3064 et
1447 2987 1651 3096 diligenter

218 3120 391 3228 expositis
410 3120 481 3198 sibi
497 3120 678 3198 omnibus
698 3137 736 3196 et
755 3118 915 3228 singulis
934 3116 1115 3208 articulis,
1137 3117 1336 3224 respondit
1355 3146 1396 3196 se
1414 3120 1559 3198 nescire
1580 3150 1651 3200 nec

218 3252 400 3331 audivisse
425 3253 518 3343 dici,
545 3281 617 3331 neo
636 3253 791 3330 credere
814 3250 862 3329 de
884 3249 1073 3328 contentis
1095 3248 1135 3326 in
1161 3248 1216 3326 eis
1242 3249 1314 3328 nisi
1340 3252 1446 3358 quod
1464 3253 1648 3362 sequitur.

217 3385 402 3464 Videlicet
425 3414 464 3463 se
484 3413 681 3493 nunquam
698 3384 853 3473 vidisse,
875 3410 946 3461 nec
962 3381 1128 3475 scivisse,
1155 3409 1226 3458 nec
1245 3382 1431 3462 audivisse
1460 3386 1551 3477 dici,
1578 3388 1650 3465 nisi

217 3535 414 3626 postquam
448 3517 521 3595 luit
559 3534 704 3626 captus,
738 3517 847 3624 quod
879 3517 919 3593 in
959 3513 1248 3622 receptionibus
1284 3515 1443 3595 fratrum
1470 3519 1530 3596 vel
1566 3531 1652 3627 post

218 3649 352 3729 fierent
391 3649 684 3759 abnegaciones‚
726 3648 1090 3757 dogmatizeciones‚
1127 3645 1312 3754 vituperia
1345 3649 1489 3738 crucis,
1525 3652 1651 3729 oscula

217 3780 434 3876 inhonesta,
474 3783 619 3861 crimen
652 3781 921 3859 sodomiticum
955 3809 1026 3857 nec
1063 3778 1133 3858 alia
1171 3780 1373 3859 inhonesta
1408 3783 1447 3857 in
1485 3783 1652 3863 articulis

219 3932 402 3991 contenta.
433 3915 655 4024 Supradicta
680 3913 877 4021 deponens
901 3941 988 3992 cum
1014 3912 1288 4018 imprecatione
1314 3912 1591 4023 maledictionis
1616 3933 1655 3993 et

220 4045 499 4154 dampnaciouis
520 4047 644 4124 anime
662 4075 728 4124 sue
743 4063 781 4123 et
796 4045 976 4153 corporis,
993 4061 1031 4123 et
1049 4047 1122 4124 sub
1133 4046 1271 4123 virtute
1283 4046 1489 4153 juramenti
1505 4029 1653 4151 prestiti

220 4208 284 4284 per
308 4179 501 4271 eumdem,
524 4197 562 4256 et
586 4179 693 4286 quod
717 4179 836 4256 eciam
857 4177 1050 4255 nesciebat
1072 4177 1165 4255 alios
1187 4204 1333 4254 errores
1354 4205 1434 4254 esse
1455 4174 1495 4252 in
1517 4176 1652 4254 ordine

220 4311 445 4417 supradicto.
462 4311 563 4390 Dixit
572 4329 702 4388 tamen
721 4309 844 4419 quod,
862 4307 1002 4386 obvim
1017 4309 1228 4387 multorum
1246 4314 1527 4386 tormentorum
1546 4307 1654 4414 prius

219 4440 409 4522 illatorum
436 4444 562 4521 eidem
588 4444 689 4551 apud
714 4459 885 4520 sanctum
904 4441 1118 4519 lohannem
1144 4439 1477 4548 Angeliacensem‚
1509 4439 1653 4519 conles-

220 4603 279 4654 sus
293 4575 368 4653 luit
383 4593 471 4682 post
486 4575 585 4654 dicta
605 4591 810 4664 tormenta,
833 4602 959 4652 coram
975 4572 1051 4651 illis
1073 4572 1140 4682 qui
1160 4571 1391 4681 torquebant
1408 4591 1522 4666 eum,
1549 4572 1654 4682 quod

219 4707 394 4785 credebat
418 4707 696 4786 confessionem
721 4735 791 4816 per
810 4734 991 4816 magnum
1011 4705 1233 4818 Magistrum
1253 4702 1388 4782 factam
1409 4715 1650 4796 esse‘veram

96 4940 102 4947 .
220 4855 255 4915 et
273 4839 380 4948 quod
401 4839 434 4917 ei
456 4840 681 4931 adherebat3
704 4858 847 4949 etpost
871 4866 1052 4951 magnum
1073 4854 1225 4946 tempus
1250 4836 1433 4946 elapsum,
1456 4867 1542 4914 cum
1563 4865 1653 4917 con·

220 4969 325 5052 tinue
345 4972 509 5053 stetisset
529 4974 570 5051 in
591 4973 688 5053 duro
707 5000 866 5066 carcere,
890 5001 961 5054 neo
981 4971 1289 5053 ministrarentur
1303 4949 1376 5051 sibi
1396 4970 1471 5050 nisi·
1487 4969 1595 5077 panis
1615 4986 1654 5046 et

1665 424 1711 473 ..ις
