4236 5948
265 582 274 591 .
345 520 392 593 5l
735 500 927 593 Procas
953 520 1047 591 ons
1074 520 1375 592 inuramus.

344 662 497 739 naretin
513 688 608 768 pane
623 677 660 737 et
675 688 771 766 aqua
787 660 897 737 sertis
907 658 1010 737 feriis
1026 689 1046 735 a
1062 661 1237 736 Paschate
1250 680 1369 766 usque
1385 660 1643 750 Pentecosten,
1657 663 1761 769 quod

342 810 379 867 et
396 791 494 869 fecit.
511 791 595 870 Alia
614 792 812 868 inhonesta
824 818 901 867 non
917 790 1202 867 intervenerunt
1220 790 1259 865 in
1280 791 1500 895 receptione
1517 820 1583 869 sua
1597 793 1765 898 predicta

343 952 410 999 nec
446 939 547 1027 post,
577 940 614 999 et
639 915 759 999 credit
788 922 894 1028 quod
925 921 1178 998 communiter
1206 920 1372 1026 predicta
1405 921 1534 999 illicita
1564 923 1768 999 interveni-¹

343 1070 426 1129 rent
444 1054 482 1127 in
498 1053 782 1158 receptionibus
797 1049 1030 1128 aliorumvel
1051 1067 1147 1157 post.
1170 1051 1277 1141 Item,
1301 1051 1394 1126 dixit
1415 1078 1453 1127 se
1475 1052 1628 1130 credere
1648 1053 1768 1131 eccle-

342 1184 495 1260 siasticis
510 1183 768 1273 sacramentis,
791 1199 828 1259 et
846 1183 952 1287 quod
966 1181 1029 1257 alii
1050 1179 1180 1258 fratres
1195 1173 1341 1258 ordinis
1353 1181 1488 1258 eodem
1505 1184 1621 1261 modo
1637 1184 1767 1263 crede-

343 1331 443 1407 rent,
470 1331 506 1390 et
525 1314 631 1420 quod
643 1340 779 1390 eorum
791 1310 1003 1389 sacerdotes
1018 1311 1150 1412 debite
1167 1309 1412 1388 celebrarent.
1435 1311 1474 1389 Si
1494 1314 1579 1419 quis
1598 1314 1767 1393 exivisset

342 1443 515 1520 ordinem
530 1462 616 1550 post
632 1444 908 1549 recepcionem‚
933 1443 1065 1519 luisset
1084 1442 1443 1530 excommunicatus,
1461 1460 1504 1519 ut
1518 1443 1764 1523 audivit-dici.

342 1572 583 1650 Clandestine
608 1553 897 1679 recipiebantur,
918 1573 1035 1650 nullis
1053 1571 1294 1679 presentibus
1313 1574 1384 1650 nisi
1404 1573 1584 1652 fratribus
1603 1576 1763 1664 ordinis,

342 1705 393 1779 ita
411 1705 516 1807 quod
533 1702 601 1781 filii
621 1703 739 1808 ipsius
757 1704 885 1791 testis,
907 1730 1004 1808 quos
1024 1703 1208 1779 habuerat
1228 1703 1267 1777 in
1289 1703 1417 1780 seculo
1433 1768 1441 1796 ,
1456 1732 1539 1781 non
1561 1723 1767 1810 potuerunt

340 1833 636 1939 suerecepcioni
661 1833 873 1919 adesseaex
893 1834 1033 1939 quibus
1054 1833 1174 1909 credit
1193 1833 1298 1939 quod
1325 1851 1421 1911 esset
1446 1835 1610 1941 suspicio
1625 1855 1766 1913 contra

344 1962 609 2041 eos.Cordulis
622 1963 723 2039 unde
736 1963 1119 2071 volebantassumptis
1132 1963 1765 2070 cingebantursupercamisiascum

341 2093 482 2198 quibus
489 2092 675 2201 jacebant.
687 2089 840 2170 Audivit
859 2094 932 2171 dici
947 2095 1050 2200 quod
1060 2094 1202 2200 absque
1222 2093 1377 2171 licencia
1402 2122 1478 2173 non
1499 2112 1672 2202 poterant
1693 2096 1766 2193 nisi

344 2224 600 2302 sacerdotibus
622 2225 767 2301 ordinis
787 2224 957 2302 confiteri
968 2251 979 2313 ·,
1009 2224 1077 2301 sed
1099 2225 1170 2302 sibi
1197 2223 1363 2302 nonfuit
1385 2226 1603 2303 inhibitum.
1622 2227 1768 2304 Fratres

345 2355 488 2431 ordinis
500 2355 660 2439 scientes
676 2381 823 2432 errores
837 2354 994 2433 suerunt
1007 2355 1240 2461 negligentes
1250 2356 1341 2462 quia
1354 2383 1432 2433 non
1448 2372 1691 2433 correxerunt
1703 2384 1768 2434 eos

344 2511 414 2560 nec
424 2485 745 2561 denunciaverunt
755 2486 934 2563 Ecclesie.
955 2480 1189 2562 Elem'osinas
1209 2501 1247 2561 et
1260 2485 1552 2591 hospitalitatem
1571 2485 1665 2562 vidit
1678 2516 1768 2564 con-

342 2615 536 2691 venienter
557 2614 640 2692 fieri
659 2633 700 2691 et
718 2614 852 2693 servari
876 2617 913 2692 in
938 2615 1113 2693 domibus
1135 2614 1281 2693 ordinis
1300 2616 1339 2691 in
1366 2616 1505 2722 quibus
1525 2616 1645 2694 extitit
1663 2644 1768 2694 eom·

345 2762 510 2822 moratus
524 2722 616 2823 ‘ante
632 2748 839 2854 ingressum
863 2763 901 2822 et
919 2763 1015 2852 post.
1034 2745 1187 2825 Audivit
1208 2746 1281 2821 dici
1298 2747 1402 2851 qnod
1418 2774 1551 2824 eorum
1568 2747 1765 2853 capitolia,

338 2877 464 2981 januis
484 2876 776 2967 clausisnultis
791 2876 1029 2982 presentibus
1046 2877 1117 2952 nisi
1144 2876 1323 2953 fratribus
1343 2877 1504 2966 ordinis,
1525 2876 1765 2954 tenebantur.

343 3007 526 3085 Ordinato
539 3037 607 3113 per
625 3009 845 3114 Magistrum
866 3035 953 3083 cum
975 3023 1162 3083 conventu
1181 3023 1361 3082 servasset
1375 3022 1480 3084 totus
1501 3007 1614 3095 ordo,
1639 3024 1768 3084 contra

342 3166 458 3242 quem
482 3166 584 3214 nunc
602 3136 758 3244 grandia
777 3136 967 3222 scandala,
985 3136 1149 3241 suspicio
1170 3152 1209 3211 et
1230 3134 1383 3212 infamia
1403 3155 1492 3213 sunt
1510 3151 1646 3213 exorta.
1667 3135 1768 3214 Con-

343 3266 474 3343 sessata
505 3295 575 3371 per
606 3294 694 3343 eum
717 3266 836 3341 credit
864 3267 970 3370 quod
996 3283 1101 3343 erant
1129 3283 1219 3342 nota
1243 3265 1420 3345 fratribus
1450 3266 1615 3353 ordinis,
1638 3282 1769 3343 contra

344 3423 459 3499 quem
490 3424 647 3504 magnus
676 3395 852 3502 Magister
879 3411 916 3471 et
944 3395 1007 3472 alii
1035 3396 1215 3473 dicuntur
1233 3396 1359 3503 aliqua
1382 3395 1496 3472 luisse
1523 3393 1768 3480 confessiaad

343 3526 450 3630 cujus
464 3524 740 3617 deffensionem
759 3554 798 3602 se
815 3552 891 3603 non
908 3525 1109 3604 obtulerat.
1126 3529 1201 3604 Nec
1222 3528 1275 3603 sic
1294 3528 1517 3634 deposuerat
1534 3554 1663 3633 prece,
1684 3554 1769 3633 pre-

341 3673 463 3762 cepto,
476 3656 625 3745 timore,
635 3685 774 3746 amore,
786 3658 877 3734 odio
891 3658 949 3733 vel
965 3658 1127 3737 comodo
1143 3659 1342 3764 temporali
1360 3657 1489 3735 habito
1502 3656 1561 3734 vel
1577 3657 1768 3749 habendo,

344 3788 411 3864 sed
425 3816 494 3893 pro
508 3788 660 3865 veritate
682 3788 861 3879 dicenda,
884 3805 927 3865 ut
946 3789 1049 3865 dixit.
1065 3789 1137 3868 Cui
1157 3787 1228 3867 suit
1247 3791 1459 3897 injunctum
1480 3788 1584 3896 quod
1605 3817 1683 3867 non
1707 3817 1770 3865 re-

344 3918 482 3995 velaret
501 3919 597 3995 hanc
615 3948 721 3998 suam
738 3918 1035 4024 deposicionem,
1050 3934 1252 4025 quousque
1269 3920 1528 3997 attestaciones
1543 3917 1685 3995 fuerint
1696 3946 1770 4023 pu·

343 4046 490 4126 blicate.

385 4311 528 4386 'Frater
541 4311 755 4417 Stephanus
777 4304 823 4385 de
841 4307 969 4387 Brolio
989 4307 1279 4387 Cathalanensis·
1287 4307 1446 4386 diocesis
1467 4308 1647 4400 serviens,
1663 4308 1772 4386 testi‘s

343 4466 453 4543 snpra
467 4443 630 4548 juratus,
659 4440 917 4546 sexagenarius
934 4439 994 4516 vel
1019 4440 1129 4527 circa,
1155 4439 1430 4546 agricola,‹non
1456 4438 1645 4516 defferens
1665 4465 1773 4515 man-

344 4570 479 4646 tellum
500 4572 643 4648 ordinis
663 4560 750 4678 quia
769 4570 978 4648 voluntarie
999 4572 1123 4676 ipsum
1143 4571 1353 4658 dimiserat,
1381 4587 1418 4646 et
1437 4570 1517 4647 radi
1538 4569 1679 4647 lecerat
1698 4568 1771 4647 sibi

346 4694 515 4788 barbam,
538 4730 623 4778 curn
645 4730 723 4807 quo
744 4702 904 4780 Senonis
927 4701 1151 4807 inquisitum
1172 4698 1310 4789 fuerat,
1329 4700 1525 4778 absolutus
1544 4717 1582 4776 et
1604 4701 1771 4776 reconci-

346 4828 457 4906 liatus
479 4858 546 4935 per
568 4829 766 4907 dominum
791 4833 1006 4937 episcopum
1031 4831 1357 4918 Aurelianensem,
1386 4830 1492 4907 lectis
1511 4847 1549 4906 et
1569 4829 1770 4936 diligenter
