4236 5948
348 535 421 611 392
734 517 929 609 Pnoons
955 534 1050 607 ons
1077 536 1373 609 reuertens.

402 681 493 755 ltem
514 675 624 753 frater
640 678 859 755 Lambertus
871 677 1104 782 Flamingus‚
1127 677 1232 753 etatis
1255 676 1486 785 septuaginta
1501 702 1707 766 annorum,
1724 692 1769 752 ut

347 809 509 896 dicebat,
534 809 669 885 eodem
689 807 801 884 modo
822 807 1058 898 constitutus,
1076 807 1221 913 juratus
1247 824 1283 885 et
1307 807 1568 913 interrogatus,
1590 804 1774 912 dixitper

340 943 593 1048 juramentum
605 965 714 1014 suum
728 938 831 1044 quod
850 937 921 1014 luit
936 954 1106 1043 receptus
1125 940 1226 1044 apud
1246 939 1370 1015 Tonni
1391 965 1508 1045 prope
1524 937 1683 1013 Pontem
1700 934 1770 1013 Ar-

346 1071 470 1146 vemie
483 1131 491 1159 ,
505 1071 543 1145 in
559 1069 711 1145 instanti
723 1068 817 1146 sesto
830 1069 1032 1147 Nativitatis
1044 1069 1194 1146 Domini
1208 1085 1319 1146 erunt
1329 1068 1480 1175 triginta
1490 1067 1567 1143 duo
1578 1067 1684 1156 anni,
1700 1094 1769 1174 per

346 1198 492 1275 fratrem
526 1199 677 1275 Petrum
708 1181 963 1274 Normannum
997 1217 1270 1305 preceptorem·
1290 1197 1452 1275 baillivie
1487 1183 1765 1285 Lauronensia,

345 1330 578 1432 presentibus
592 1328 766 1405 fratribus
784 1329 952 1405 Johanne
970 1329 1017 1405 de
1039 1330 1174 1406 Sancto
1189 1327 1351 1417 Albano,
1368 1328 1434 1435 qui
1450 1327 1571 1405 suerat
1591 1326 1770 1434 magister

344 1459 521 1565 passagii,
546 1459 713 1536 Johanno
739 1460 786 1535 de
807 1461 912 1537 Braie
931 1477 967 1536 et
986 1460 1214 1566 quibusdam
1234 1458 1316 1537 aliis
1338 1458 1509 1536 fratribus
1529 1458 1577 1535 de
1599 1484 1765 1564 quorum

345 1590 559 1667 nominibus
575 1617 649 1665 non
661 1588 804 1666 recolit.
820 1590 919 1667 Dixit
938 1589 1054 1666 eciam
1070 1618 1138 1694 per
1145 1588 1404 1696 juramentum
1417 1616 1530 1666 suum
1545 1586 1670 1694 quod,
1681 1603 1768 1692 post

344 1719 479 1796 multas
495 1720 762 1825 promissiones
777 1721 824 1798 ab
841 1748 886 1797 eo
899 1719 1010 1797 lactas
1031 1720 1077 1796 de
1097 1720 1244 1798 statutis
1260 1736 1298 1796 et
1310 1719 1461 1796 secretis
1480 1717 1624 1795 ordinis
1639 1715 1768 1795 obser-

343 1849 485 1938 vandis,
504 1867 542 1925 et
561 1849 738 1926 mantello
759 1849 828 1927 sibi
849 1850 897 1926 ad
915 1849 1053 1926 collum
1071 1851 1211 1956 posito,
1232 1851 1354 1927 dictus
1376 1850 1559 1954 recipiens
1586 1847 1767 1953 asportavit

240 2064 244 2070 ¹
344 1980 414 2057 sihi
430 1981 630 2087 quamdam
652 2009 800 2056 crucem
823 1980 975 2084 pictam,
1001 1997 1038 2056 et
1058 1981 1225 2087 precepit
1246 1980 1317 2057 sibi
1342 1980 1380 2055 in
1399 1980 1590 2086 presencia
1605 1978 1765 2054 aliorum

344 2110 498 2187 fratrum
519 2111 623 2216 quod
639 2110 794 2187 lbesum
812 2110 1005 2187 Christum
1025 2110 1239 2218 abnegaret,
1258 2128 1294 2189 et
1309 2127 1460 2218 spueret
1472 2138 1582 2216 supra
1598 2137 1764 2195 crucema

346 2258 381 2316 et
392 2258 498 2332 tunc,
513 2241 744 2345 deprecepto
759 2240 848 2316 dicti
863 2241 1094 2345 recipientis,
1111 2242 1268 2317 Jhesum
1283 2241 1474 2320 Christum
1487 2240 1680 2345 abnegavit
1694 2257 1764 2331 ter,

345 2387 383 2446 et
394 2388 462 2458 ter,
479 2368 622 2477 fingens
642 2400 776 2475 spuere
793 2399 902 2475 supra
922 2398 1087 2459 crucem,
1111 2371 1211 2475 spuit
1226 2371 1273 2447 ad
1290 2388 1440 2448 terram.

400 2501 493 2576 Item
511 2499 602 2576 dixit
620 2528 689 2606 per
705 2500 961 2607 juramentum
988 2529 1098 2576 suum
1124 2501 1229 2606 quod
1249 2500 1372 2577 dictus
1396 2500 1580 2607 recipiens
1597 2500 1766 2607 precepit

344 2629 414 2706 sibi
442 2629 545 2736 quod
572 2629 802 2706 oscularetur
829 2658 917 2706 eum
948 2630 987 2704 in
1013 2629 1089 2705 fine
1104 2629 1209 2734 spine
1240 2630 1357 2722 dorsi,
1386 2631 1424 2706 in
1453 2630 1635 2709 umbilico
1665 2631 1766 2706 etin

343 2787 426 2849 ore3
454 2776 492 2836 et
517 2761 595 2865 ipse
615 2759 720 2835 finxit
747 2759 868 2864 ipsum
890 2759 1049 2837 osculari
1075 2757 1144 2848 ibi,
1166 2760 1233 2837 sed
1256 2788 1333 2839 non
1359 2761 1482 2867 tetigit
1507 2789 1594 2838 eum
1624 2760 1696 2837 nisi
1727 2761 1767 2836 in

343 2917 419 2966 ore.
438 2890 541 2967 Dixit
561 2889 677 2965 eciam
702 2918 768 2994 per
783 2889 1043 2995 juramentum
1066 2917 1177 2965 sunm
1197 2890 1302 2996 quod
1325 2891 1364 2966 in
1385 2890 1584 2968 emissione
1605 2892 1681 2968 voti
1707 2920 1768 2968 cs-

342 3021 473 3097 stitatis
493 3020 577 3097 data
596 3018 667 3097 fuit
683 3020 752 3096 sibi
773 3020 927 3099 licencia
947 3020 1139 3097 habitandi
1163 3022 1359 3099 carnaliter
1377 3050 1462 3100 cum
1481 3021 1659 3099 fratribus
1674 3021 1764 3098 dicti

342 3151 496 3229 ordinis.

383 3283 646 3387 lnterrogatus
662 3298 789 3358 utrum
803 3283 854 3372 vi,
871 3281 929 3359 vel
945 3298 1050 3359 metu
1065 3299 1341 3360 tormentorum
1354 3282 1411 3359 vel
1426 3284 1596 3370 carceris,
1615 3298 1681 3358 aut
1693 3283 1763 3359 alia

341 3438 578 3515 quacumque
601 3410 647 3486 de
668 3440 793 3500 causa,
824 3410 863 3486 in
882 3441 947 3488 sua
968 3411 1206 3516 deposicione
1226 3412 1388 3519 aliquam
1405 3412 1539 3489 dixerit
1556 3429 1622 3488 aut
1646 3413 1768 3489 immi·

342 3541 478 3615 scuerit
497 3539 706 3628 falsitatem,
733 3541 825 3617 dixit
844 3570 910 3649 per
923 3542 1181 3648 juramentum
1198 3573 1307 3621 suum
1322 3543 1427 3649 quod
1441 3571 1537 3633 non3
1553 3543 1673 3620 immo
1685 3571 1767 3650 pu-

341 3686 420 3743 ram
454 3686 491 3744 et
517 3697 658 3744 meram
681 3670 821 3747 dixerat
848 3672 1054 3749 veritatem
1085 3671 1173 3750 Acta
1204 3649 1290 3750 sunt
1315 3673 1385 3749 hec
1414 3700 1526 3761 anno,
1553 3672 1766 3761 indicione,

342 3826 470 3874 mense
487 3799 697 3876 novembris
713 3801 897 3907 predicto,
916 3802 994 3891 die,
1011 3803 1094 3880 loco
1111 3821 1149 3879 et
1163 3802 1381 3908 pontificatu
1396 3803 1588 3911 predictis,
1607 3830 1764 3908 presen-

340 3929 440 4006 tibus
452 3928 628 4006 sratribus
644 3931 824 4009 Michaele
836 3932 883 4009 de
896 3931 1078 4023 Bonellis‚
1091 3933 1229 4013 Karolo
1244 3934 1467 4012 Ymbemioo
1479 3951 1517 4010 et
1530 3936 1640 4012 Petro
1654 3936 1765 4010 Lan·
1797 3974 1801 3985 ·

341 4059 435 4136 berti
450 4061 593 4137 ordinis
608 4061 905 4153 Predicatorum‚
922 4093 964 4139 ac
978 4062 1182 4142 Guillelmo
1196 4063 1242 4141 de
1256 4063 1431 4172 Choques
1448 4065 1526 4141 cive
1543 4065 1757 4153 Parisiensi‚

339 4190 496 4267 testibus
512 4191 559 4268 ad
573 4193 752 4297 premissa
766 4194 901 4270 roratis
917 4193 1123 4300 specialiter
1141 4212 1178 4271 et
1190 4195 1340 4303 rogatis.

395 4453 440 4528 Et
449 4481 516 4559 ego
528 4453 689 4531 Amisius
705 4456 750 4531 de
761 4454 961 4533 Aureliano
974 4457 1137 4534 dictusle
1148 4456 1257 4547 Ratis,
1274 4456 1444 4544 clericus,
1457 4456 1764 4533 sacrosanctello-

340 4609 448 4658 mane
463 4583 624 4662 Ecclesia
645 4588 862 4664 auctoritate
877 4588 1042 4665 notarius
1057 4588 1249 4695 publicus,
1267 4586 1441 4664 omnibus
1453 4605 1490 4664 et
1503 4585 1658 4694 singulis
1675 4612 1765 4662 con·

340 4713 453 4790 tentis
465 4714 504 4789 in
520 4715 588 4791 hac
604 4732 641 4792 et
655 4719 943 4823 precedentibus
959 4720 1072 4825 peciis
1090 4720 1262 4796 similiter
1275 4718 1367 4796 sutis
1378 4718 1484 4828 signo
1492 4745 1580 4796 meo
1589 4717 1759 4822 signatis,

340 4871 412 4920 una
433 4873 518 4919 cnm
531 4847 676 4952 scriptis
696 4849 853 4926 testibus
874 4867 909 4925 et
929 4850 1088 4954 publicis
1102 4851 1256 4929 notariis
1269 4877 1425 4957 presens
1444 4847 1614 4936 interfui,
1640 4875 1698 4937 ao,
1717 4848 1764 4925 de
