4236 5948
724 518 921 612 rnocts
950 537 1044 608 nus
1071 537 1371 609 ratramnus.
1690 543 1754 611 101

341 698 521 761 servatum
542 677 674 754 fuisset
700 679 804 785 quod
833 706 989 784 magnus
1014 678 1189 785 Magister
1212 707 1298 754 cum
1324 695 1509 753 conventu
1539 678 1758 756 ordinasset.

340 812 467 892 Credit
484 809 589 917 quod
611 838 756 885 errores
779 809 1005 885 confessatos
1027 837 1095 913 per
1117 836 1205 885 eum
1225 809 1339 914 longo
1364 826 1552 913 tempore,
1569 809 1689 884 nescit
1706 827 1762 885 ta-

342 972 427 1020 men
446 958 602 1047 quanto,
615 940 653 1015 in
667 940 800 1016 ordine
816 941 980 1028 durasse,
999 956 1036 1014 et
1050 937 1226 1016 fratribus
1242 939 1386 1015 ordinis
1401 937 1617 1014 manifestos
1629 937 1759 1030 luisse,

343 1092 377 1152 et
395 1071 501 1179 quod
532 1098 617 1146 vera
652 1087 834 1176 suntque
855 1097 1011 1175 magnus
1034 1070 1208 1176 Magister
1237 1086 1275 1145 et
1301 1068 1362 1144 alii
1392 1069 1429 1144 in
1458 1068 1595 1144 licteris
1615 1087 1763 1175 aposto-

342 1204 418 1281 licis
439 1201 624 1279 nominati
665 1201 843 1278 dicuntur
879 1199 992 1276 luisse
1028 1200 1185 1277 confessi
1223 1201 1270 1277 de
1303 1200 1493 1277 erroribus
1526 1201 1759 1305 supradictis.

342 1336 451 1423 ltem,
473 1333 567 1408 dixit
581 1360 621 1408 se
640 1330 752 1408 fuisse
769 1328 982 1407 consessum
998 1331 1045 1406 de
1060 1331 1239 1436 predictis
1255 1331 1446 1407 erroribus
1464 1329 1679 1409 confessatis
1694 1361 1763 1437 per

344 1492 428 1541 eum
451 1462 553 1538 l'ratri
583 1461 821 1539 Guischardo·
845 1461 892 1537 de
913 1461 1049 1538 Sancto
1071 1462 1291 1549 Saturnino,
1313 1462 1505 1566 quondam
1527 1461 1670 1537 ordinis
1690 1462 1762 1537 Mi-

343 1621 475 1670 norum
508 1591 743 1667 conventuali
773 1609 864 1667 tunc
891 1592 937 1667 de
962 1591 1058 1667 Caro
1084 1593 1177 1667 Leto
1204 1590 1488 1667 Matisconensis
1516 1591 1691 1680 diocesis,
1723 1594 1760 1666 in

344 1722 493 1800 ecclesia
511 1739 635 1798 sancte
655 1722 760 1797 Fidis
780 1723 967 1798 Eduensis
989 1721 1162 1810 diocesis,
1184 1719 1277 1796 infra
1301 1722 1398 1797 duos
1423 1750 1571 1798 menses
1592 1739 1677 1827 post
1697 1721 1762 1798 ab·

344 1852 582 1960 negacionem
605 1867 643 1927 et
662 1852 895 1957 spuicionem
916 1879 984 1957 per
1003 1879 1090 1926 eum
1113 1850 1241 1938 lactas,
1258 1880 1276 1925 a
1293 1880 1369 1956 quo
1392 1850 1586 1928 absolutus
1605 1853 1758 1943 exstitit,

343 2000 378 2059 et
392 1983 575 2090 jejunavit
590 2000 707 2060 sextas
726 1982 835 2059 serias
852 2010 1091 2088 perannum,
1109 1983 1204 2057 sicut
1223 1982 1403 2087 imposuit
1424 1985 1468 2058 ei.

395 2112 612 2218 Requisitus
629 2113 659 2189 si
684 2113 735 2189 sic
759 2112 936 2218 deposuit
955 2141 1081 2218 prece,
1099 2130 1292 2218 precepto,
1309 2113 1463 2205 timore,
1488 2143 1633 2200 amore,
1654 2115 1759 2204 odio,

342 2242 397 2318 vel
422 2242 621 2347 temporali
655 2244 816 2320 comodo
849 2241 977 2318 habito
1006 2241 1062 2317 vel
1094 2241 1286 2333 habendo,
1314 2243 1509 2348 respondit
1538 2245 1642 2350 quod
1668 2273 1761 2333 non,

342 2373 404 2448 sed
434 2400 504 2477 pro
527 2372 681 2448 veritate
712 2372 888 2460 dicenda;
913 2389 950 2448 et
973 2400 1049 2449 non
1068 2372 1257 2449 obtulerat
1279 2402 1318 2449 se
1339 2373 1386 2448 ad
1406 2373 1680 2450 deffensionem
1704 2403 1764 2450 or-

343 2501 455 2590 dinis,
478 2520 515 2579 et
533 2501 605 2578 luit
628 2519 855 2607 protestatus
876 2520 961 2578 ante
984 2503 1263 2608 deposicionem
1285 2532 1390 2581 suam
1413 2504 1517 2610 quod
1540 2532 1615 2580 non
1639 2505 1762 2580 inten-

345 2631 456 2709 debat
469 2633 647 2709 recedere
667 2661 686 2707 a
703 2633 943 2738 deposicione
963 2662 1031 2738 per
1051 2662 1139 2709 eum
1158 2633 1250 2709 facta
1271 2662 1393 2710 coram
1416 2634 1518 2710 dicto
1540 2634 1696 2711 domino
1713 2664 1766 2709 ar-

344 2893 436 2968 bane
456 2918 563 2970 suam
586 2893 882 2997 deposicionem,
905 2921 1104 2999 quousque
1124 2894 1382 2969 attestaciones
1403 2893 1543 2969 luerint
1559 2893 1761 2998 publicato.

396 3158 528 3231 Frater
544 3155 841 3233 Bartholomaeus
862 3155 909 3232 de
928 3156 1046 3233 Podio
1069 3156 1208 3233 Revelli
1241 3157 1404 3234 serviens
1433 3157 1681 3265 carrugerius,
1705 3159 1763 3232 Pi-

345 3287 521 3363 ctavensis
542 3285 716 3374 diocesis,
741 3287 846 3363 testis
876 3315 987 3392 supra
1013 3286 1185 3392 juratus,
1213 3287 1529 3394 quadragenarius
1559 3287 1618 3363 vel
1653 3289 1762 3378 circa,

345 3415 564 3492 mantellum
586 3433 625 3492 et
640 3415 797 3491 barbam
820 3416 1025 3507 defferens,
1047 3447 1133 3493 cum
1161 3446 1238 3522 quo
1256 3418 1479 3522 inquisitum
1499 3417 1635 3507 luerat,
1655 3419 1763 3496 abso·

344 3545 444 3624 lutus
461 3564 498 3623 et
511 3548 775 3624 reconciliatus
793 3576 860 3653 per
875 3546 1073 3624 officialem
1093 3548 1361 3637 Pictavensem,
1380 3549 1492 3626 lectis
1505 3566 1542 3625 et
1563 3549 1765 3658 diligenter

346 3678 519 3782 expositis
548 3678 618 3754 sibi
644 3677 819 3754 omnibus
847 3695 884 3754 et
908 3677 1065 3785 singulis
1086 3678 1267 3767 articulis,
1291 3681 1485 3784 respondit
1510 3709 1548 3756 se
1569 3709 1764 3786 nunquam

345 3806 497 3894 vidisse,
519 3807 664 3884 scivisse
691 3806 749 3884 vel
775 3807 958 3883 audivisse
988 3808 1060 3884 dici
1088 3825 1172 3884 ante
1201 3809 1415 3914 capcionem
1438 3837 1569 3886 eorum
1596 3812 1700 3915 quod
1726 3812 1765 3887 in

346 3937 629 4044 recepcionibus
648 3937 805 4013 lratrum
826 3936 975 4014 ordinis
990 3937 1047 4014 vel
1072 3956 1157 4043 post
1181 3939 1450 4017 intervenirent
1477 3940 1763 4046 abnegaciones‚

348 4066 698 4175 dogmatizaciones,
722 4065 922 4174 opprobria
943 4067 1077 4155 crucis,
1101 4068 1226 4144 oscula
1247 4068 1463 4157 inhonesta,
1487 4069 1629 4146 crimen
1650 4070 1764 4147 sodo·

347 4196 533 4287 miticum,
555 4199 799 4275 adoraciones
819 4198 889 4274 cati
909 4197 965 4274 vel
985 4197 1205 4305 ydolorum,
1228 4199 1286 4275 vel
1306 4200 1411 4306 quod
1432 4217 1555 4277 essent
1575 4200 1762 4277 increduli

347 4326 599 4405 ecclesiasticis
617 4327 871 4416 sacramentis,
894 4326 1032 4432 quibus
1057 4328 1136 4433 ipse
1160 4328 1258 4406 bene
1285 4330 1477 4421 credebat,
1499 4330 1557 4407 vel
1582 4330 1686 4437 quod
1705 4359 1768 4406 eo-

347 4484 431 4533 rum
452 4458 664 4535 sacerdotes
679 4477 808 4536 contra
826 4457 983 4535 sormam
997 4457 1161 4536 Ecclesie
1177 4459 1426 4550 celebrarent,
1442 4461 1498 4537 vel
1514 4460 1618 4566 quod
1635 4488 1767 4537 eorum

346 4584 429 4663 laici
449 4587 685 4665 absolverent
703 4588 761 4666 vel
787 4605 940 4695 possent
958 4587 1149 4666 absolvere
1171 4617 1190 4663 a
1211 4592 1387 4694 peccatis,
1412 4589 1577 4668 adiciens
1599 4591 1706 4697 quod
1728 4592 1768 4668 in

347 4717 567 4823 recepcione
582 4747 649 4796 sua
669 4736 708 4794 et
726 4720 765 4794 in
783 4720 1001 4825 recepcione
1019 4719 1140 4796 fratris
1159 4719 1340 4797 lobannis
1359 4721 1471 4799 Folhi
1492 4724 1686 4800 servientis
1707 4724 1769 4799 de

349 4848 442 4924 tenti
460 4849 641 4939 Turonis,
654 4877 769 4956 quem
783 4849 877 4925 vidit
890 4850 1021 4954 recipi,
1039 4850 1095 4926 vel
1114 4867 1214 4956 post,
1233 4849 1350 4927 nichil
1365 4851 1565 4930 intervenit
1579 4853 1765 4930 illicitum.
