4236 5948
732 521 928 612 revocas
955 540 1049 610 nas
1076 540 1377 612 'retrectans
1694 549 1760 620 rsr

346 685 585 761 emissionem
612 697 803 767 votorum,
829 678 995 784 precepit
1022 679 1146 755 eidem
1168 679 1269 756 fratri
1292 680 1498 759 Guillelmo
1532 683 1579 759 de
1608 685 1764 763 Mazaies

345 813 447 920 quod
467 813 670 920 abnegaret
688 810 863 897 lhesum,
890 827 928 886 et
954 810 1058 916 quod
1079 824 1231 916 spueret
1259 838 1371 917 super
1390 813 1591 920 quamdam
1613 845 1761 895 crucem

345 973 455 1052 quam
477 943 597 1021 eredit
612 969 692 1019 esse
712 939 818 1016 illam
834 939 940 1046 juxta
965 968 1079 1045 quam
1109 941 1187 1046 ipse
1207 942 1314 1018 testis
1345 961 1514 1046 spuerat3
1540 973 1616 1021 non
1636 963 1764 1024 tamen

346 1075 563 1151 recordatur
596 1071 625 1150 si
648 1070 770 1147 dictus
802 1068 914 1146 frater
934 1068 1162 1148 Guillelmus
1191 1070 1383 1180 abnegavit
1407 1073 1564 1150 Jhesum
1596 1092 1635 1150 et
1663 1078 1765 1180 spuit

348 1231 459 1310 super
478 1203 536 1279 vel
552 1203 659 1311 juxta
681 1200 818 1276 dictam
835 1228 1002 1286 crucem3
1024 1200 1155 1306 pocius
1170 1217 1297 1278 tamen
1316 1204 1438 1280 credit
1455 1204 1561 1310 quod
1580 1206 1632 1282 sic
1649 1237 1761 1312 quam

348 1334 585 1412 contrarium.
626 1329 797 1408 Plurium
837 1329 1121 1436 recepeionibus
1166 1358 1241 1407 non
1279 1331 1479 1422 adfuerat,
1518 1334 1615 1410 sicut
1659 1337 1763 1413 dixit.

347 1464 455 1552 ltem‚
478 1462 571 1540 dixit
590 1460 690 1567 quod
716 1460 756 1536 in
776 1459 909 1536 ordine
929 1459 1140 1536 celebrabat
1159 1461 1369 1537 secundum
1395 1461 1555 1539 formam
1584 1462 1765 1551 Ecdeme,

347 1611 382 1670 et
395 1592 515 1670 credit
534 1590 638 1698 quod
661 1590 722 1666 alii
740 1590 950 1667 sacerdotes
975 1589 1119 1667 ordinis
1141 1591 1273 1666 eodem
1291 1591 1406 1667 modo
1428 1592 1675 1683 celebrarent,
1699 1622 1767 1670 nec

346 1724 448 1801 scivit
463 1751 532 1799 nec
548 1721 691 1798 audivit
712 1721 938 1798 contrarium
963 1720 1117 1826 precipi.
1148 1720 1279 1798 Credit
1299 1722 1416 1798 eciam
1438 1723 1541 1828 quod
1559 1723 1620 1798 alii
1637 1723 1767 1801 fratres

346 1853 487 1930 ordinis
516 1854 612 1929 bene
634 1852 829 1927 crederent
860 1849 1114 1926 ecelesiasticis
1143 1853 1392 1928 sacramentis.
1424 1852 1557 1929 Statim
1579 1882 1647 1959 pro
1679 1884 1766 1959 pro-

345 1982 449 2060 fessis
469 1980 714 2060 habebantur.
734 1981 975 2058 Clandestine
992 1980 1278 2085 recipiebantur,
1302 1980 1417 2058 nullis
1431 1983 1670 2088 presentibus
1694 1986 1763 2062 nisi

343 2111 519 2189 fratribus
540 2110 701 2202 ordinis,
726 2138 770 2187 ex
787 2137 863 2217 quo
884 2109 1004 2187 credit
1022 2127 1119 2186 esset
1147 2111 1310 2218 suspicio
1330 2128 1459 2188 eontra
1488 2139 1564 2189 eos.
1586 2114 1765 2192 Cordulis

344 2242 446 2319 unde
482 2243 658 2320 volebant
693 2241 892 2348 assumptis
921 2242 1179 2347 cingebantur,
1217 2243 1264 2319 de
1297 2244 1474 2321 mandato
1510 2247 1763 2350 superiorum,

344 2402 457 2480 super
480 2373 648 2451 camisias
675 2402 759 2450 cum
782 2373 921 2480 quibus
935 2372 1120 2480 jacebant.
1150 2374 1420 2480 lnjungebatur
1454 2403 1522 2480 per
1557 2402 1764 2453 sacramen·

270 2526 276 2533 ·
342 2519 426 2579 tum
451 2531 500 2581 ne
530 2503 739 2580 revelarent
770 2520 910 2580 secreta
941 2503 1190 2608 capitulorum
1224 2532 1293 2580 nec
1325 2507 1485 2582 modum
1514 2507 1762 2610 recepcionis,

344 2633 460 2710 eciam
481 2633 556 2711 illis
575 2632 751 2710 fratribus
771 2634 835 2738 qui
861 2661 937 2710 non
966 2632 1180 2718 adfuerant,
1206 2649 1243 2708 et
1268 2633 1298 2709 si
1320 2635 1549 2711 contrarium
1571 2633 1760 2722 fecissent,

344 2763 465 2868 puniti
485 2763 659 2856 luissent,
681 2752 748 2841 sed
769 2765 888 2840 nescit
906 2763 1078 2869 qualiter.
1111 2765 1221 2850 Item,
1244 2763 1338 2839 dixit
1367 2763 1472 2871 quod
1506 2764 1553 2841 de
1586 2766 1763 2870 predictis

344 2892 594 3001 abnegacione
615 2910 654 2971 et
672 2893 865 2999 spuicione
885 2922 953 2998 per
970 2921 1058 2969 eum
1087 2892 1190 2968 sactis
1212 2892 1299 2983 fuit,
1328 2890 1424 2968 infra
1453 2910 1538 2970 octo
1558 2893 1639 2970 dies
1662 2922 1682 2970 a
1703 2923 1760 2971 re·

344 3024 520 3129 cepcione
540 3052 606 3100 sua
633 3041 672 3101 et
700 3041 900 3130 antequam
931 3023 1153 3110 celebraret,
1180 3022 1369 3101 confessus
1390 3023 1574 3102 Durando
1603 3023 1762 3102 Ancomi

344 3153 552 3260 presbitero
572 3153 729 3231 seculari
750 3153 966 3261 quondam,
987 3171 1079 3231 tunc
1097 3155 1343 3231 commoranti
1365 3155 1403 3229 in
1424 3153 1597 3259 parochia
1616 3154 1664 3231 de
1682 3154 1763 3231 Sel-

343 3284 406 3372 lis,
437 3284 502 3389 qui
526 3283 649 3361 noluit
674 3313 761 3361 eum
791 3284 980 3361 absolvere
1011 3302 1165 3390 propter
1197 3284 1470 3362 immanitatem
1497 3285 1681 3376 criminis,
1703 3314 1760 3361 re-

342 3415 497 3490 mittens
517 3442 603 3490 eum
633 3414 894 3521 adjudicium
920 3413 1170 3502 discrecioris3
1196 3432 1350 3519 propter
1383 3414 1489 3521 quod
1524 3415 1626 3491 idem
1659 3417 1763 3493 testis

342 3541 434 3632 luit,
457 3541 553 3619 infra
586 3544 679 3621 alios
712 3561 797 3620 octo
828 3544 925 3635 dies,
955 3544 1002 3622 de
1032 3544 1211 3649 predictis
1240 3543 1430 3622 consessus
1463 3547 1563 3650 apud
1584 3547 1762 3624 Sanctum

343 3674 499 3751 Florum
525 3675 675 3753 cuidam
703 3674 805 3750 fratri
826 3674 984 3765 Minori,
1012 3673 1120 3779 cujus
1141 3702 1281 3752 nomen
1308 3691 1347 3750 et
1363 3698 1573 3780 cognomen
1601 3676 1763 3785 ignorat,

345 3820 382 3878 et
401 3832 517 3908 quem
538 3821 732 3881 mortuum
754 3832 833 3880 esse
848 3804 1007 3895 audivit,
1023 3832 1044 3879 a
1059 3832 1138 3910 quo
1158 3804 1352 3882 absolutus
1372 3803 1508 3892 extitit,
1532 3821 1570 3880 et
1582 3803 1766 3911 jejunavit

343 3935 381 4009 in
403 3961 500 4039 pane
522 3951 560 4010 et
579 3960 675 4041 aqna
694 3951 815 4011 sextas
841 3933 950 4011 ferias
976 3962 1044 4040 per
1068 3962 1188 4010 unum
1214 3962 1375 4025 annum,
1401 3933 1498 4010 sicut
1518 3933 1698 4038 imposuit
1717 3935 1763 4011 ei.

344 4063 493 4139 Fratres
512 4063 673 4141 scientes
694 4091 840 4142 errores
871 4064 1027 4141 luerunt
1046 4065 1278 4173 negligentes
1300 4064 1389 4170 quia
1416 4088 1494 4142 non
1523 4079 1766 4139 correxerunt

344 4220 498 4270 cosnec
530 4193 853 4272 denunciaverunt
875 4193 1050 4272 Ecclesie.
1072 4194 1306 4274 Elemosinas
1338 4210 1377 4271 et
1401 4190 1693 4299 hospitalitatem
1712 4192 1766 4268 vi-

344 4323 401 4399 dit
428 4325 694 4410 convenienter
722 4324 804 4402 lieri
832 4343 870 4403 et
893 4326 1027 4407 servari
1052 4326 1091 4401 in
1112 4326 1209 4404 dicta
1231 4328 1346 4404 domo
1366 4325 1406 4401 in
1424 4350 1501 4431 qua
1526 4321 1646 4399 extitit
1664 4348 1766 4399 com·

342 4469 527 4540 moratus,
551 4471 589 4530 et
617 4454 893 4560 precipiebatur
922 4455 976 4533 eis
1004 4456 1110 4561 quod
1133 4457 1235 4564 juste
1267 4455 1503 4561 acquirerent
1527 4449 1663 4529 ordini.
1695 4449 1766 4529 Or·

343 4582 471 4659 ainau
492 4609 560 4687 per
584 4584 805 4690 Magistrum
822 4610 909 4662 curn
925 4603 1110 4663 conventu
1127 4602 1305 4663 servasset
1317 4601 1421 4663 totus
1440 4582 1552 4672 ordo,
1569 4598 1606 4657 et
1623 4580 1765 4658 audivit

344 4712 417 4788 dici
449 4709 669 4817 frequenter
698 4742 717 4789 a
751 4713 929 4792 fratribus
963 4714 1126 4802 ordinis,
1147 4714 1195 4790 de
1223 4702 1364 4822 quibus
1397 4736 1472 4789 non
1492 4708 1642 4798 recolit,
1662 4708 1766 4816 quod

344 4867 489 4918 errores
521 4841 717 4921 conlassati
745 4872 812 4947 per
832 4873 922 4922 eum
944 4844 1096 4922 luerunt
1116 4844 1319 4923 introducti
1342 4842 1381 4918 in
1401 4841 1535 4919 ordine
1569 4855 1656 4946 post
1683 4839 1767 4918 obi·

1573 4999 1619 5058 17·
