4236 5948
642 533 839 625 rnocts
865 555 959 626 uns
987 554 1289 629 rsupmsus
1631 558 1680 640 ts

253 692 356 802 quod
374 721 492 800 supcr
508 692 579 769 lroc
599 692 786 786 crederet,
809 695 898 804 quia
918 727 994 775 non
1015 695 1208 806 inquisivit
1226 699 1273 777 de
1289 697 1393 777 lactis
1414 699 1576 792 ordinis,
1593 702 1683 813 adji-

254 825 353 902 ciens
372 852 412 904 se
439 822 554 903 fuisse
580 824 794 903 consessum
815 827 863 905 de
876 829 1062 936 predictis
1089 829 1281 909 erroribus
1307 829 1347 908 in
1378 831 1582 911 crastinum
1612 863 1681 915 sue

253 958 501 1067 recepcionis,
524 957 564 1034 in
591 956 706 1036 domo
732 957 890 1037 fratrum
911 960 1103 1039 Minorum
1120 961 1167 1040 de
1187 962 1362 1054 Belvaco,
1380 963 1484 1041 fratri
1498 964 1610 1043 Petro
1632 966 1680 1045 de

253 1109 376 1169 sancto
388 1092 496 1170 Justo
513 1092 752 1171 conventuali
768 1093 858 1170 dicti
875 1093 948 1171 loci
963 1096 1172 1189 Minorum,
1187 1096 1253 1204 qui
1269 1096 1429 1174 absolvit
1441 1124 1548 1186 eum,
1564 1096 1684 1207 impo·

252 1225 317 1301 sita
337 1223 550 1331 penitencia
571 1224 676 1330 quod
701 1252 895 1334 nunqnam
920 1226 1119 1306 interesset
1136 1226 1221 1306 loco
1246 1228 1286 1303 in
1312 1254 1389 1335 quo
1414 1227 1504 1305 talia
1524 1229 1678 1323 fierent,

251 1375 285 1434 et
305 1356 412 1462 quod
426 1354 618 1465 jejunaret
637 1355 840 1436 intendens
859 1357 943 1466 [sic]
965 1360 1052 1437 sine·
1066 1360 1200 1466 pannis
1221 1359 1331 1437 lineis
1351 1359 1464 1436 sextis
1483 1359 1588 1475 feriis
1611 1386 1681 1468 per

251 1514 400 1568 annum.
415 1489 530 1578 Item,
546 1487 641 1567 dixit
650 1518 690 1566 se
700 1485 800 1567 bene
817 1491 970 1568 credere
983 1491 1242 1568 ecclesiasticis
1251 1492 1509 1580 sacramentis,
1524 1507 1562 1567 et
1573 1494 1679 1600 quod

252 1620 310 1697 alii
334 1621 551 1710 crederent,
579 1637 617 1698 et
637 1621 743 1727 quod
769 1623 1139 1699 eorunvsscerdotes
1159 1623 1288 1699 debite
1309 1622 1564 1714 celebrarent;
1586 1640 1625 1700 at
1638 1624 1677 1700 in

251 1754 311 1831 die
326 1753 485 1832 Veneris
504 1770 628 1830 sancta
644 1751 738 1830 vidit
751 1778 821 1858 per
836 1779 900 1831 eos
915 1782 1064 1830 crucem
1079 1753 1213 1831 devote
1232 1769 1271 1830 et
1284 1771 1500 1831 reverenter
1512 1754 1677 1848 adorari,

251 1883 510 1962 calceamentis
523 1883 723 1989 depositis,
740 1898 778 1958 et
795 1883 974 1989 capuciis,
992 1883 1144 1962 birretis
1159 1902 1198 1961 et
1213 1885 1336 1991 pilleis
1353 1884 1509 1978 amotis3
1528 1904 1567 1964 et
1581 1886 1680 1965 dicta

251 2017 309 2093 die
320 2015 546 2125 jejunabant
564 2014 603 2091 in
626 2043 724 2121 pane
743 2030 781 2090 et
800 2042 896 2122 aqua
917 2034 955 2093 et
963 2016 1225 2094 'comedebant
1243 2018 1323 2096 sine
1344 2017 1502 2124 mappis.
1523 2016 1678 2095 Dictum

249 2148 368 2225 fuitei
384 2146 424 2225 in
440 2147 662 2253 recepcione
678 2175 744 2224 sua
760 2147 866 2254 quod
885 2144 1012 2224 statim
1028 2176 1097 2254 pro
1112 2147 1282 2255 professo
1303 2144 1527 2239 habebatur,
1545 2149 1585 2257 in
1599 2170 1678 2257 quo

252 2279 343 2364 nulli
369 2279 573 2357 adsuerunt
591 2277 664 2355 nisi
686 2275 819 2356 fratres
841 2275 996 2356 ordinis.
1019 2276 1198 2357 Cordulis
1218 2277 1324 2357 unde
1344 2280 1522 2358 volebant
1541 2306 1681 2358 assum·

251 2411 322 2517 ptis'
340 2411 589 2522 cingebantur
603 2436 714 2517 supra
730 2410 900 2488 camisias
920 2438 1006 2487 cum
1027 2411 1169 2516 quibus
1183 2411 1370 2521 jacebant.
1394 2414 1437 2488 ln
1455 2412 1678 2518 reccpcione

253 2570 312 2619 sua
327 2543 400 2620 luit
413 2543 447 2621 ei
459 2569 529 2650 per
544 2559 779 2650 receptorem
797 2558 1018 2649 preceptum
1036 2544 1140 2649 quod
1158 2541 1302 2621 nemini
1318 2543 1502 2620 revelaret
1517 2542 1677 2621 modum

252 2704 313 2753 sue
326 2670 560 2783 recepcionis
577 2692 615 2752 et
629 2675 854 2780 illicitaque
874 2675 1154 2754 intervenerant
1171 2677 1209 2753 in
1228 2678 1374 2754 eadem.
1393 2679 1544 2754 Fratres
1561 2674 1680 2753 scien-

251 2825 303 2885 tes
327 2834 490 2897 errores,
512 2806 543 2883 si
565 2807 631 2914 qui
658 2824 781 2899 erant,
811 2806 981 2895 suerunt,
1009 2807 1207 2899 utcredit,
1230 2807 1466 2914 negligentes
1489 2807 1678 2915 quianon

251 2955 493 3018 correxerunt
507 2964 578 3015 nec
593 2938 918 3015 denunciaverunt
936 2937 1114 3017 Ecclesie.
1133 2940 1175 3015 ln
1191 2952 1354 3045 quatuor
1375 2935 1555 3014 domibus
1575 2937 1678 3013 ordi·

253 3072 307 3148 nis
323 3070 362 3148 in
381 3069 523 3180 quibus
539 3069 661 3147 extitit
676 3069 846 3178 claviger,
865 3069 956 3147 lecit
974 3087 1011 3147 et
1034 3069 1129 3147 vidit
1144 3070 1370 3148 elemosinas
1390 3085 1429 3145 et
1443 3067 1678 3174 hospitalita-

252 3219 325 3279 tem
355 3202 624 3281 convenienter
650 3201 733 3278 lieri
765 3220 803 3279 ct
832 3201 993 3290 servari,
1027 3219 1065 3279 et
1094 3202 1307 3279 deffensum
1338 3199 1411 3278 fuit
1430 3198 1502 3277 sibi
1531 3216 1570 3276 et
1596 3199 1678 3276 aliis

252 3333 552 3443 deffendebatur,
582 3351 625 3410 ut
657 3332 800 3422 credit,
829 3360 897 3440 per
930 3331 1075 3413 dictum
1105 3351 1344 3440 receptorem
1377 3355 1490 3409 suum
1516 3348 1555 3408 et
1585 3330 1679 3411 alios

252 3485 461 3574 receptores
481 3467 586 3574 quod
606 3466 776 3544 indebite
796 3494 874 3545 non
896 3468 1136 3574 acquirerent
1157 3465 1295 3544 ordini.
1312 3464 1467 3542 Audivit
1482 3459 1557 3541 dici
1572 3464 1679 3572 quod

252 3600 341 3677 clam
370 3616 408 3676 et
431 3598 539 3675 valde
564 3624 674 3676 mane
700 3627 833 3676 eorum
854 3597 1028 3705 capitulla
1047 3598 1287 3676 tenebantur.
1310 3596 1493 3675 Ordinata
1512 3624 1581 3702 per
1600 3596 1679 3675 Ma-

249 3731 403 3838 gistrum
432 3758 518 3808 cum
540 3747 728 3808 conventu
751 3729 911 3808 luissent
934 3746 1090 3822 servata,
1114 3745 1158 3806 ut
1184 3728 1305 3805 credit
1315 3759 1328 3820 ,·
1352 3728 1392 3803 in
1412 3744 1496 3806 toto
1525 3725 1677 3819 ordine,

251 3881 375 3941 contra
393 3888 510 3973 quem
528 3890 630 3941 nunc
649 3863 803 3972 grandia
819 3862 1008 3977 scandula,
1026 3861 1191 3968 suspicio
1206 3878 1245 3937 et
1259 3859 1413 3937 infamia
1427 3875 1517 3937 sunt
1532 3875 1677 3951 exorta,

253 3994 296 4070 ad
325 3994 433 4103 eujus
457 3994 731 4072 deffensionem
747 4022 799 4071 -se
822 4021 900 4072 non
928 3994 1128 4072 obtulerat.
1158 3993 1377 4100 Requisitus
1401 3990 1431 4070 si
1459 3991 1522 4068 alii
1546 3988 1679 4068 fratros

252 4126 311 4231 qui
332 4127 538 4204 adhierunt
557 4127 769 4234 recepcieni
790 4152 856 4203 suc
879 4126 1079 4205 audierant
1098 4125 1156 4202 vel
1174 4120 1346 4202 viderant
1365 4123 1429 4199 illa
1452 4114 1584 4198 illicita
1602 4144 1678 4229 que

254 4256 340 4334 dicti
355 4233 530 4366 receptor
544 4276 583 4336 et
598 4274 748 4337 curatus
767 4258 939 4336 dixerant
953 4257 1007 4348 ei,
1028 4256 1225 4365 respondit
1240 4285 1279 4335 se
1295 4253 1448 4335 credere
1464 4253 1569 4362 quod
1584 4274 1675 4331 non.

303 4390 521 4498 Requisitus
533 4391 563 4469 si
577 4392 630 4468 sic
645 4394 871 4498 deposuerat
883 4416 1010 4498 prece,
1025 4407 1221 4497 precepto,
1234 4389 1389 4476 timore,
1407 4410 1552 4475 amore,
1568 4383 1675 4474 odio,

253 4521 306 4598 vel
339 4504 540 4630 temporali
565 4526 727 4602 comodo
761 4522 892 4602 habito
919 4523 979 4601 vel
1005 4522 1202 4615 habendo,
1231 4518 1427 4627 respondit
1452 4517 1557 4626 quod
1582 4540 1677 4609 nort,

256 4654 319 4730 sed
350 4684 420 4762 pro
448 4655 602 4735 veritate
631 4656 813 4746 dicenda;
839 4656 899 4733 cui
925 4653 996 4732 luit
1021 4654 1234 4761 injunctum
1261 4653 1367 4759 quod
1394 4676 1471 4729 non
1498 4650 1681 4729 revelaret

255 4782 346 4863 hanc
368 4816 474 4865 suam
501 4788 781 4897 depositionem
808 4814 1007 4896 quousque
1033 4786 1294 4865 attestaciones
1315 4783 1457 4863 suerint
1476 4781 1676 4890 publicate.

1522 5049 1549 5112 6.
