4236 5948
349 525 419 602 rot
726 509 921 602 anonis
951 528 1047 600 uss
1078 527 1385 601 ratramnus

344 685 434 747 sunt
447 694 523 746 xuu
537 667 624 744 anni
641 668 772 775 elapsi,
786 668 1023 774 presentibus
1044 666 1219 744 fratribus
1239 667 1400 775 Rogerio
1425 683 1646 772 preceptore
1662 667 1763 747 dicte

345 800 499 889 domus,
519 795 656 873 burico
670 795 826 903 Anglico
841 813 880 873 et
892 794 975 873 aliis
991 793 1203 873 deffunctis.
1221 795 1324 874 Vidit
1344 794 1460 872 eciam
1483 794 1598 901 recipi
1611 794 1768 875 fratrem

345 928 538 1005 Matbeum
559 927 752 1034 Raynaudi
780 927 973 1034 quondam
996 927 1245 1016 Normanurn,
1264 925 1505 1016 servientem,
1521 925 1560 1001 in
1584 926 1680 1007 dicta
1708 956 1769 1007 ua-

344 1057 459 1164 pella,
476 1085 544 1162 per
558 1055 702 1133 dictum
722 1056 875 1135 fratrem
895 1056 1134 1162 Philippum,
1148 1073 1240 1133 sunt
1261 1056 1407 1134 circiter
1424 1081 1471 1134 xv
1491 1055 1598 1147 anni,
1615 1071 1771 1163 presen-

344 1188 447 1266 tibus
461 1216 522 1264 sex
532 1187 590 1263 vel
598 1206 744 1294 septem
756 1187 948 1277 fratribus,
964 1216 1128 1294 quorum
1141 1188 1298 1264 nomina
1312 1203 1350 1264 et
1362 1185 1586 1292 cognomina
1600 1187 1767 1294 ignoratn

345 1336 382 1395 et
395 1319 499 1423 prius
514 1317 658 1394 viderat
672 1318 712 1393 in
726 1318 860 1396 eodem
876 1318 959 1395 loco
975 1318 1109 1425 recipi,
1130 1336 1219 1395 sunt
1234 1318 1380 1395 circiter
1394 1344 1467 1396 uu
1488 1317 1594 1408 anui,
1613 1316 1768 1398 srausm

344 1446 525 1526 Albinum
535 1447 695 1526 diocesis
711 1447 959 1535 Ebroicensis,
974 1449 1197 1525 servientem
1209 1448 1419 1554 quondam,
1435 1447 1542 1554 cujus
1555 1477 1768 1556 cognomen

344 1578 502 1684 ignorat,
517 1606 584 1683 per
596 1577 748 1655 fratrem
761 1577 951 1655 Andream
971 1577 1020 1655 de
1040 1577 1279 1685 Saqueurilla
1295 1576 1506 1684 quondam,
1521 1594 1614 1655 tunc
1635 1606 1768 1684 prece-

343 1725 491 1815 ptorem
504 1708 723 1798 Normanie,
738 1736 816 1786 non
832 1708 966 1786 recolit
980 1709 1118 1816 quibus
1131 1707 1370 1815 presentibus
1389 1735 1460 1784 nec
1478 1707 1527 1785 de
1548 1708 1770 1789 nominibus

346 1838 506 1916 aliorum
527 1867 625 1946 quos
643 1839 736 1915 vidit
755 1839 888 1944 recipi,
912 1837 1150 1945 quianullus
1170 1866 1213 1914 ex
1231 1838 1285 1917 cis
1305 1837 1391 1916 vivit
1411 1837 1514 1943 quod
1535 1838 1635 1916 sciat.
1654 1839 1767 1931 Item,

346 1968 439 2047 dixit
463 1970 569 2076 quod
589 1969 670 2073 ipse
698 1969 797 2046 bene
818 1968 996 2046 credebat
1025 1968 1280 2047 ecclesiasticis
1304 1968 1560 2059 sacramentis,
1584 1985 1626 2047 et
1645 1969 1771 2047 credit

346 2100 449 2207 qnod
481 2098 544 2175 alii
570 2098 702 2176 fratres
727 2098 871 2176 ordinis
902 2099 1040 2176 eodem
1063 2100 1180 2176 modo
1201 2097 1414 2186 crederent,
1442 2113 1481 2175 et
1504 2100 1610 2204 quod
1633 2126 1767 2178 eorum

346 2230 557 2307 sacerdotes
584 2228 711 2306 debite
732 2228 977 2307 celebrarent.
1009 2228 1189 2306 Jurabant
1212 2229 1387 2307 ordinem
1407 2256 1485 2306 non
1506 2228 1605 2307 exire
1624 2227 1769 2336 absque

345 2360 500 2437 licencia
526 2360 731 2465 superioris
753 2388 905 2448 eorum,
937 2360 1001 2467 qui
1030 2376 1157 2466 posset
1176 2387 1257 2437 eam
1284 2360 1384 2436 dare.
1410 2358 1654 2438 Clandestiue
1671 2361 1768 2439 reci·

345 2490 557 2599 piebantur,
579 2490 696 2568 nullis
715 2490 955 2597 presentibus
971 2491 1042 2568 nisi
1062 2491 1241 2569 fratribus
1260 2490 1417 2568 ordinis.
1438 2489 1591 2597 Absque
1610 2490 1769 2570 licencia

345 2647 423 2697 non
451 2638 625 2727 poterant
652 2620 825 2698 confiteri
852 2621 935 2699 aliis
966 2650 1079 2728 quam
1111 2620 1289 2698 fratribus
1317 2621 1574 2699 sacerdotibus
1602 2622 1766 2713 ordinis,

346 2752 530 2857 quamdiu
551 2781 614 2831 eos
634 2751 773 2829 babere
800 2768 984 2858 poterant.
1007 2755 1154 2830 Fratres
1174 2752 1334 2829 scientes
1355 2781 1501 2830 errores
1521 2770 1558 2829 et
1582 2750 1769 2832 babentes

345 2897 567 2986 potestatem
584 2882 796 2988 corrigendi
810 2911 875 2959 eos
893 2881 1048 2959 fuerunt
1061 2883 1313 2991 negligentes,
1330 2882 1510 2988 quianon
1525 2902 1770 2962 correxerunt

344 3038 410 3088 eos
428 3040 498 3090 nec
518 3012 841 3090 denunciaverunt
856 3011 1031 3089 Ecclesie.
1051 3013 1285 3090 Elemosiuas
1305 3030 1343 3089 et
1361 3011 1652 3119 hospitalitatem
1673 3014 1770 3092 vidit

345 3142 547 3249 aliquando
562 3143 744 3250 restringi
759 3143 799 3220 in
814 3142 1008 3248 aliquibus
1031 3143 1209 3221 domibus
1228 3142 1373 3221 ordinis
1393 3157 1548 3250 propter
1566 3161 1768 3250 pauperta—

344 3290 442 3362 tem;
465 3273 554 3350 alias
574 3271 814 3350 servabantur
834 3289 872 3350 et
890 3273 1034 3350 fiebant
1063 3274 1330 3351 convenienter
1348 3274 1556 3352 elemosine
1577 3292 1615 3352 et
1634 3275 1768 3381 hospi·

344 3402 466 3481 talitas
488 3404 712 3508 supradicte.
737 3404 881 3481 Eorum
903 3403 1077 3509 capitulis
1098 3404 1190 3481 vidit
1209 3404 1415 3512 aliquando
1434 3406 1555 3482 teneri
1573 3407 1619 3482 de
1633 3422 1765 3495 nocte,

345 3551 383 3609 et
397 3533 599 3640 aliquando
617 3534 664 3610 de
679 3532 758 3622 die,
781 3533 892 3623 clam,
913 3533 1031 3611 nullis
1051 3535 1288 3640 presentibus
1311 3535 1382 3611 nisi
1402 3535 1579 3613 fratribus
1601 3536 1765 3626 ordinis,

346 3680 383 3740 et
402 3664 642 3769 ponebantur
661 3666 836 3742 custodes
851 3693 898 3741 ne
912 3665 1135 3742 audirentur
1159 3666 1407 3772 exteriusque
1426 3666 1585 3744 interius
1604 3667 1768 3774 ageban-

346 3809 418 3868 tur.
448 3793 629 3872 Ordiuata
650 3823 718 3902 per
740 3795 961 3903 Magistrum
994 3824 1079 3872 cum
1104 3813 1292 3873 conventu
1320 3813 1497 3874 servasset
1522 3815 1626 3874 totus
1643 3797 1765 3885 ordo,

345 3941 472 4000 contra
488 3953 603 4030 quern
619 3954 721 4003 nuuc
735 3925 889 4032 grandia
904 3925 1094 4013 scandala,
1117 3926 1281 4033 suspicio
1296 3944 1334 4003 et
1345 3925 1498 4004 infamia
1518 3946 1609 4006 suut
1624 3945 1764 4006 exorta.

344 4055 468 4147 Quem
493 4056 650 4161 quidem
675 4056 848 4134 ordinem
872 4057 966 4133 dixit
989 4055 1245 4162 principaliter
1269 4085 1308 4134 se
1330 4057 1481 4134 exivisse
1507 4074 1661 4164 propter
1677 4086 1765 4164 pre·

344 4184 442 4262 dicta
455 4185 602 4278 illicita,
618 4215 689 4264 nec
702 4215 872 4265 reuersus
890 4186 1020 4264 fuisset
1044 4187 1091 4263 ad
1110 4187 1252 4263 dictum
1266 4186 1461 4275 ordinem,
1483 4188 1557 4265 uisi
1576 4187 1767 4266 timuisset

342 4314 448 4420 quod
467 4313 598 4394 luisset
616 4317 865 4395 incarceratus
883 4333 1067 4423 perpetuo
1082 4318 1113 4394 si
1134 4316 1338 4423 Templarii
1355 4345 1447 4394 eum
1468 4349 1600 4427 capere
1618 4320 1765 4425 potuis·

341 4461 442 4535 sent‚
466 4462 503 4523 et
524 4446 595 4523 uisi
624 4448 704 4555 ejus
724 4448 833 4523 amici
855 4448 903 4524 ad
925 4447 1164 4524 redeundum
1180 4446 1456 4552 compulissent
1471 4449 1671 4542 eumdem,
1693 4477 1765 4528 uec

344 4602 456 4651 ausus
476 4574 608 4653 finisset
624 4577 765 4668 redire,
789 4577 861 4655 uisi
882 4579 1064 4656 dominus
1088 4608 1150 4655 rex
1171 4577 1325 4655 Francie
1345 4606 1415 4683 pro
1440 4579 1521 4687 ejus
1545 4578 1764 4659 reconcilia·

342 4704 449 4781 cione
462 4704 738 4786 intercessisset
748 4709 883 4787 Credit
893 4709 999 4816 quod
1012 4708 1143 4786 illicita
1152 4707 1356 4786 confessata
1369 4735 1437 4815 per
1445 4737 1532 4787 eum
1544 4727 1667 4787 essent
1675 4725 1764 4786 uota

341 4832 518 4913 fratribus
538 4837 697 4932 ordinis,
724 4856 763 4917 et
784 4840 891 4946 quod
912 4839 1036 4917 dictus
1062 4840 1238 4949 Magister
1256 4856 1293 4916 et
1307 4839 1368 4916 alii
1394 4841 1527 4917 eadem
1550 4839 1681 4917 illicita
1704 4837 1762 4916 vel
