4236 5948
724 518 921 611 enonas
948 534 1043 607 ons
1069 536 1370 608 rnurnians.
1688 538 1757 607 125

340 681 488 766 ordine,
507 695 543 754 et
558 676 673 784 aliqui
689 678 799 756 male.
820 676 1005 784 Capitolia
1026 674 1163 781 quibus
1178 675 1299 752 adluit
1313 674 1406 751 vidit
1419 674 1538 750 teneri
1559 674 1760 780 aliquando

341 812 385 888 de
406 809 469 887 die
490 825 528 884 et
547 806 751 912 aliquando
777 810 824 886 de
844 823 970 895 nocte,
996 805 1109 882 nullis
1135 803 1373 912 presentibus
1401 803 1472 879 nisi
1498 802 1674 880 frutribus
1704 832 1761 880 or·

340 941 452 1030 dinis,
479 937 605 1046 januis
630 938 777 1027 clausis,
809 938 956 1045 proviso
980 963 1027 1013 ne
1057 937 1249 1013 audiretur
1278 935 1440 1012 exterius
1473 934 1577 1040 quod
1606 934 1762 1011 interius

341 1072 525 1182 agebatur.
556 1069 738 1147 Ordinato
765 1099 833 1175 per
862 1068 1081 1175 Magistrum
1110 1095 1197 1142 cum
1232 1081 1417 1143 conventu
1453 1081 1629 1139 servasset
1659 1081 1762 1140 totus

340 1203 450 1293 ordo,
473 1217 600 1277 contra
621 1226 736 1305 quem
755 1225 857 1274 nunc
877 1198 1028 1304 grandia
1049 1197 1236 1287 scandala,
1258 1194 1419 1300 suspicio
1446 1211 1483 1271 et
1504 1192 1656 1269 infamia
1676 1213 1764 1270 sunt

342 1350 485 1418 exorta,
502 1347 539 1407 et
554 1329 671 1406 credit
687 1330 790 1435 quod
805 1328 895 1405 dicti
913 1356 1057 1404 errores
1073 1327 1266 1405 consessati
1281 1354 1349 1432 per
1367 1354 1454 1402 eum
1471 1342 1594 1400 essent
1609 1326 1647 1399 in
1663 1326 1763 1400 dicto

344 1463 475 1541 ordine
495 1478 579 1537 ante
601 1459 681 1565 ejus
703 1460 980 1565 recepcionem‚
998 1476 1037 1535 et
1059 1459 1161 1563 quod
1183 1456 1248 1533 eos
1272 1483 1428 1561 magnus
1448 1455 1623 1562 Magister
1644 1454 1762 1530 etalii

343 1595 415 1669 sint
434 1589 604 1668 confessi.

398 1720 613 1828 Requisitus
643 1721 672 1797 si
701 1721 753 1796 sic
784 1720 1009 1826 deposuerat
1041 1747 1171 1824 prece,
1202 1737 1401 1825 precepto,
1424 1720 1579 1808 timore,
1615 1746 1761 1805 amore,

345 1855 447 1943 odio,
470 1853 528 1929 vel
560 1850 760 1956 temporali
791 1851 954 1927 comodo
983 1849 1113 1926 habito
1142 1849 1199 1925 vel
1229 1849 1424 1935 habendo,
1442 1849 1638 1955 respondit
1660 1847 1764 1954 quod

346 2012 438 2074 non,
465 1976 529 2058 sed
552 2010 620 2087 pro
635 1980 787 2056 veritate
812 1978 989 2066 dicenda3
1012 1979 1072 2055 cui
1097 1978 1170 2054 suit
1196 1980 1406 2086 injunctum
1429 1980 1533 2085 quod
1559 2007 1636 2056 non
1663 2006 1765 2053 reve-

345 2116 436 2191 laret
455 2114 550 2189 hanc
577 2140 681 2187 suam
705 2110 1003 2217 depositionem,
1026 2138 1224 2215 quousque
1246 2110 1504 2186 attestaciones
1527 2108 1668 2185 luerint
1695 2138 1764 2213 pu-

346 2244 501 2332 blicate3
519 2259 556 2318 et
573 2269 650 2319 non
666 2240 856 2318 obtulerat
876 2268 916 2318 se
938 2240 986 2315 acl
1006 2240 1280 2319 deffensionem
1302 2240 1454 2315 ordinis.

400 2509 530 2584 Frater
560 2506 789 2584 Guillelmus
820 2506 867 2581 de
897 2507 1061 2611 Masayas
1091 2504 1216 2591 miles,
1246 2505 1562 2583 Claramontensis
1590 2505 1764 2594 diocesis,

347 2638 451 2713 testis
470 2666 581 2742 supra
592 2638 763 2745 juratus,
788 2635 1009 2713 mantellum
1026 2636 1170 2712 ordinis
1190 2652 1229 2711 et
1248 2634 1403 2711 barbam
1431 2634 1639 2720 defferens,
1661 2636 1770 2740 quin-

348 2766 598 2874 quagenarius
622 2765 680 2841 vel
709 2766 823 2854 circa,
856 2794 942 2840 cum
973 2793 1050 2870 quo
1081 2765 1305 2870 inquisitum
1339 2764 1478 2854 luerat,
1510 2764 1706 2842 absolutus
1733 2783 1770 2841 et

348 2895 610 2973 reconciliatus
634 2923 701 3000 per
731 2895 929 2972 dominum
968 2894 1186 3000 episcopum
1215 2895 1579 2982 Claramontensem,
1610 2895 1716 2971 lectis
1733 2913 1770 2971 et

350 3025 549 3133 diligenter
579 3025 753 3130 expositis
784 3024 854 3101 sibi
886 3023 1062 3102 omnibus
1096 3043 1133 3100 et
1172 3025 1329 3132 singulis
1360 3024 1545 3113 articulis,
1575 3026 1770 3128 respondit

348 3156 453 3262 quod
478 3182 673 3259 nunquam
693 3154 837 3231 viderat
868 3153 1033 3260 aliquem
1060 3155 1176 3231 alium
1196 3155 1310 3260 recipi
1331 3157 1370 3231 in
1389 3154 1539 3247 ordine,
1562 3183 1631 3231 nec
1656 3155 1770 3231 inter-

350 3284 472 3362 luerat
501 3284 672 3389 capitulis
698 3284 941 3376 eorumdem,
973 3313 1042 3361 nec
1066 3285 1187 3362 luerat
1212 3287 1251 3360 in
1273 3287 1423 3374 ordine,
1445 3287 1515 3362 nisi
1536 3316 1604 3393 per
1630 3314 1771 3361 annum

350 3442 436 3490 cum
463 3413 623 3489 dimidio
652 3413 709 3490 vel
738 3415 832 3490 circa
862 3432 946 3491 ante
979 3416 1198 3520 capcionem·
1226 3444 1379 3508 eorum,
1408 3417 1497 3522 quia
1525 3415 1647 3494 luerat
1672 3444 1773 3492 rece-

350 3561 436 3648 ptus
450 3543 489 3617 in
503 3542 655 3619 instanti
670 3542 765 3620 lesto
781 3542 1063 3650 Assumpcionis
1082 3544 1191 3622 beate
1211 3547 1327 3622 Marie
1344 3565 1457 3622 erunt
1475 3548 1646 3653 quinque
1663 3546 1771 3623 anni:

352 3674 456 3778 prius
473 3690 602 3749 tamen
627 3673 747 3750 luerat
769 3675 930 3750 donatus
951 3702 1084 3751 eorum
1106 3703 1173 3781 per
1200 3675 1265 3752 xxo
1294 3705 1410 3754 annos
1438 3677 1496 3753 vel
1525 3678 1634 3768 circa,
1672 3677 1773 3753 unde

354 3802 556 3895 nesciebat,
585 3834 653 3881 nec
676 3805 872 3895 credebat,
894 3833 963 3880 nec
995 3806 1187 3884 audiverat
1214 3807 1287 3884 dici
1319 3806 1366 3883 de
1388 3809 1572 3884 contentis
1598 3809 1637 3883 in
1666 3807 1775 3883 dictis

354 3934 521 4011 articulis
549 3935 620 4012 nisi
648 3936 752 4043 quod
784 3937 971 4042 sequitur.
994 3937 1095 4014 Dixit
1116 3938 1218 4014 eninr
1239 3967 1278 4015 se
1298 3936 1411 4015 luisse
1430 3956 1624 4044 receptum
1653 3939 1690 4013 in
1716 3967 1776 4013 ea·

355 4065 453 4171 pella
478 4066 615 4143 domus
628 4067 780 4173 Templi
798 4067 845 4143 de
866 4067 976 4146 Sellis
994 4068 1314 4145 Claramontensis
1341 4068 1518 4154 diocesis,
1537 4098 1604 4173 per
1622 4067 1776 4142 fratrem

355 4197 604 4274 Bertrandum
634 4197 682 4273 de
714 4197 877 4306 Sartiges
908 4197 1085 4289 militem,
1116 4216 1207 4276 tunc
1235 4215 1494 4304 preceptorem
1524 4198 1571 4274 de
1597 4196 1773 4286 Carlac0‚

356 4327 418 4430 qui
441 4345 496 4404 est
522 4357 622 4406 unus
652 4329 700 4406 de
730 4345 811 4405 nn⁰r
830 4332 1030 4436 assumptis
1057 4332 1095 4407 in
1122 4332 1192 4408 isto
1225 4361 1400 4437 processu
1426 4331 1473 4408 ad
1506 4332 1778 4407 deffensionem

356 4457 518 4553 ordinis,
541 4460 780 4565 presentibus
803 4459 979 4538 lratribus
1009 4463 1219 4541 Guillelmo
1243 4465 1416 4540 Textoris
1435 4462 1661 4569 presbitero,
1684 4481 1777 4540 teste

358 4586 470 4664 bodie
496 4589 623 4696 jurato
657 4591 723 4667 sed
758 4593 929 4669 nondum
962 4593 1189 4682 examinato,
1216 4595 1327 4669 Petro
1353 4593 1563 4699 Alteyraco‚
1598 4594 1779 4671 Durando

357 4717 571 4810 Cbarnerii,
596 4737 633 4797 et
648 4720 857 4798 Guillelmo
879 4722 1128 4800 servientibus
1146 4723 1270 4799 Riomi
1292 4723 1329 4797 in
1352 4722 1523 4801 Alvernia
1541 4724 1722 4815 detentis,
1745 4744 1782 4802 et

358 4847 519 4927 Martino
550 4869 587 4926 et
616 4851 696 4928 aliis
726 4882 889 4959 quorum
916 4857 1136 4962 cognomina
1168 4854 1329 4961 ignorat,
1365 4854 1584 4962 delluuctis,
1616 4856 1652 4930 in
1679 4856 1781 4935 hunc
