4236 5948
727 527 922 618 procus
947 543 1043 615 uss
1069 525 1367 617 T'uurumns.
1686 542 1759 618 sae

338 704 396 764 tre
419 687 529 763 Petro
555 683 701 763 Mutine
727 701 764 761 et
786 684 898 761 fratre
922 681 1059 761 Jacoho
1084 684 1252 762 Bononie
1284 701 1374 761 tunc
1401 683 1697 788 preceptoribus,
1725 703 1761 761 et

340 817 420 897 aliis
440 817 489 894 de
508 843 672 923 quorum
691 815 907 892 nominibus
926 841 1004 892 non
1024 814 1166 893 recolit.

396 949 476 1025 Jam
497 946 588 1023 dixit
605 974 674 1052 per
687 947 942 1054 juramentum
967 973 1078 1022 suum
1099 945 1219 1052 quod,
1243 973 1288 1024 eo
1308 963 1475 1051 recepto,
1498 963 1537 1023 et
1558 962 1644 1052 post
1659 947 1763 1053 jura-

341 1095 510 1157 mentum
521 1076 567 1154 ab
588 1104 633 1153 eo
648 1077 844 1183 prestitum
860 1076 908 1153 de
924 1076 1068 1153 statutis
1084 1092 1122 1152 et
1137 1077 1286 1153 secretis
1300 1076 1443 1154 ordinis
1456 1076 1693 1155 observandis
1706 1140 1714 1166 ,
1728 1097 1764 1155 et

342 1227 427 1316 post
443 1206 662 1285 mantellum
679 1207 750 1284 sibi
764 1207 929 1314 positum
945 1206 993 1282 ad
1008 1205 1164 1296 collum,
1186 1208 1371 1314 recipiens
1385 1207 1494 1284 traxit
1514 1235 1599 1286 eum
1620 1208 1668 1285 ad
1681 1238 1765 1314 par-

343 1357 435 1430 tem,
458 1355 494 1415 et
520 1338 683 1415 ostendit
707 1337 778 1415 sibi
803 1337 1003 1444 quamdam
1021 1365 1169 1413 crucem
1188 1336 1350 1443 ligneam
1375 1367 1460 1416 cum
1485 1339 1657 1445 ymagine
1682 1368 1764 1415 cru-

345 1468 460 1556 cifixi,
483 1486 520 1545 et
538 1469 705 1574 precepit
724 1468 794 1545 sibi
812 1467 917 1574 quod
934 1467 1134 1575 abnegaret
1153 1496 1239 1545 eum
1260 1468 1365 1575 cujus
1382 1496 1514 1575 ymago
1535 1486 1611 1545 erat
1634 1468 1704 1555 ibi,
1727 1488 1763 1545 et

344 1617 403 1678 ter
421 1617 572 1705 spueret
590 1627 700 1705 supra
723 1626 888 1689 crucem3
910 1603 984 1705 que
1009 1597 1099 1675 lecit
1122 1598 1223 1674 idem
1243 1598 1355 1675 frater
1373 1600 1514 1676 Petrus.

400 1733 493 1808 Item
509 1730 599 1806 dixit
612 1758 680 1835 per
694 1729 951 1836 juramentum
964 1729 1067 1835 quod
1087 1730 1270 1836 recipiens
1291 1729 1382 1806 dixit
1397 1729 1466 1806 sibi
1483 1730 1586 1836 qnod
1603 1731 1633 1807 si
1648 1748 1765 1836 temp·

344 1862 434 1938 tatio
453 1861 572 1938 carnis
591 1861 801 1937 stimularet
817 1889 920 1952 eum,
942 1860 1047 1966 quod
1067 1860 1146 1966 ipse
1169 1859 1268 1937 bene
1292 1878 1437 1966 poterat
1459 1889 1497 1937 se
1523 1861 1763 1939 commiscere

346 2020 432 2067 cum
451 1989 627 2068 lratribus
647 1990 788 2068 ordinis
806 1991 881 2081 sui,
904 2007 942 2067 et
960 1990 1030 2096 ipsi
1051 2018 1177 2067 secum
1198 1991 1277 2067 sine
1292 2008 1456 2096 peccato.
1479 1991 1554 2068 Sed
1575 1990 1652 2096 ipse
1671 2021 1766 2068 nun-

345 2148 456 2227 quam
478 2120 637 2199 credidit
653 2149 722 2197 nec
737 2118 873 2212 credit,
893 2137 936 2197 ut
961 2119 1066 2209 dixit,
1084 2121 1177 2226 quin
1197 2123 1270 2198 hoc
1287 2123 1336 2198 sit
1356 2139 1549 2227 peccatum
1564 2121 1763 2210 horribile,

347 2267 382 2326 et
404 2250 495 2327 dixit
513 2250 616 2356 quod
633 2277 823 2356 nunquam
839 2250 1026 2328 commisit
1045 2249 1144 2327 illud
1158 2268 1365 2357 peccatum.

401 2380 494 2458 Item
509 2379 694 2457 osculatus
713 2380 784 2456 luit
796 2380 1041 2485 recipientem
1061 2382 1100 2456 iu
1119 2409 1201 2470 ore,
1221 2384 1260 2458 in
1277 2382 1459 2460 umbilico
1480 2399 1517 2459 et
1532 2384 1570 2458 in
1585 2382 1646 2458 vili
1664 2403 1765 2489 parte

346 2507 523 2589 inferiori.

401 2641 493 2718 Item
513 2640 605 2717 dixit
623 2641 727 2747 quod
747 2640 840 2717 vidit
854 2639 1006 2718 fratrem
1021 2639 1213 2719 Artusium
1233 2643 1394 2719 militem
1415 2670 1559 2730 secum,
1583 2659 1619 2717 et
1640 2661 1765 2746 postea

345 2768 471 2875 plures
489 2771 580 2849 alios
600 2771 729 2848 lratres
745 2771 833 2848 dicti
855 2771 997 2849 ordinis
1017 2771 1209 2877 perillum
1229 2774 1406 2850 eumdem
1428 2772 1584 2849 modum
1602 2773 1714 2878 recipi
1730 2776 1765 2848 in

346 2900 477 2977 ordine
498 2902 679 3008 predicto.

400 3032 490 3106 Item
513 3029 604 3107 dixit
622 3059 689 3135 per
705 3030 964 3135 juramentum
984 3058 1093 3107 suum
1112 3032 1282 3136 quodsi,
1300 3033 1356 3106 vel
1373 3050 1475 3107 metu
1494 3049 1764 3108 tormentorum

345 3159 403 3236 vel
422 3160 509 3236 alias
529 3188 605 3236 nou
621 3159 713 3236 dixit
730 3159 833 3236 aliud
852 3187 963 3266 quam
977 3160 1185 3248 veritatem,
1210 3189 1280 3238 nec
1300 3163 1339 3237 in
1355 3161 1546 3268 premissis
1565 3162 1768 3237 immiscuit

346 3290 505 3396 aliquam
521 3289 737 3380 salsitatem,
758 3290 826 3367 sed
846 3317 988 3367 meram
1001 3290 1194 3368 veritatem
1217 3291 1309 3367 dixit
1322 3320 1391 3396 pro
1412 3291 1530 3368 salute
1550 3291 1670 3367 anime
1687 3319 1764 3366 sue.

402 3554 495 3629 Item
509 3552 621 3628 frater
629 3552 817 3630 Iohannes
826 3552 872 3628 de
887 3554 1021 3631 Sancto
1041 3554 1201 3631 Remino
1222 3554 1499 3632 Suessionensis
1512 3554 1681 3641 diocesis,
1695 3584 1770 3632 mo·

346 3710 429 3760 raus
446 3711 531 3759 cum
546 3699 764 3788 preceptore
780 3682 999 3770 Pictavensi,
1018 3683 1123 3760 etatis
1139 3708 1224 3761 xxvi
1239 3711 1422 3763 annorum
1434 3684 1491 3759 vel
1506 3684 1616 3773 circa,
1633 3687 1767 3762 eodem

346 3812 460 3891 modo
482 3813 720 3903 constitutus,
737 3813 883 3920 juratus
903 3830 940 3890 et
958 3813 1177 3918 requisitus,
1197 3812 1288 3890 dixit
1307 3843 1376 3919 per
1390 3815 1645 3920 jurameutum
1659 3844 1768 3892 suum

346 3944 450 4050 quod
469 3943 567 4021 bene
588 3959 673 4019 sunt
696 3942 864 4049 quinque
892 3943 977 4019 anni
1001 3942 1059 4020 vel
1080 3943 1175 4020 circa
1196 3942 1305 4048 elapsi
1328 3944 1431 4051 quod
1451 3943 1523 4020 fuit
1541 3963 1711 4050 receptus
1731 3948 1768 4019 in

347 4071 459 4153 domo
480 4074 527 4150 de
546 4074 684 4152 Rochis
715 4074 821 4182 juxta
847 4073 1106 4180 Lezigniacum
1138 4073 1357 4152 Pictavensis
1388 4074 1564 4161 diocesis,
1598 4103 1665 4178 per
1698 4074 1769 4150 fra-

344 4219 440 4279 trem
456 4203 680 4281 Balduinum
696 4206 743 4280 de
761 4204 864 4282 Chiri
887 4203 1064 4292 militem,
1085 4221 1343 4310 preceptorem
1359 4203 1456 4280 dicte
1475 4204 1610 4280 domus
1630 4205 1677 4280 de
1698 4207 1769 4280 Ro-

345 4332 439 4426 obis,
464 4336 701 4440 presentibus
721 4333 832 4412 fratre
863 4334 1078 4414 Audeberto
1100 4335 1147 4410 de
1169 4335 1276 4410 Porta
1298 4352 1334 4411 et
1360 4332 1535 4411 fratribus
1559 4334 1709 4411 Matheo
1734 4353 1770 4410 et

344 4464 514 4543 Iohanne
529 4467 655 4553 sociis,
678 4469 716 4541 in
738 4465 833 4541 dicta
852 4465 982 4554 domo,
1005 4493 1076 4542 nec
1091 4464 1261 4570 pluribus
1278 4465 1380 4570 quod
1399 4464 1549 4542 recolat.

402 4598 493 4671 Item
517 4596 608 4672 dixit
636 4625 703 4702 per
718 4596 975 4702 juramentum
1003 4622 1113 4685 suum
1143 4594 1267 4700 quod,
1298 4622 1345 4671 eo
1374 4612 1540 4700 recept0‚
1557 4597 1769 4703 juramento

347 4726 503 4830 prestito
534 4725 579 4802 ab
606 4727 741 4802 eodem
767 4725 813 4801 de
843 4725 987 4803 statutis
1019 4740 1057 4801 et
1092 4725 1242 4801 secretis
1271 4724 1413 4802 ordinis
1442 4724 1702 4812 observandis,
1736 4746 1772 4803 et

346 4854 526 4932 mantello
551 4856 622 4932 sibi
644 4857 691 4932 ad
713 4854 847 4933 collum
872 4855 1013 4960 posito,
1034 4855 1218 4962 recipiens
1235 4855 1345 4931 traxit
1375 4883 1461 4933 eum
1482 4856 1529 4934 ad
1549 4874 1710 4962 partem,
1734 4875 1769 4933 et
