4236 5948
334 516 408 592 ast
720 496 915 589 pnoots
940 515 1036 586 ons
1064 513 1363 587 inuramus.
1458 496 1464 507 '

331 675 413 736 tum
428 685 538 734 suum
553 655 672 762 quod,
697 673 845 733 ostenso
866 655 935 732 sibi
954 653 1117 760 quodam
1137 653 1273 730 missali
1300 654 1339 729 in
1359 680 1435 758 quo
1452 670 1529 729 erat
1544 681 1646 742 crux,
1666 653 1750 729 etin

332 816 407 894 quo
426 804 504 864 erat
524 786 666 892 depicta
692 815 823 893 ymago
842 785 959 861 lhesu
984 783 1139 870 Christi,
1160 783 1325 889 precepit
1345 782 1415 859 sibi
1435 782 1539 888 quod
1554 781 1753 890 abnegaret

332 918 438 1017 illum
453 918 555 1022 cujus
567 945 699 1023 ymago
713 915 1037 1021 representabatur
1051 913 1121 1000 ibi,
1138 914 1203 1020 qui
1216 913 1303 991 licet
1314 914 1448 991 invitus
1466 913 1659 1020 abnegavit
1673 941 1750 1001 ore,

330 1047 418 1125 licet
441 1075 516 1124 non
535 1046 663 1134 corde,
685 1063 728 1122 ut
746 1045 889 1133 asserit,
911 1045 1027 1121 immo
1050 1042 1171 1121 doluit
1191 1061 1371 1149 quantum
1387 1044 1521 1149 potuit.
1538 1044 1751 1150 Requisitus

330 1195 456 1254 utrum
473 1193 623 1282 spueret
646 1204 757 1282 supra
778 1204 946 1262 crucem,
972 1174 1064 1250 dixit
1087 1173 1191 1279 quod
1211 1174 1281 1263 sic,
1299 1174 1369 1251 bis.
1388 1173 1603 1279 Requisitns
1623 1191 1749 1251 utrum

330 1307 516 1384 osculatus
545 1306 658 1382 luerit
684 1306 927 1411 recipientem
957 1303 1044 1381 alibi
1070 1332 1183 1409 quam
1211 1303 1249 1378 in
1278 1331 1359 1392 ore,
1388 1303 1479 1380 dixit
1505 1303 1608 1409 quod
1632 1304 1685 1380 sic
1711 1304 1750 1379 in

328 1435 507 1513 umbilico
531 1437 625 1512 etin
651 1463 732 1523 ore,
760 1452 797 1511 et
816 1463 893 1512 non
917 1433 1023 1522 alibi,
1047 1451 1089 1510 ut
1114 1433 1217 1510 dixit.
1234 1433 1336 1510 Dixit
1357 1434 1473 1510 eciam
1499 1434 1604 1540 quod
1629 1433 1751 1511 dictus

327 1567 508 1673 recipiens
527 1567 693 1672 precepit
717 1566 786 1642 sibi
805 1565 909 1671 quod
935 1564 1088 1641 omnino
1109 1564 1312 1640 abstineret
1331 1592 1351 1639 a
1371 1564 1589 1673 cognicione
1612 1564 1749 1641 mulie-

327 1724 430 1786 rum3
447 1697 595 1774 volebat
612 1715 739 1773 tamen
754 1713 791 1772 et
809 1695 1027 1803 injungebat
1049 1695 1167 1801 quod,
1190 1695 1219 1770 si
1235 1694 1345 1771 vellet
1364 1695 1521 1801 implere
1539 1710 1645 1771 suam
1664 1694 1750 1771 libi-

330 1826 476 1917 dinem,
492 1844 618 1931 posset
631 1855 715 1903 cum
727 1854 803 1903 uno
818 1827 864 1901 de
883 1825 960 1902 suis
974 1824 1150 1901 tratribus
1170 1824 1423 1900 commiscere.
1434 1824 1534 1902 Dixit
1543 1841 1667 1900 tamen
1683 1853 1749 1929 per

323 1956 579 2059 juramentum
597 1957 699 2062 quod
720 1984 912 2061 nunquam
933 1954 1066 2032 accidit
1085 1955 1152 2043 sic,
1175 1983 1245 2030 nec
1263 1983 1430 2060 unquam
1448 1954 1519 2031 fuit
1535 1953 1747 2060 requisitus.

328 2087 542 2192 Requisitns
570 2103 698 2162 utrum
726 2087 778 2172 vi,
810 2085 867 2161 vel
896 2103 1001 2162 metu
1027 2085 1183 2160 carceris
1198 2083 1255 2160 vel
1277 2102 1567 2172 tormentorum,
1589 2084 1748 2190 aliquam

328 2216 464 2291 dixerit
478 2215 674 2291 salsitatem
690 2215 744 2291 vel
766 2215 1013 2291 immiscuerit
1026 2216 1065 2290 in
1089 2215 1326 2319 deposicione
1350 2243 1431 2304 sua,
1454 2214 1543 2290 dixit
1563 2243 1630 2320 per
1647 2214 1750 2320 jura·

329 2361 495 2420 mentum
518 2373 627 2420 snum
643 2346 744 2450 quod
765 2373 858 2433 non;
873 2346 989 2421 immo
1007 2344 1098 2420 dixit
1117 2345 1322 2422 veritatem.

383 2609 476 2685 ltem
495 2606 608 2684 frater
623 2608 781 2685 Jacobus
803 2608 850 2684 de
871 2607 1131 2685 Rubeomonte
1155 2608 1382 2715 grangiarius
1403 2607 1449 2683 de
1468 2608 1746 2695 Sommeurens,

328 2736 435 2812 etatis
454 2738 639 2844 sexaginta
663 2736 792 2813 decem
815 2766 1016 2826 annorum,
1034 2739 1180 2845 juratus
1202 2738 1335 2814 eodem
1353 2736 1525 2814 modoet
1546 2736 1749 2841 requisitus

328 2868 374 2942 de
390 2883 558 2972 tempore
569 2885 606 2944 et
621 2868 737 2946 modo
748 2869 1066 2973 suoreccpcionis‚
1080 2868 1171 2945 dixit
1184 2895 1251 2972 per
1255 2868 1510 2974 juramentum
1524 2895 1634 2943 suum
1645 2867 1748 2972 quod

328 3015 499 3103 receptus
517 2997 588 3074 fuit
607 2998 707 3103 apud
726 2999 904 3087 Parisios,
926 3028 994 3104 per
1011 2998 1162 3075 fratrem
1183 2999 1414 3074 Franconem
1436 2997 1484 3073 de
1508 2998 1646 3074 Bomio
1667 3025 1749 3100 pre-

326 3143 515 3232 ceptorem
536 3129 743 3217 Provincie‚
766 3130 1010 3235 quadraginta
1034 3131 1120 3204 anni
1141 3146 1229 3205 sunt
1249 3129 1361 3234 elapsi
1382 3128 1439 3204 vel
1463 3129 1574 3214 circa,
1596 3154 1749 3231 presen-

325 3256 426 3333 tibus
447 3257 558 3333 fratre
580 3259 734 3364 Hugone
760 3259 806 3335 de
831 3260 1001 3336 Paraudo
1026 3277 1064 3335 et
1082 3258 1251 3365 pluribus
1270 3258 1350 3334 aliis
1371 3258 1416 3335 de
1443 3286 1605 3365 quorum
1625 3259 1748 3335 nomi-

328 3386 441 3461 nibus
453 3414 529 3463 non
539 3388 683 3464 recolit.
696 3387 797 3464 Dixit
810 3389 925 3464 eciam
935 3417 1002 3494 per
1005 3389 1377 3494 juramentumsuum
1387 3391 1503 3495 quod,
1516 3406 1602 3494 post
1614 3389 1749 3466 multas

328 3516 594 3618 promissiones
617 3516 662 3592 de
691 3517 837 3593 statutis
863 3535 900 3593 et
924 3517 1171 3595 observanciis
1196 3519 1283 3595 dicti
1309 3519 1454 3596 ordinis
1478 3519 1605 3607 lactas,
1629 3520 1749 3597 dictus

325 3662 498 3751 receptus
519 3647 641 3750 ipsum
662 3665 892 3751 receptorem
915 3647 1102 3726 osculatus
1120 3648 1192 3725 fuit
1206 3649 1244 3724 in
1259 3650 1440 3727 umbilico
1455 3666 1600 3726 tantum
1616 3650 1744 3727 semel.

326 3773 426 3850 Dixit
441 3775 557 3850 eciam
573 3803 641 3880 per
650 3777 905 3882 juramentum
920 3807 1030 3855 suum
1047 3777 1151 3884 quod
1165 3778 1331 3883 precepit
1344 3777 1414 3854 sibi
1431 3777 1551 3854 dictus
1566 3780 1748 3884 recipiens

326 3905 428 4008 quod
444 3922 595 4009 spueret
610 3935 720 4011 supra
734 3936 896 3998 crucem,
916 3908 1020 4013 quod
1039 3907 1127 3984 fecit
1142 3925 1267 3985 contra
1283 3908 1509 3985 voluntatem
1524 3937 1646 3997 suam3
1661 3909 1748 3987 lecit

325 4051 467 4126 tamen,
488 4036 575 4141 quia
595 4036 860 4143 injungebatur
879 4038 950 4114 sibi
970 4039 1008 4113 in
1026 4037 1161 4115 virtute
1180 4037 1401 4117 obediencie
1421 4039 1602 4145 promisse
1623 4039 1669 4117 ab
1687 4068 1744 4118 eo.

325 4164 427 4241 Dixit
444 4183 569 4243 tamen
581 4196 649 4271 per
662 4167 917 4274 juramentum
933 4197 1043 4245 suum
1059 4168 1163 4275 quod
1184 4185 1355 4275 receptor
1372 4169 1536 4276 precepit
1552 4170 1623 4247 sibi
1644 4173 1746 4278 quod

327 4296 481 4372 omnino
495 4295 728 4374 abstinereta
749 4297 987 4387 mulieribus
1007 4316 1044 4375 et
1061 4300 1166 4404 quod
1185 4300 1445 4377 commisceret
1458 4327 1497 4376 se
1513 4328 1600 4375 cum
1618 4301 1745 4409 aliquo

327 4424 557 4503 defratribus
568 4428 644 4503 suis
655 4428 683 4504 si
694 4428 1021 4535 indigeret,ethoc
1034 4447 1223 4534 pateretur
1235 4430 1280 4506 ab
1292 4429 1605 4535 aliis.Requisitus
1617 4449 1746 4508 utrum

326 4554 377 4642 vi,
389 4555 445 4630 vel
461 4573 562 4633 metu
585 4559 740 4635 carceris
755 4558 813 4635 vel
827 4577 1121 4648 tormentorum,
1146 4560 1308 4667 aliquam
1329 4559 1464 4636 dixerit
1477 4560 1672 4639 falsitatem
1688 4562 1745 4638 vel

325 4684 571 4761 immiscuerit
586 4688 624 4762 in
637 4688 875 4793 deposicione
889 4720 967 4780 sua,
983 4691 1073 4768 dixit
1085 4720 1153 4796 per
1155 4692 1413 4797 juramentum
1424 4719 1534 4769 suum
1543 4692 1646 4797 quod
1655 4720 1744 4779 non3

326 4814 442 4892 immo
459 4816 550 4893 dixit
567 4819 770 4896 veritatem.
