4236 5948
577 528 771 621 eneces
798 549 891 620 uus
916 545 1212 619 rummiens.
1534 554 1604 626 109

192 690 286 768 sioni
306 717 372 795 per
386 715 474 764 eum
493 688 586 765 lacte
608 716 732 764 eoram
750 688 849 765 dicto
870 685 1018 764 officiali
1038 686 1130 764 dixit
1150 716 1188 764 se
1211 686 1305 765 velle
1320 707 1435 778 stare,
1453 710 1490 769 et
1506 724 1607 770 men·

194 821 303 897 titum
318 817 430 895 luisse
452 819 491 893 in
509 816 582 894 hoc
596 845 719 893 eoram
747 818 854 893 dietis
873 816 1038 895 dominis
1068 820 1346 909 commissariis,
1369 839 1407 896 et
1426 823 1510 927 quia
1530 853 1606 901 non

195 949 334 1026 dixerat
354 949 407 1024 eis
429 947 531 1052 quod
552 947 717 1052 predicta
738 946 939 1053 abnegaeio
969 966 1008 1023 et
1027 949 1169 1054 spuicio
1191 949 1465 1028 intervenerant
1490 953 1528 1028 in
1550 984 1608 1029 re-

195 1076 434 1185 cepeionihus
453 1078 569 1154 trium
593 1078 656 1183 qui
677 1075 830 1153 luerunt
845 1077 985 1184 recepti
1012 1107 1097 1153 eum
1118 1108 1181 1168 eo;
1207 1079 1274 1154 sed
1298 1081 1336 1155 in
1357 1080 1439 1157 aliis
1460 1083 1609 1159 volebat

194 1236 427 1314 perseverare
451 1208 490 1284 in
514 1207 752 1311 deposicione
768 1234 892 1282 coram
910 1208 962 1283 eis
977 1206 1085 1297 lacta,
1110 1208 1180 1284 hoc
1199 1226 1350 1314 excepto
1371 1213 1475 1316 quod
1490 1216 1611 1289 credit

195 1340 295 1445 quod
316 1338 568 1414 communiter
588 1337 626 1410 in
646 1336 778 1412 ordine
800 1336 1067 1413 intervenirent
1092 1337 1190 1413 dicta
1217 1337 1342 1415 illicita
1364 1340 1403 1415 in
1423 1345 1610 1448 recepcio-

196 1468 306 1544 nibus
328 1467 487 1542 aliorum
518 1467 574 1542 vel
596 1483 701 1571 post,
729 1467 813 1571 quie
838 1494 995 1571 magnus
1022 1467 1197 1574 Magister
1224 1485 1262 1542 et
1288 1468 1349 1543 alii
1382 1468 1510 1574 plures
1538 1472 1608 1547 hoe

196 1595 530 1674 lueruntconlessi.
554 1597 767 1701 Requisitus
790 1623 903 1700 quare
926 1594 1105 1671 celaverat
1132 1596 1199 1672 ista
1224 1598 1262 1671 in
1284 1597 1523 1702 deposicione
1545 1630 1609 1677 sua

196 1725 284 1802 lacta
305 1754 430 1803 coram
447 1726 556 1802 dictis
576 1725 740 1802 dominis
754 1725 1031 1817 commissoriis,
1048 1726 1244 1831 respondit
1259 1727 1362 1831 quod
1383 1747 1537 1835 propter
1562 1733 1579 1806 l
1596 1780 1613 1789 -

197 1858 365 1933 tuitatem
380 1885 498 1934 suam.
520 1856 734 1960 Requisitus
754 1855 784 1931 si
809 1855 1032 1932 revelaverat
1055 1856 1335 1961 deposicionem
1358 1889 1461 1935 suam
1484 1860 1608 1950 alicui,

197 1986 391 2090 respondit
409 1985 513 2090 quod
538 2012 627 2059 non.
655 1985 869 2090 Requisitus
894 1984 1065 2062 siluerat
1089 2014 1157 2091 per
1181 1986 1345 2091 aliquem
1370 1989 1545 2066 inductus
1565 1994 1611 2067 ad

197 2115 398 2191 dicendum
411 2115 590 2220 predicta,
608 2115 802 2219 respondit
821 2115 924 2220 quod
940 2144 1028 2203 non,
1047 2133 1084 2190 et
1103 2117 1205 2221 quod
1226 2115 1329 2193 nulle
1351 2118 1451 2193 mine
1468 2119 1615 2197 luerent

197 2245 265 2322 sihi
282 2244 402 2332 illate,
418 2245 484 2320 sed
499 2245 652 2350 proprio
666 2262 772 2322 motu
790 2245 932 2320 dixerat
949 2244 1132 2350 predicta,
1146 2247 1232 2350 quia
1249 2247 1392 2323 viderat
1406 2277 1445 2324 se
1460 2278 1611 2327 errasse.

251 2376 340 2451 Aeta
359 2373 514 2450 luerunt
533 2374 603 2451 hee
619 2376 726 2452 dictis
742 2375 804 2451 die
826 2392 864 2450 et
883 2375 982 2461 loco,
1001 2375 1239 2480 presentibus
1259 2379 1434 2482 magistro
1448 2381 1610 2470 Amisio,

199 2531 256 2579 me
273 2503 527 2581 Floriamonte
546 2505 743 2583 Dondedei
763 2523 800 2581 et
819 2505 900 2580 aliis
913 2505 1067 2582 notariis
1082 2533 1192 2610 supra
1211 2505 1347 2582 ultimo
1367 2509 1580 2585 nominatis.

254 2768 342 2844 Post
357 2767 442 2858 hec,
461 2767 521 2843 die
532 2768 686 2846 Veneris
700 2769 889 2874 sequenti,
905 2769 943 2843 in
960 2768 1161 2844 crastinum
1176 2766 1490 2844 Annunciacionis
1508 2770 1615 2846 beate

202 2897 334 2984 Marie,
355 2926 428 3002 que
441 2891 513 2972 luit
527 2924 609 2975 xxvr
626 2897 707 2974 dies
723 2898 813 2973 dicti
830 2898 967 2974 mensis
982 2897 1126 2983 Marcii,
1143 2895 1296 2972 luerunt
1306 2897 1457 2972 adducti
1473 2899 1520 2972 ad
1534 2928 1617 3002 pre-

203 3027 362 3104 senciam
380 3027 601 3102 eorumdem
617 3027 859 3104 dominorum
878 3026 1109 3104 hlimatensis
1131 3043 1169 3101 et
1186 3026 1457 3101 lemovicensis
1482 3030 1619 3131 episco-

204 3182 338 3260 porum
357 3171 394 3230 et
413 3154 664 3231 archidiaconi
689 3156 923 3244 Tridentini,
952 3154 1034 3230 aliis
1055 3155 1249 3241 excusatis,
1276 3183 1344 3259 pro
1363 3154 1544 3238 testibus,
1580 3158 1616 3230 in

204 3286 301 3360 dicta
320 3284 433 3359 domo
454 3284 597 3360 domini
613 3285 711 3360 Petri
728 3286 774 3362 de
796 3285 999 3373 Sahaudia,
1019 3282 1148 3361 fratres
1161 3284 1315 3390 Egidius
1328 3284 1376 3359 de
1392 3286 1615 3373 Loveneort,

205 3432 240 3490 et
252 3414 441 3491 lohannes
455 3414 502 3490 de
519 3414 664 3491 Gaenes
682 3414 958 3506 Ambianensis,
979 3414 1106 3492 Guido
1127 3415 1173 3490 de
1189 3415 1378 3492 Bellavilla
1396 3413 1616 3497 Meldensis.

206 3545 364 3622 hericus
382 3544 428 3621 de
448 3522 686 3649 Compendio
706 3545 1005 3635 suessionensis,
1027 3543 1141 3622 Oddo
1163 3544 1209 3618 de
1230 3545 1338 3620 Buris
1355 3544 1617 3649 lingonensis,

205 3691 242 3749 et
264 3672 458 3778 Philippus
480 3673 629 3750 Griselli
656 3675 913 3751 Noviomensis
936 3674 1146 3760 diocesum,
1167 3672 1377 3749 servientes.
1399 3673 1474 3764 Qui
1495 3690 1622 3777 prote-

207 3804 368 3880 staeione
377 3804 553 3910 premissa
567 3805 671 3910 quod
682 3833 759 3881 non
768 3803 1014 3881 intendebant
1026 3803 1201 3880 recedere
1213 3830 1232 3876 a
1245 3803 1548 3907 deposicionibus
1559 3834 1626 3907 per

207 3962 270 4010 eos
284 3933 387 4009 factis
402 3961 526 4010 eoram
540 3934 617 4009 suis
637 3933 852 4024 ordinariis,
875 3950 913 4009 et
931 3932 1077 4038 quodsi
1091 3959 1215 4009 coram
1237 3932 1326 4036 ipsis
1341 3930 1505 4008 dominis
1521 3963 1623 4009 eom-

208 4063 383 4140 missariis
403 4062 546 4169 aliquid
565 4063 651 4168 plus
670 4063 729 4140 vel
749 4064 874 4139 minus
894 4062 1079 4151 dicerent,
1098 4061 1202 4168 quod
1223 4062 1276 4137 eis
1296 4089 1372 4136 non
1393 4063 1623 4166 prejudicet,

203 4195 438 4300 juraverunt,
462 4194 568 4271 tactis
583 4194 821 4270 saerosanctis
835 4191 1064 4299 Evangeliis,
1080 4191 1204 4267 dicere
1224 4191 1262 4265 in
1284 4190 1355 4265 isto
1376 4192 1532 4296 negocio
1546 4192 1627 4295 ple·

208 4352 294 4399 nam
315 4340 352 4399 et
369 4350 509 4400 meram
531 4324 742 4411 veritatem,
760 4322 967 4401 secundum
985 4321 1143 4399 formam
1165 4321 1368 4427 juramenti
1391 4320 1550 4396 aliorum
1573 4340 1623 4397 te-

207 4452 321 4529 stium
339 4453 512 4559 superius
533 4453 783 4558 registratam,
809 4452 1010 4560 expositam
1030 4468 1067 4528 et
1082 4452 1342 4557 vulgarizatam
1359 4450 1512 4526 eisdem.

265 4713 351 4804 Quo
367 4713 476 4804 laeto,
496 4713 652 4790 domino
665 4714 815 4791 Matheo
834 4714 1006 4791 veniente
1024 4730 1061 4789 et
1076 4730 1246 4819 presente
1266 4741 1350 4788 cum
1367 4713 1448 4789 aliis
1464 4712 1627 4788 dominis

209 4842 488 4933 commissoriis,
502 4842 623 4920 dictus
638 4843 723 4922 Ode
739 4844 787 4921 de
800 4842 908 4921 Buris
921 4843 1100 4929 serviens,
1124 4869 1229 4919 xxvm
1244 4870 1429 4917 annorum
1439 4841 1497 4916 vel
1514 4843 1625 4926 eirca,
