<?xml version="1.0" encoding="UTF-8"?>
<!DOCTYPE html PUBLIC "-//W3C//DTD XHTML 1.0 Transitional//EN"
    "http://www.w3.org/TR/xhtml1/DTD/xhtml1-transitional.dtd">
<html xmlns="http://www.w3.org/1999/xhtml" xml:lang="en" lang="en">
 <head>
  <title>
</title>
<meta http-equiv="Content-Type" content="text/html;charset=utf-8" />
  <meta name='ocr-system' content='tesseract 3.04.00' />
  <meta name='ocr-capabilities' content='ocr_page ocr_carea ocr_par ocr_line ocrx_word'/>
</head>
<body>
  <div class='ocr_page' id='page_1' title='image "./procsdestemplie00defegoog/procsdestemplie00defegoog_0345.png"; bbox 0 0 4236 5948; ppageno 0'>
   <div class='ocr_carea' id='block_1_1' title="bbox 728 521 1759 624">
    <p class='ocr_par' dir='ltr' id='par_1_1' title="bbox 728 521 1759 624">
     <span class='ocr_line' id='line_1_1' title="bbox 728 521 1759 624; baseline 0.012 -13"><span class='ocrx_word' id='word_1_1' title='bbox 728 521 923 613; x_wconf 77' lang='lat' dir='ltr'>rnocts</span> <span class='ocrx_word' id='word_1_2' title='bbox 948 539 1044 612; x_wconf 86' lang='lat' dir='ltr'>oss</span> <span class='ocrx_word' id='word_1_3' title='bbox 1071 540 1372 614; x_wconf 74' lang='lat' dir='ltr'>retunsus.</span> <span class='ocrx_word' id='word_1_4' title='bbox 1685 552 1759 624; x_wconf 81' lang='lat'>323</span> 
     </span>
    </p>
   </div>
   <div class='ocr_carea' id='block_1_2' title="bbox 341 680 1848 919">
    <p class='ocr_par' dir='ltr' id='par_1_2' title="bbox 341 680 1848 919">
     <span class='ocr_line' id='line_1_2' title="bbox 341 680 1762 796; baseline 0.005 -36"><span class='ocrx_word' id='word_1_5' title='bbox 341 682 398 761; x_wconf 80' lang='lat' dir='ltr'>vel</span> <span class='ocrx_word' id='word_1_6' title='bbox 412 699 704 769; x_wconf 84' lang='lat' dir='ltr'>tormentorum,</span> <span class='ocrx_word' id='word_1_7' title='bbox 723 680 885 786; x_wconf 83' lang='lat' dir='ltr'>aliquam</span> <span class='ocrx_word' id='word_1_8' title='bbox 901 681 1035 757; x_wconf 81' lang='lat' dir='ltr'>dixerit</span> <span class='ocrx_word' id='word_1_9' title='bbox 1049 681 1308 760; x_wconf 81' lang='lat' dir='ltr'>falsitatemvel</span> <span class='ocrx_word' id='word_1_10' title='bbox 1319 684 1762 796; x_wconf 90' lang='lat' dir='ltr'>immiscueritindeposi-</span> 
     </span>
     <span class='ocr_line' id='line_1_3' title="bbox 342 794 1848 919; baseline -0.001 -28"><span class='ocrx_word' id='word_1_11' title='bbox 342 814 539 900; x_wconf 83' lang='lat' dir='ltr'>cionesuu,</span> <span class='ocrx_word' id='word_1_12' title='bbox 552 812 644 888; x_wconf 86' lang='lat' dir='ltr'>dixit</span> <span class='ocrx_word' id='word_1_13' title='bbox 653 840 719 918; x_wconf 91' lang='lat' dir='ltr'>per</span> <span class='ocrx_word' id='word_1_14' title='bbox 723 813 975 919; x_wconf 84' lang='lat' dir='ltr'>juramentum</span> <span class='ocrx_word' id='word_1_15' title='bbox 983 842 1093 894; x_wconf 90' lang='lat' dir='ltr'>suum</span> <span class='ocrx_word' id='word_1_16' title='bbox 1103 816 1206 919; x_wconf 91' lang='lat' dir='ltr'>quod</span> <span class='ocrx_word' id='word_1_17' title='bbox 1221 842 1313 902; x_wconf 78' lang='lat' dir='ltr'>non3</span> <span class='ocrx_word' id='word_1_18' title='bbox 1332 794 1759 896; x_wconf 83' lang='lat' dir='ltr'>imrnodixitveritatem.</span> <span class='ocrx_word' id='word_1_19' title='bbox 1837 868 1848 889; x_wconf 88' lang='lat'><strong><em>.</em></strong></span> 
     </span>
    </p>
   </div>
   <div class='ocr_carea' id='block_1_3' title="bbox 323 1073 1769 3261">
    <p class='ocr_par' dir='ltr' id='par_1_3' title="bbox 323 1073 1769 3261">
     <span class='ocr_line' id='line_1_4' title="bbox 395 1073 1762 1185; baseline 0.003 -35"><span class='ocrx_word' id='word_1_20' title='bbox 395 1076 489 1151; x_wconf 89' lang='lat' dir='ltr'>ltem</span> <span class='ocrx_word' id='word_1_21' title='bbox 512 1073 623 1149; x_wconf 83' lang='lat' dir='ltr'>frater</span> <span class='ocrx_word' id='word_1_22' title='bbox 645 1074 855 1179; x_wconf 83' lang='lat' dir='ltr'><strong>Stephanus</strong></span> <span class='ocrx_word' id='word_1_23' title='bbox 885 1074 931 1149; x_wconf 89' lang='lat' dir='ltr'>de</span> <span class='ocrx_word' id='word_1_24' title='bbox 962 1073 1128 1151; x_wconf 89' lang='lat' dir='ltr'>Domont</span> <span class='ocrx_word' id='word_1_25' title='bbox 1159 1075 1246 1151; x_wconf 90' lang='lat' dir='ltr'>dicti</span> <span class='ocrx_word' id='word_1_26' title='bbox 1268 1075 1425 1163; x_wconf 87' lang='lat' dir='ltr'>ordinis,</span> <span class='ocrx_word' id='word_1_27' title='bbox 1452 1078 1558 1154; x_wconf 88' lang='lat' dir='ltr'>etatis</span> <span class='ocrx_word' id='word_1_28' title='bbox 1579 1078 1762 1185; x_wconf 89' lang='lat' dir='ltr'>quinqua-</span> 
     </span>
     <span class='ocr_line' id='line_1_5' title="bbox 340 1204 1763 1312; baseline 0.004 -33"><span class='ocrx_word' id='word_1_29' title='bbox 340 1204 439 1311; x_wconf 80' lang='lat' dir='ltr'>ginta</span> <span class='ocrx_word' id='word_1_30' title='bbox 459 1231 661 1291; x_wconf 86' lang='lat' dir='ltr'>unnorum,</span> <span class='ocrx_word' id='word_1_31' title='bbox 693 1204 840 1310; x_wconf 83' lang='lat' dir='ltr'>juratus</span> <span class='ocrx_word' id='word_1_32' title='bbox 866 1205 999 1280; x_wconf 90' lang='lat' dir='ltr'>eodem</span> <span class='ocrx_word' id='word_1_33' title='bbox 1025 1205 1140 1280; x_wconf 91' lang='lat' dir='ltr'>modo</span> <span class='ocrx_word' id='word_1_34' title='bbox 1164 1222 1200 1279; x_wconf 86' lang='lat' dir='ltr'>et</span> <span class='ocrx_word' id='word_1_35' title='bbox 1227 1206 1429 1310; x_wconf 89' lang='lat' dir='ltr'>requisitus</span> <span class='ocrx_word' id='word_1_36' title='bbox 1459 1207 1505 1284; x_wconf 93' lang='lat' dir='ltr'>de</span> <span class='ocrx_word' id='word_1_37' title='bbox 1530 1224 1698 1312; x_wconf 87' lang='lat' dir='ltr'>tempore</span> <span class='ocrx_word' id='word_1_38' title='bbox 1726 1228 1763 1285; x_wconf 91' lang='lat' dir='ltr'>et</span> 
     </span>
     <span class='ocr_line' id='line_1_6' title="bbox 340 1332 1763 1442; baseline 0.002 -32"><span class='ocrx_word' id='word_1_39' title='bbox 340 1332 454 1410; x_wconf 89' lang='lat' dir='ltr'>modo</span> <span class='ocrx_word' id='word_1_40' title='bbox 467 1362 532 1410; x_wconf 91' lang='lat' dir='ltr'>sue</span> <span class='ocrx_word' id='word_1_41' title='bbox 546 1333 788 1440; x_wconf 90' lang='lat' dir='ltr'>recepcionis,</span> <span class='ocrx_word' id='word_1_42' title='bbox 812 1335 904 1410; x_wconf 82' lang='lat' dir='ltr'>dixit</span> <span class='ocrx_word' id='word_1_43' title='bbox 918 1362 986 1439; x_wconf 92' lang='lat' dir='ltr'>per</span> <span class='ocrx_word' id='word_1_44' title='bbox 996 1333 1252 1441; x_wconf 86' lang='lat' dir='ltr'>juramentum</span> <span class='ocrx_word' id='word_1_45' title='bbox 1272 1363 1382 1411; x_wconf 90' lang='lat' dir='ltr'>suum</span> <span class='ocrx_word' id='word_1_46' title='bbox 1403 1336 1506 1442; x_wconf 92' lang='lat' dir='ltr'>quod</span> <span class='ocrx_word' id='word_1_47' title='bbox 1525 1337 1604 1442; x_wconf 89' lang='lat' dir='ltr'>ipse</span> <span class='ocrx_word' id='word_1_48' title='bbox 1619 1337 1691 1414; x_wconf 82' lang='lat' dir='ltr'>fuit</span> <span class='ocrx_word' id='word_1_49' title='bbox 1705 1367 1763 1413; x_wconf 88' lang='lat' dir='ltr'>re-</span> 
     </span>
     <span class='ocr_line' id='line_1_7' title="bbox 342 1463 1759 1572; baseline 0.001 -31"><span class='ocrx_word' id='word_1_50' title='bbox 342 1481 468 1569; x_wconf 83' lang='lat' dir='ltr'>ceptus</span> <span class='ocrx_word' id='word_1_51' title='bbox 483 1463 583 1571; x_wconf 81' lang='lat' dir='ltr'>apud</span> <span class='ocrx_word' id='word_1_52' title='bbox 597 1463 777 1541; x_wconf 85' lang='lat' dir='ltr'>Castelier</span> <span class='ocrx_word' id='word_1_53' title='bbox 788 1466 826 1539; x_wconf 92' lang='lat' dir='ltr'>in</span> <span class='ocrx_word' id='word_1_54' title='bbox 838 1464 1092 1553; x_wconf 74' lang='lat' dir='ltr'>Viromandis,</span> <span class='ocrx_word' id='word_1_55' title='bbox 1110 1465 1238 1571; x_wconf 80' lang='lat' dir='ltr'>viginti</span> <span class='ocrx_word' id='word_1_56' title='bbox 1254 1466 1338 1540; x_wconf 82' lang='lat' dir='ltr'>anni</span> <span class='ocrx_word' id='word_1_57' title='bbox 1353 1482 1437 1541; x_wconf 90' lang='lat' dir='ltr'>sunt</span> <span class='ocrx_word' id='word_1_58' title='bbox 1450 1466 1562 1572; x_wconf 88' lang='lat' dir='ltr'>elapsi</span> <span class='ocrx_word' id='word_1_59' title='bbox 1578 1467 1634 1543; x_wconf 91' lang='lat' dir='ltr'>vel</span> <span class='ocrx_word' id='word_1_60' title='bbox 1650 1468 1759 1556; x_wconf 85' lang='lat' dir='ltr'>circa,</span> 
     </span>
     <span class='ocr_line' id='line_1_8' title="bbox 341 1592 1764 1699; baseline 0.003 -30"><span class='ocrx_word' id='word_1_61' title='bbox 341 1621 406 1699; x_wconf 86' lang='lat' dir='ltr'>per</span> <span class='ocrx_word' id='word_1_62' title='bbox 425 1592 576 1669; x_wconf 82' lang='lat' dir='ltr'>fratrem</span> <span class='ocrx_word' id='word_1_63' title='bbox 605 1594 816 1670; x_wconf 85' lang='lat' dir='ltr'>Johannem</span> <span class='ocrx_word' id='word_1_64' title='bbox 843 1595 890 1670; x_wconf 91' lang='lat' dir='ltr'>de</span> <span class='ocrx_word' id='word_1_65' title='bbox 921 1593 1151 1673; x_wconf 82' lang='lat' dir='ltr'>Maimbressi</span> <span class='ocrx_word' id='word_1_66' title='bbox 1179 1595 1335 1670; x_wconf 88' lang='lat' dir='ltr'>militem</span> <span class='ocrx_word' id='word_1_67' title='bbox 1362 1594 1450 1671; x_wconf 86' lang='lat' dir='ltr'>dicti</span> <span class='ocrx_word' id='word_1_68' title='bbox 1480 1597 1634 1673; x_wconf 86' lang='lat' dir='ltr'>ordinis.</span> <span class='ocrx_word' id='word_1_69' title='bbox 1662 1598 1764 1674; x_wconf 84' lang='lat' dir='ltr'>Dixit</span> 
     </span>
     <span class='ocr_line' id='line_1_9' title="bbox 343 1724 1764 1831; baseline 0.002 -31"><span class='ocrx_word' id='word_1_70' title='bbox 343 1724 456 1802; x_wconf 81' lang='lat' dir='ltr'>eciam</span> <span class='ocrx_word' id='word_1_71' title='bbox 471 1752 539 1830; x_wconf 92' lang='lat' dir='ltr'>per</span> <span class='ocrx_word' id='word_1_72' title='bbox 547 1725 804 1830; x_wconf 84' lang='lat' dir='ltr'>juramentum</span> <span class='ocrx_word' id='word_1_73' title='bbox 815 1752 924 1801; x_wconf 92' lang='lat' dir='ltr'>suum</span> <span class='ocrx_word' id='word_1_74' title='bbox 939 1725 1060 1829; x_wconf 91' lang='lat' dir='ltr'>quod,</span> <span class='ocrx_word' id='word_1_75' title='bbox 1072 1742 1158 1831; x_wconf 86' lang='lat' dir='ltr'>post</span> <span class='ocrx_word' id='word_1_76' title='bbox 1171 1724 1306 1801; x_wconf 86' lang='lat' dir='ltr'>multas</span> <span class='ocrx_word' id='word_1_77' title='bbox 1319 1726 1586 1830; x_wconf 84' lang='lat' dir='ltr'>promissiones</span> <span class='ocrx_word' id='word_1_78' title='bbox 1602 1728 1691 1803; x_wconf 87' lang='lat' dir='ltr'>dicti</span> <span class='ocrx_word' id='word_1_79' title='bbox 1703 1757 1764 1804; x_wconf 93' lang='lat' dir='ltr'>or-</span> 
     </span>
     <span class='ocr_line' id='line_1_10' title="bbox 342 1854 1765 1960; baseline 0.001 -29"><span class='ocrx_word' id='word_1_80' title='bbox 342 1854 459 1943; x_wconf 88' lang='lat' dir='ltr'>dinis,</span> <span class='ocrx_word' id='word_1_81' title='bbox 478 1854 598 1931; x_wconf 85' lang='lat' dir='ltr'>dietus</span> <span class='ocrx_word' id='word_1_82' title='bbox 617 1855 800 1960; x_wconf 91' lang='lat' dir='ltr'>recipiens</span> <span class='ocrx_word' id='word_1_83' title='bbox 810 1856 977 1960; x_wconf 89' lang='lat' dir='ltr'>precepit</span> <span class='ocrx_word' id='word_1_84' title='bbox 993 1855 1063 1931; x_wconf 91' lang='lat' dir='ltr'>sibi</span> <span class='ocrx_word' id='word_1_85' title='bbox 1085 1871 1123 1931; x_wconf 91' lang='lat' dir='ltr'>et</span> <span class='ocrx_word' id='word_1_86' title='bbox 1143 1854 1300 1960; x_wconf 85' lang='lat' dir='ltr'>injunxit</span> <span class='ocrx_word' id='word_1_87' title='bbox 1315 1855 1420 1960; x_wconf 91' lang='lat' dir='ltr'>quod</span> <span class='ocrx_word' id='word_1_88' title='bbox 1435 1858 1590 1933; x_wconf 91' lang='lat' dir='ltr'>omnino</span> <span class='ocrx_word' id='word_1_89' title='bbox 1610 1857 1765 1933; x_wconf 80' lang='lat' dir='ltr'>abstine-</span> 
     </span>
     <span class='ocr_line' id='line_1_11' title="bbox 342 1985 1765 2091; baseline 0.004 -32"><span class='ocrx_word' id='word_1_90' title='bbox 342 2003 397 2062; x_wconf 86' lang='lat' dir='ltr'>ret</span> <span class='ocrx_word' id='word_1_91' title='bbox 421 2015 460 2063; x_wconf 87' lang='lat' dir='ltr'>se</span> <span class='ocrx_word' id='word_1_92' title='bbox 480 2014 500 2061; x_wconf 83' lang='lat' dir='ltr'>a</span> <span class='ocrx_word' id='word_1_93' title='bbox 520 1985 757 2072; x_wconf 91' lang='lat' dir='ltr'>mulieribus,</span> <span class='ocrx_word' id='word_1_94' title='bbox 786 2002 824 2062; x_wconf 88' lang='lat' dir='ltr'>et</span> <span class='ocrx_word' id='word_1_95' title='bbox 843 1987 958 2091; x_wconf 92' lang='lat' dir='ltr'>quod,</span> <span class='ocrx_word' id='word_1_96' title='bbox 985 1987 1015 2061; x_wconf 88' lang='lat' dir='ltr'>si</span> <span class='ocrx_word' id='word_1_97' title='bbox 1044 1986 1143 2063; x_wconf 87' lang='lat' dir='ltr'>calor</span> <span class='ocrx_word' id='word_1_98' title='bbox 1162 1985 1338 2061; x_wconf 85' lang='lat' dir='ltr'>naturalis</span> <span class='ocrx_word' id='word_1_99' title='bbox 1358 2003 1523 2062; x_wconf 89' lang='lat' dir='ltr'>moveret</span> <span class='ocrx_word' id='word_1_100' title='bbox 1543 2016 1645 2073; x_wconf 89' lang='lat' dir='ltr'>eum,</span> <span class='ocrx_word' id='word_1_101' title='bbox 1663 2016 1765 2064; x_wconf 94' lang='lat' dir='ltr'>com-</span> 
     </span>
     <span class='ocr_line' id='line_1_12' title="bbox 342 2115 1764 2221; baseline 0.002 -31"><span class='ocrx_word' id='word_1_102' title='bbox 342 2115 512 2193; x_wconf 89' lang='lat' dir='ltr'>misceret</span> <span class='ocrx_word' id='word_1_103' title='bbox 532 2145 571 2192; x_wconf 90' lang='lat' dir='ltr'>se</span> <span class='ocrx_word' id='word_1_104' title='bbox 592 2145 676 2191; x_wconf 92' lang='lat' dir='ltr'>cum</span> <span class='ocrx_word' id='word_1_105' title='bbox 698 2115 873 2192; x_wconf 86' lang='lat' dir='ltr'>fratribus</span> <span class='ocrx_word' id='word_1_106' title='bbox 898 2116 986 2192; x_wconf 88' lang='lat' dir='ltr'>suis.</span> <span class='ocrx_word' id='word_1_107' title='bbox 1013 2115 1115 2192; x_wconf 90' lang='lat' dir='ltr'>Dixit</span> <span class='ocrx_word' id='word_1_108' title='bbox 1150 2115 1265 2191; x_wconf 84' lang='lat' dir='ltr'>eciam</span> <span class='ocrx_word' id='word_1_109' title='bbox 1290 2145 1358 2220; x_wconf 89' lang='lat' dir='ltr'>per</span> <span class='ocrx_word' id='word_1_110' title='bbox 1378 2116 1634 2221; x_wconf 89' lang='lat' dir='ltr'>juramentum</span> <span class='ocrx_word' id='word_1_111' title='bbox 1655 2145 1764 2193; x_wconf 91' lang='lat' dir='ltr'>suum</span> 
     </span>
     <span class='ocr_line' id='line_1_13' title="bbox 341 2246 1767 2352; baseline 0 -30"><span class='ocrx_word' id='word_1_112' title='bbox 341 2246 445 2351; x_wconf 90' lang='lat' dir='ltr'>quod</span> <span class='ocrx_word' id='word_1_113' title='bbox 464 2247 585 2323; x_wconf 87' lang='lat' dir='ltr'>dictus</span> <span class='ocrx_word' id='word_1_114' title='bbox 598 2247 781 2351; x_wconf 89' lang='lat' dir='ltr'>recipiens</span> <span class='ocrx_word' id='word_1_115' title='bbox 797 2246 961 2323; x_wconf 90' lang='lat' dir='ltr'>ostendit</span> <span class='ocrx_word' id='word_1_116' title='bbox 977 2246 1049 2322; x_wconf 90' lang='lat' dir='ltr'>sibi</span> <span class='ocrx_word' id='word_1_117' title='bbox 1062 2246 1264 2352; x_wconf 87' lang='lat' dir='ltr'>quamdam</span> <span class='ocrx_word' id='word_1_118' title='bbox 1285 2273 1432 2321; x_wconf 91' lang='lat' dir='ltr'>crucem</span> <span class='ocrx_word' id='word_1_119' title='bbox 1448 2246 1485 2320; x_wconf 91' lang='lat' dir='ltr'>in</span> <span class='ocrx_word' id='word_1_120' title='bbox 1502 2246 1667 2351; x_wconf 86' lang='lat' dir='ltr'>quodam</span> <span class='ocrx_word' id='word_1_121' title='bbox 1685 2248 1767 2322; x_wconf 80' lang='lat' dir='ltr'>mis</span> 
     </span>
     <span class='ocr_line' id='line_1_14' title="bbox 343 2375 1765 2485; baseline 0.001 -33"><span class='ocrx_word' id='word_1_122' title='bbox 343 2375 406 2452; x_wconf 78' lang='lat' dir='ltr'>sali</span> <span class='ocrx_word' id='word_1_123' title='bbox 426 2377 465 2451; x_wconf 93' lang='lat' dir='ltr'>in</span> <span class='ocrx_word' id='word_1_124' title='bbox 484 2406 557 2482; x_wconf 88' lang='lat' dir='ltr'>qua</span> <span class='ocrx_word' id='word_1_125' title='bbox 578 2395 656 2452; x_wconf 86' lang='lat' dir='ltr'>emt</span> <span class='ocrx_word' id='word_1_126' title='bbox 670 2405 802 2484; x_wconf 86' lang='lat' dir='ltr'>ymago</span> <span class='ocrx_word' id='word_1_127' title='bbox 819 2377 935 2453; x_wconf 91' lang='lat' dir='ltr'>Jhesu</span> <span class='ocrx_word' id='word_1_128' title='bbox 951 2376 1107 2485; x_wconf 88' lang='lat' dir='ltr'>Christi,</span> <span class='ocrx_word' id='word_1_129' title='bbox 1126 2395 1162 2452; x_wconf 89' lang='lat' dir='ltr'>et</span> <span class='ocrx_word' id='word_1_130' title='bbox 1177 2377 1263 2454; x_wconf 83' lang='lat' dir='ltr'>fecit</span> <span class='ocrx_word' id='word_1_131' title='bbox 1283 2406 1371 2453; x_wconf 91' lang='lat' dir='ltr'>eum</span> <span class='ocrx_word' id='word_1_132' title='bbox 1388 2395 1446 2453; x_wconf 92' lang='lat' dir='ltr'>ter</span> <span class='ocrx_word' id='word_1_133' title='bbox 1459 2406 1593 2483; x_wconf 85' lang='lat' dir='ltr'>negare</span> <span class='ocrx_word' id='word_1_134' title='bbox 1611 2379 1765 2453; x_wconf 89' lang='lat' dir='ltr'>Jhesum</span> 
     </span>
     <span class='ocr_line' id='line_1_15' title="bbox 343 2505 1767 2612; baseline -0.001 -30"><span class='ocrx_word' id='word_1_135' title='bbox 343 2505 546 2595; x_wconf 86' lang='lat' dir='ltr'>Christum,</span> <span class='ocrx_word' id='word_1_136' title='bbox 561 2523 597 2581; x_wconf 89' lang='lat' dir='ltr'>et</span> <span class='ocrx_word' id='word_1_137' title='bbox 609 2536 742 2612; x_wconf 85' lang='lat' dir='ltr'>spuere</span> <span class='ocrx_word' id='word_1_138' title='bbox 755 2525 813 2583; x_wconf 90' lang='lat' dir='ltr'>ter</span> <span class='ocrx_word' id='word_1_139' title='bbox 823 2536 933 2611; x_wconf 83' lang='lat' dir='ltr'>supra</span> <span class='ocrx_word' id='word_1_140' title='bbox 946 2507 1169 2612; x_wconf 83' lang='lat' dir='ltr'>ymaginem.</span> <span class='ocrx_word' id='word_1_141' title='bbox 1186 2509 1434 2612; x_wconf 80' lang='lat' dir='ltr'>interrogatus</span> <span class='ocrx_word' id='word_1_142' title='bbox 1453 2507 1498 2582; x_wconf 89' lang='lat' dir='ltr'>de</span> <span class='ocrx_word' id='word_1_143' title='bbox 1513 2506 1656 2594; x_wconf 81' lang='lat' dir='ltr'>oscu10,</span> <span class='ocrx_word' id='word_1_144' title='bbox 1676 2509 1767 2584; x_wconf 83' lang='lat' dir='ltr'>dixit</span> 
     </span>
     <span class='ocr_line' id='line_1_16' title="bbox 343 2632 1765 2742; baseline -0.001 -31"><span class='ocrx_word' id='word_1_145' title='bbox 343 2663 408 2739; x_wconf 88' lang='lat' dir='ltr'>per</span> <span class='ocrx_word' id='word_1_146' title='bbox 422 2636 676 2742; x_wconf 83' lang='lat' dir='ltr'>juramentum</span> <span class='ocrx_word' id='word_1_147' title='bbox 705 2665 815 2713; x_wconf 90' lang='lat' dir='ltr'>suum</span> <span class='ocrx_word' id='word_1_148' title='bbox 840 2635 943 2742; x_wconf 92' lang='lat' dir='ltr'>quod</span> <span class='ocrx_word' id='word_1_149' title='bbox 963 2635 1148 2712; x_wconf 85' lang='lat' dir='ltr'>osculatus</span> <span class='ocrx_word' id='word_1_150' title='bbox 1174 2635 1247 2712; x_wconf 84' lang='lat' dir='ltr'>suit</span> <span class='ocrx_word' id='word_1_151' title='bbox 1264 2664 1352 2712; x_wconf 91' lang='lat' dir='ltr'>eum</span> <span class='ocrx_word' id='word_1_152' title='bbox 1384 2637 1423 2711; x_wconf 91' lang='lat' dir='ltr'>in</span> <span class='ocrx_word' id='word_1_153' title='bbox 1443 2632 1517 2712; x_wconf 89' lang='lat' dir='ltr'>fine</span> <span class='ocrx_word' id='word_1_154' title='bbox 1538 2636 1643 2741; x_wconf 91' lang='lat' dir='ltr'>spine</span> <span class='ocrx_word' id='word_1_155' title='bbox 1665 2636 1765 2711; x_wconf 91' lang='lat' dir='ltr'>dorsi</span> 
     </span>
     <span class='ocr_line' id='line_1_17' title="bbox 342 2765 1764 2873; baseline -0.001 -33"><span class='ocrx_word' id='word_1_156' title='bbox 342 2767 436 2842; x_wconf 87' lang='lat' dir='ltr'>etin</span> <span class='ocrx_word' id='word_1_157' title='bbox 457 2766 649 2843; x_wconf 88' lang='lat' dir='ltr'>umbilico.</span> <span class='ocrx_word' id='word_1_158' title='bbox 668 2768 771 2843; x_wconf 87' lang='lat' dir='ltr'>Dixit</span> <span class='ocrx_word' id='word_1_159' title='bbox 790 2767 907 2842; x_wconf 85' lang='lat' dir='ltr'>eciam</span> <span class='ocrx_word' id='word_1_160' title='bbox 929 2795 998 2871; x_wconf 89' lang='lat' dir='ltr'>per</span> <span class='ocrx_word' id='word_1_161' title='bbox 1011 2766 1265 2873; x_wconf 83' lang='lat' dir='ltr'>juramentum</span> <span class='ocrx_word' id='word_1_162' title='bbox 1285 2794 1396 2843; x_wconf 87' lang='lat' dir='ltr'>suum</span> <span class='ocrx_word' id='word_1_163' title='bbox 1417 2767 1521 2872; x_wconf 93' lang='lat' dir='ltr'>quod</span> <span class='ocrx_word' id='word_1_164' title='bbox 1541 2765 1632 2842; x_wconf 88' lang='lat' dir='ltr'>vidit</span> <span class='ocrx_word' id='word_1_165' title='bbox 1651 2766 1764 2869; x_wconf 88' lang='lat' dir='ltr'>recipi</span> 
     </span>
     <span class='ocr_line' id='line_1_18' title="bbox 343 2894 1768 3000; baseline -0.003 -27"><span class='ocrx_word' id='word_1_166' title='bbox 343 2897 541 3000; x_wconf 81' lang='lat' dir='ltr'>quemdam</span> <span class='ocrx_word' id='word_1_167' title='bbox 553 2896 702 2973; x_wconf 83' lang='lat' dir='ltr'>fratrem</span> <span class='ocrx_word' id='word_1_168' title='bbox 716 2913 886 2973; x_wconf 86' lang='lat' dir='ltr'>vocatum</span> <span class='ocrx_word' id='word_1_169' title='bbox 895 2895 1120 2983; x_wconf 81' lang='lat' dir='ltr'>Robertum,</span> <span class='ocrx_word' id='word_1_170' title='bbox 1137 2913 1311 3000; x_wconf 88' lang='lat' dir='ltr'>nepotem</span> <span class='ocrx_word' id='word_1_171' title='bbox 1323 2894 1443 2973; x_wconf 77' lang='lat' dir='ltr'>fratris</span> <span class='ocrx_word' id='word_1_172' title='bbox 1456 2895 1583 2974; x_wconf 84' lang='lat' dir='ltr'>Garini</span> <span class='ocrx_word' id='word_1_173' title='bbox 1594 2894 1640 2972; x_wconf 92' lang='lat' dir='ltr'>de</span> <span class='ocrx_word' id='word_1_174' title='bbox 1655 2894 1768 2973; x_wconf 89' lang='lat' dir='ltr'>Gran-</span> 
     </span>
     <span class='ocr_line' id='line_1_19' title="bbox 323 3026 1766 3134; baseline 0.001 -33"><span class='ocrx_word' id='word_1_175' title='bbox 323 3026 514 3114; x_wconf 82' lang='lat' dir='ltr'>&#39;divillari,</span> <span class='ocrx_word' id='word_1_176' title='bbox 543 3045 579 3103; x_wconf 90' lang='lat' dir='ltr'>et</span> <span class='ocrx_word' id='word_1_177' title='bbox 601 3027 693 3103; x_wconf 94' lang='lat' dir='ltr'>dixit</span> <span class='ocrx_word' id='word_1_178' title='bbox 715 3057 782 3132; x_wconf 92' lang='lat' dir='ltr'>per</span> <span class='ocrx_word' id='word_1_179' title='bbox 797 3029 1053 3134; x_wconf 84' lang='lat' dir='ltr'>juramentum</span> <span class='ocrx_word' id='word_1_180' title='bbox 1073 3055 1184 3103; x_wconf 92' lang='lat' dir='ltr'>suum</span> <span class='ocrx_word' id='word_1_181' title='bbox 1202 3027 1308 3132; x_wconf 92' lang='lat' dir='ltr'>quod</span> <span class='ocrx_word' id='word_1_182' title='bbox 1327 3027 1461 3104; x_wconf 93' lang='lat' dir='ltr'>eodem</span> <span class='ocrx_word' id='word_1_183' title='bbox 1483 3027 1597 3103; x_wconf 93' lang='lat' dir='ltr'>modo</span> <span class='ocrx_word' id='word_1_184' title='bbox 1619 3026 1689 3102; x_wconf 80' lang='lat' dir='ltr'>fuit</span> <span class='ocrx_word' id='word_1_185' title='bbox 1707 3055 1766 3102; x_wconf 91' lang='lat' dir='ltr'>re-</span> 
     </span>
     <span class='ocr_line' id='line_1_20' title="bbox 343 3156 1769 3261; baseline 0 -31"><span class='ocrx_word' id='word_1_186' title='bbox 343 3174 471 3261; x_wconf 87' lang='lat' dir='ltr'>ceptus</span> <span class='ocrx_word' id='word_1_187' title='bbox 491 3185 559 3261; x_wconf 89' lang='lat' dir='ltr'>per</span> <span class='ocrx_word' id='word_1_188' title='bbox 577 3157 797 3233; x_wconf 84' lang='lat' dir='ltr'>avunculum</span> <span class='ocrx_word' id='word_1_189' title='bbox 823 3157 1035 3261; x_wconf 89' lang='lat' dir='ltr'>predictum</span> <span class='ocrx_word' id='word_1_190' title='bbox 1060 3156 1211 3232; x_wconf 80' lang='lat' dir='ltr'>fratrem</span> <span class='ocrx_word' id='word_1_191' title='bbox 1232 3157 1424 3235; x_wconf 82' lang='lat' dir='ltr'>Garinum.</span> <span class='ocrx_word' id='word_1_192' title='bbox 1446 3156 1659 3261; x_wconf 87' lang='lat' dir='ltr'>Requisitus</span> <span class='ocrx_word' id='word_1_193' title='bbox 1677 3185 1769 3261; x_wconf 88' lang='lat' dir='ltr'>qua-</span> 
     </span>
    </p>
   </div>
   <div class='ocr_carea' id='block_1_4' title="bbox 344 3285 1765 3392">
    <p class='ocr_par' dir='ltr' id='par_1_4' title="bbox 344 3285 1765 3392">
     <span class='ocr_line' id='line_1_21' title="bbox 344 3285 1765 3392; baseline 0.001 -33"><span class='ocrx_word' id='word_1_194' title='bbox 344 3285 428 3362; x_wconf 83' lang='lat' dir='ltr'>liter</span> <span class='ocrx_word' id='word_1_195' title='bbox 452 3285 522 3363; x_wconf 86' lang='lat' dir='ltr'>scit</span> <span class='ocrx_word' id='word_1_196' title='bbox 548 3286 651 3392; x_wconf 88' lang='lat' dir='ltr'>quod</span> <span class='ocrx_word' id='word_1_197' title='bbox 676 3288 725 3361; x_wconf 88' lang='lat' dir='ltr'>ita</span> <span class='ocrx_word' id='word_1_198' title='bbox 753 3286 823 3363; x_wconf 83' lang='lat' dir='ltr'>suit</span> <span class='ocrx_word' id='word_1_199' title='bbox 843 3303 1030 3392; x_wconf 86' lang='lat' dir='ltr'>receptus,</span> <span class='ocrx_word' id='word_1_200' title='bbox 1063 3287 1155 3362; x_wconf 90' lang='lat' dir='ltr'>dixit</span> <span class='ocrx_word' id='word_1_201' title='bbox 1181 3288 1283 3392; x_wconf 91' lang='lat' dir='ltr'>quod</span> <span class='ocrx_word' id='word_1_202' title='bbox 1312 3304 1575 3391; x_wconf 87' lang='lat' dir='ltr'>presenserat,</span> <span class='ocrx_word' id='word_1_203' title='bbox 1607 3305 1643 3362; x_wconf 87' lang='lat' dir='ltr'>et</span> <span class='ocrx_word' id='word_1_204' title='bbox 1664 3286 1765 3361; x_wconf 88' lang='lat' dir='ltr'>vidit.</span> 
     </span>
    </p>
   </div>
   <div class='ocr_carea' id='block_1_5' title="bbox 343 3415 1768 3783">
    <p class='ocr_par' dir='ltr' id='par_1_5' title="bbox 343 3415 1768 3783">
     <span class='ocr_line' id='line_1_22' title="bbox 343 3415 1767 3521; baseline -0.001 -29"><span class='ocrx_word' id='word_1_205' title='bbox 343 3417 555 3521; x_wconf 81' lang='lat' dir='ltr'>Requisitus</span> <span class='ocrx_word' id='word_1_206' title='bbox 584 3434 710 3492; x_wconf 89' lang='lat' dir='ltr'>utrum</span> <span class='ocrx_word' id='word_1_207' title='bbox 729 3417 780 3505; x_wconf 91' lang='lat' dir='ltr'>vi,</span> <span class='ocrx_word' id='word_1_208' title='bbox 812 3417 870 3494; x_wconf 82' lang='lat' dir='ltr'>vel</span> <span class='ocrx_word' id='word_1_209' title='bbox 902 3434 1005 3493; x_wconf 90' lang='lat' dir='ltr'>metu</span> <span class='ocrx_word' id='word_1_210' title='bbox 1029 3417 1186 3493; x_wconf 89' lang='lat' dir='ltr'>carceris</span> <span class='ocrx_word' id='word_1_211' title='bbox 1208 3417 1266 3492; x_wconf 81' lang='lat' dir='ltr'>vel</span> <span class='ocrx_word' id='word_1_212' title='bbox 1286 3433 1574 3503; x_wconf 86' lang='lat' dir='ltr'>tormentorum,</span> <span class='ocrx_word' id='word_1_213' title='bbox 1606 3415 1767 3521; x_wconf 79' lang='lat' dir='ltr'>aliquam</span> 
     </span>
     <span class='ocr_line' id='line_1_23' title="bbox 343 3546 1768 3652; baseline -0.002 -29"><span class='ocrx_word' id='word_1_214' title='bbox 343 3546 476 3623; x_wconf 85' lang='lat' dir='ltr'>dixerit</span> <span class='ocrx_word' id='word_1_215' title='bbox 495 3546 686 3623; x_wconf 83' lang='lat' dir='ltr'>salsitatem</span> <span class='ocrx_word' id='word_1_216' title='bbox 709 3548 766 3624; x_wconf 86' lang='lat' dir='ltr'>vel</span> <span class='ocrx_word' id='word_1_217' title='bbox 784 3548 1031 3625; x_wconf 88' lang='lat' dir='ltr'>immiscuerit</span> <span class='ocrx_word' id='word_1_218' title='bbox 1051 3549 1089 3623; x_wconf 93' lang='lat' dir='ltr'>in</span> <span class='ocrx_word' id='word_1_219' title='bbox 1111 3548 1349 3652; x_wconf 90' lang='lat' dir='ltr'>deposicione</span> <span class='ocrx_word' id='word_1_220' title='bbox 1370 3577 1451 3636; x_wconf 86' lang='lat' dir='ltr'>sua,</span> <span class='ocrx_word' id='word_1_221' title='bbox 1475 3546 1566 3622; x_wconf 89' lang='lat' dir='ltr'>dixit</span> <span class='ocrx_word' id='word_1_222' title='bbox 1582 3576 1650 3651; x_wconf 90' lang='lat' dir='ltr'>per</span> <span class='ocrx_word' id='word_1_223' title='bbox 1664 3548 1768 3652; x_wconf 83' lang='lat' dir='ltr'>jura-</span> 
     </span>
     <span class='ocr_line' id='line_1_24' title="bbox 343 3676 1339 3783; baseline 0.001 -31"><span class='ocrx_word' id='word_1_224' title='bbox 343 3695 511 3754; x_wconf 89' lang='lat' dir='ltr'>mentum</span> <span class='ocrx_word' id='word_1_225' title='bbox 531 3706 640 3754; x_wconf 89' lang='lat' dir='ltr'>suum</span> <span class='ocrx_word' id='word_1_226' title='bbox 656 3676 761 3783; x_wconf 92' lang='lat' dir='ltr'>quod</span> <span class='ocrx_word' id='word_1_227' title='bbox 777 3707 874 3765; x_wconf 70' lang='lat' dir='ltr'>non,</span> <span class='ocrx_word' id='word_1_228' title='bbox 892 3680 1008 3756; x_wconf 93' lang='lat' dir='ltr'>immo</span> <span class='ocrx_word' id='word_1_229' title='bbox 1031 3677 1122 3754; x_wconf 88' lang='lat' dir='ltr'>dixit</span> <span class='ocrx_word' id='word_1_230' title='bbox 1135 3679 1339 3754; x_wconf 84' lang='lat' dir='ltr'>veritatem.</span> 
     </span>
    </p>
   </div>
   <div class='ocr_carea' id='block_1_6' title="bbox 283 3937 1828 4960">
    <p class='ocr_par' dir='ltr' id='par_1_6' title="bbox 283 3937 1828 4960">
     <span class='ocr_line' id='line_1_25' title="bbox 398 3937 1768 4045; baseline -0.001 -31"><span class='ocrx_word' id='word_1_231' title='bbox 398 3941 491 4014; x_wconf 88' lang='lat' dir='ltr'>Item</span> <span class='ocrx_word' id='word_1_232' title='bbox 515 3937 629 4016; x_wconf 79' lang='lat' dir='ltr'>frater</span> <span class='ocrx_word' id='word_1_233' title='bbox 648 3939 858 4016; x_wconf 85' lang='lat' dir='ltr'>Bernardus</span> <span class='ocrx_word' id='word_1_234' title='bbox 883 3939 930 4016; x_wconf 90' lang='lat' dir='ltr'>de</span> <span class='ocrx_word' id='word_1_235' title='bbox 960 3939 1120 4016; x_wconf 85' lang='lat' dir='ltr'>Parisius</span> <span class='ocrx_word' id='word_1_236' title='bbox 1144 3939 1338 4045; x_wconf 86' lang='lat' dir='ltr'>presbyter</span> <span class='ocrx_word' id='word_1_237' title='bbox 1364 3939 1452 4015; x_wconf 91' lang='lat' dir='ltr'>dicti</span> <span class='ocrx_word' id='word_1_238' title='bbox 1479 3939 1635 4028; x_wconf 88' lang='lat' dir='ltr'>ordinis,</span> <span class='ocrx_word' id='word_1_239' title='bbox 1664 3940 1768 4014; x_wconf 84' lang='lat' dir='ltr'>etatis</span> 
     </span>
     <span class='ocr_line' id='line_1_26' title="bbox 343 4067 1769 4176; baseline -0.001 -32"><span class='ocrx_word' id='word_1_240' title='bbox 343 4069 608 4175; x_wconf 79' lang='lat' dir='ltr'>quinquaginta</span> <span class='ocrx_word' id='word_1_241' title='bbox 628 4098 827 4157; x_wconf 84' lang='lat' dir='ltr'>annorum,</span> <span class='ocrx_word' id='word_1_242' title='bbox 847 4068 995 4176; x_wconf 83' lang='lat' dir='ltr'>juratus</span> <span class='ocrx_word' id='word_1_243' title='bbox 1023 4068 1157 4146; x_wconf 87' lang='lat' dir='ltr'>eodem</span> <span class='ocrx_word' id='word_1_244' title='bbox 1179 4067 1292 4146; x_wconf 93' lang='lat' dir='ltr'>modo</span> <span class='ocrx_word' id='word_1_245' title='bbox 1318 4086 1355 4143; x_wconf 91' lang='lat' dir='ltr'>et</span> <span class='ocrx_word' id='word_1_246' title='bbox 1380 4068 1582 4173; x_wconf 86' lang='lat' dir='ltr'>requisitus</span> <span class='ocrx_word' id='word_1_247' title='bbox 1604 4067 1650 4143; x_wconf 87' lang='lat' dir='ltr'>de</span> <span class='ocrx_word' id='word_1_248' title='bbox 1674 4086 1769 4144; x_wconf 88' lang='lat' dir='ltr'>tem—</span> 
     </span>
     <span class='ocr_line' id='line_1_27' title="bbox 343 4198 1770 4306; baseline 0 -32"><span class='ocrx_word' id='word_1_249' title='bbox 343 4224 433 4302; x_wconf 91' lang='lat' dir='ltr'>pore</span> <span class='ocrx_word' id='word_1_250' title='bbox 455 4215 492 4274; x_wconf 93' lang='lat' dir='ltr'>et</span> <span class='ocrx_word' id='word_1_251' title='bbox 510 4199 626 4275; x_wconf 92' lang='lat' dir='ltr'>modo</span> <span class='ocrx_word' id='word_1_252' title='bbox 641 4228 707 4275; x_wconf 89' lang='lat' dir='ltr'>sue</span> <span class='ocrx_word' id='word_1_253' title='bbox 728 4199 973 4305; x_wconf 90' lang='lat' dir='ltr'>recepcionis,</span> <span class='ocrx_word' id='word_1_254' title='bbox 992 4199 1084 4276; x_wconf 88' lang='lat' dir='ltr'>dixit</span> <span class='ocrx_word' id='word_1_255' title='bbox 1098 4226 1165 4304; x_wconf 91' lang='lat' dir='ltr'>per</span> <span class='ocrx_word' id='word_1_256' title='bbox 1174 4199 1431 4306; x_wconf 84' lang='lat' dir='ltr'>juramentum</span> <span class='ocrx_word' id='word_1_257' title='bbox 1447 4227 1557 4275; x_wconf 93' lang='lat' dir='ltr'>suum</span> <span class='ocrx_word' id='word_1_258' title='bbox 1575 4198 1678 4303; x_wconf 91' lang='lat' dir='ltr'>quod</span> <span class='ocrx_word' id='word_1_259' title='bbox 1698 4198 1770 4274; x_wconf 84' lang='lat' dir='ltr'>fuit</span> 
     </span>
     <span class='ocr_line' id='line_1_28' title="bbox 342 4328 1766 4436; baseline -0.001 -34"><span class='ocrx_word' id='word_1_260' title='bbox 342 4344 514 4432; x_wconf 87' lang='lat' dir='ltr'>receptus</span> <span class='ocrx_word' id='word_1_261' title='bbox 534 4330 632 4436; x_wconf 85' lang='lat' dir='ltr'>apud</span> <span class='ocrx_word' id='word_1_262' title='bbox 649 4330 899 4436; x_wconf 84' lang='lat' dir='ltr'>Latigniacum</span> <span class='ocrx_word' id='word_1_263' title='bbox 920 4331 1086 4416; x_wconf 89' lang='lat' dir='ltr'>Siccum,</span> <span class='ocrx_word' id='word_1_264' title='bbox 1108 4358 1176 4435; x_wconf 91' lang='lat' dir='ltr'>per</span> <span class='ocrx_word' id='word_1_265' title='bbox 1193 4329 1344 4405; x_wconf 80' lang='lat' dir='ltr'>fratrem</span> <span class='ocrx_word' id='word_1_266' title='bbox 1362 4328 1600 4433; x_wconf 89' lang='lat' dir='ltr'>Radulphum</span> <span class='ocrx_word' id='word_1_267' title='bbox 1621 4328 1667 4403; x_wconf 92' lang='lat' dir='ltr'>de</span> <span class='ocrx_word' id='word_1_268' title='bbox 1689 4328 1766 4406; x_wconf 87' lang='lat' dir='ltr'>Gisi</span> 
     </span>
     <span class='ocr_line' id='line_1_29' title="bbox 283 4458 1771 4566; baseline -0.001 -32"><span class='ocrx_word' id='word_1_269' title='bbox 283 4500 286 4507; x_wconf 91' lang='lat'>·</span> <span class='ocrx_word' id='word_1_270' title='bbox 344 4458 433 4535; x_wconf 85' lang='lat' dir='ltr'>dicti</span> <span class='ocrx_word' id='word_1_271' title='bbox 463 4460 622 4548; x_wconf 89' lang='lat' dir='ltr'>ordinis,</span> <span class='ocrx_word' id='word_1_272' title='bbox 644 4476 875 4565; x_wconf 91' lang='lat' dir='ltr'>receptorem</span> <span class='ocrx_word' id='word_1_273' title='bbox 896 4461 1112 4566; x_wconf 81' lang='lat' dir='ltr'>Campanie,</span> <span class='ocrx_word' id='word_1_274' title='bbox 1134 4461 1173 4535; x_wconf 89' lang='lat' dir='ltr'>in</span> <span class='ocrx_word' id='word_1_275' title='bbox 1194 4461 1397 4566; x_wconf 83' lang='lat' dir='ltr'>septimana</span> <span class='ocrx_word' id='word_1_276' title='bbox 1416 4477 1501 4565; x_wconf 92' lang='lat' dir='ltr'>post</span> <span class='ocrx_word' id='word_1_277' title='bbox 1523 4458 1677 4538; x_wconf 89' lang='lat' dir='ltr'>Cineres</span> <span class='ocrx_word' id='word_1_278' title='bbox 1702 4459 1771 4532; x_wconf 90' lang='lat' dir='ltr'>erit</span> 
     </span>
     <span class='ocr_line' id='line_1_30' title="bbox 343 4590 1769 4695; baseline -0.001 -32"><span class='ocrx_word' id='word_1_279' title='bbox 343 4616 477 4676; x_wconf 74' lang='lat' dir='ltr'>annus,</span> <span class='ocrx_word' id='word_1_280' title='bbox 492 4591 726 4695; x_wconf 86' lang='lat' dir='ltr'>presentibus</span> <span class='ocrx_word' id='word_1_281' title='bbox 741 4590 852 4668; x_wconf 78' lang='lat' dir='ltr'>fratre</span> <span class='ocrx_word' id='word_1_282' title='bbox 864 4593 974 4668; x_wconf 86' lang='lat' dir='ltr'>Petro</span> <span class='ocrx_word' id='word_1_283' title='bbox 987 4591 1033 4668; x_wconf 88' lang='lat' dir='ltr'>de</span> <span class='ocrx_word' id='word_1_284' title='bbox 1045 4592 1147 4669; x_wconf 87' lang='lat' dir='ltr'>Sivre</span> <span class='ocrx_word' id='word_1_285' title='bbox 1161 4591 1277 4667; x_wconf 85' lang='lat' dir='ltr'>milite</span> <span class='ocrx_word' id='word_1_286' title='bbox 1289 4591 1378 4667; x_wconf 91' lang='lat' dir='ltr'>dicti</span> <span class='ocrx_word' id='word_1_287' title='bbox 1390 4591 1545 4678; x_wconf 91' lang='lat' dir='ltr'>ordinis,</span> <span class='ocrx_word' id='word_1_288' title='bbox 1559 4608 1596 4666; x_wconf 90' lang='lat' dir='ltr'>et</span> <span class='ocrx_word' id='word_1_289' title='bbox 1606 4591 1769 4695; x_wconf 87' lang='lat' dir='ltr'>quodam</span> 
     </span>
     <span class='ocr_line' id='line_1_31' title="bbox 344 4718 1769 4827; baseline -0.001 -32"><span class='ocrx_word' id='word_1_290' title='bbox 344 4718 533 4824; x_wconf 80' lang='lat' dir='ltr'>capellano</span> <span class='ocrx_word' id='word_1_291' title='bbox 547 4740 674 4798; x_wconf 79' lang='lat' dir='ltr'>vocato</span> <span class='ocrx_word' id='word_1_292' title='bbox 694 4721 803 4798; x_wconf 80' lang='lat' dir='ltr'>fratre</span> <span class='ocrx_word' id='word_1_293' title='bbox 822 4724 942 4799; x_wconf 87' lang='lat' dir='ltr'>Petro.</span> <span class='ocrx_word' id='word_1_294' title='bbox 960 4723 1063 4801; x_wconf 89' lang='lat' dir='ltr'>Dixit</span> <span class='ocrx_word' id='word_1_295' title='bbox 1076 4722 1192 4799; x_wconf 85' lang='lat' dir='ltr'>eciam</span> <span class='ocrx_word' id='word_1_296' title='bbox 1202 4750 1270 4826; x_wconf 91' lang='lat' dir='ltr'>per</span> <span class='ocrx_word' id='word_1_297' title='bbox 1279 4721 1534 4827; x_wconf 84' lang='lat' dir='ltr'>juramentum</span> <span class='ocrx_word' id='word_1_298' title='bbox 1546 4749 1655 4797; x_wconf 90' lang='lat' dir='ltr'>suum</span> <span class='ocrx_word' id='word_1_299' title='bbox 1667 4719 1769 4826; x_wconf 93' lang='lat' dir='ltr'>quod</span> 
     </span>
     <span class='ocr_line' id='line_1_32' title="bbox 344 4851 1828 4960; baseline -0.001 -35"><span class='ocrx_word' id='word_1_300' title='bbox 344 4851 585 4956; x_wconf 89' lang='lat' dir='ltr'>recipientem</span> <span class='ocrx_word' id='word_1_301' title='bbox 607 4853 792 4929; x_wconf 86' lang='lat' dir='ltr'>osculatus</span> <span class='ocrx_word' id='word_1_302' title='bbox 813 4851 884 4929; x_wconf 87' lang='lat' dir='ltr'>fuit</span> <span class='ocrx_word' id='word_1_303' title='bbox 908 4853 946 4927; x_wconf 92' lang='lat' dir='ltr'>in</span> <span class='ocrx_word' id='word_1_304' title='bbox 967 4854 1162 4941; x_wconf 89' lang='lat' dir='ltr'>umbilico;</span> <span class='ocrx_word' id='word_1_305' title='bbox 1185 4870 1221 4929; x_wconf 86' lang='lat' dir='ltr'>et</span> <span class='ocrx_word' id='word_1_306' title='bbox 1241 4870 1367 4957; x_wconf 85' lang='lat' dir='ltr'>postea</span> <span class='ocrx_word' id='word_1_307' title='bbox 1389 4854 1480 4930; x_wconf 88' lang='lat' dir='ltr'>dixit</span> <span class='ocrx_word' id='word_1_308' title='bbox 1500 4882 1568 4959; x_wconf 92' lang='lat' dir='ltr'>per</span> <span class='ocrx_word' id='word_1_309' title='bbox 1581 4853 1770 4958; x_wconf 82' lang='lat' dir='ltr'>juramen·</span> <span class='ocrx_word' id='word_1_310' title='bbox 1824 4955 1828 4960; x_wconf 17' lang='grc' dir='ltr'><strong><em>ι</em></strong></span> 
     </span>
    </p>
   </div>
   <div class='ocr_carea' id='block_1_7' title="bbox 1532 5004 1582 5067">
    <p class='ocr_par' dir='ltr' id='par_1_7' title="bbox 1532 5004 1582 5067">
     <span class='ocr_line' id='line_1_33' title="bbox 1532 5004 1582 5067; baseline -0.02 -9"><span class='ocrx_word' id='word_1_311' title='bbox 1532 5004 1582 5067; x_wconf 72' lang='lat' dir='ltr'>tr.</span> 
     </span>
    </p>
   </div>
   <div class='ocr_carea' id='block_1_8' title="bbox 0 0 2126 5940">
    <p class='ocr_par' dir='ltr' id='par_1_8' title="bbox 0 0 2126 5940">
     <span class='ocr_line' id='line_1_34' title="bbox 0 0 2126 5940; baseline 0 0"><span class='ocrx_word' id='word_1_312' title='bbox 0 0 2126 5940; x_wconf 95' lang='lat' dir='ltr'> </span> 
     </span>
    </p>
   </div>
  </div>
 </body>
</html>
