<?xml version="1.0" encoding="UTF-8"?>
<!DOCTYPE html PUBLIC "-//W3C//DTD XHTML 1.0 Transitional//EN"
    "http://www.w3.org/TR/xhtml1/DTD/xhtml1-transitional.dtd">
<html xmlns="http://www.w3.org/1999/xhtml" xml:lang="en" lang="en">
 <head>
  <title>
</title>
<meta http-equiv="Content-Type" content="text/html;charset=utf-8" />
  <meta name='ocr-system' content='tesseract 3.04.00' />
  <meta name='ocr-capabilities' content='ocr_page ocr_carea ocr_par ocr_line ocrx_word'/>
</head>
<body>
  <div class='ocr_page' id='page_1' title='image "./procsdestemplie00defegoog/procsdestemplie00defegoog_0511.png"; bbox 0 0 4236 5948; ppageno 0'>
   <div class='ocr_carea' id='block_1_1' title="bbox 467 525 1558 636">
    <p class='ocr_par' dir='ltr' id='par_1_1' title="bbox 467 525 1558 636">
     <span class='ocr_line' id='line_1_1' title="bbox 467 525 1558 636; baseline -0.005 -16"><span class='ocrx_word' id='word_1_1' title='bbox 467 551 539 630; x_wconf 80' lang='lat' dir='ltr'><strong>soa</strong></span> <span class='ocrx_word' id='word_1_2' title='bbox 853 525 1049 621; x_wconf 74' lang='lat' dir='ltr'><strong>ruocrs</strong></span> <span class='ocrx_word' id='word_1_3' title='bbox 1075 544 1170 617; x_wconf 79' lang='lat' dir='ltr'><strong>nus</strong></span> <span class='ocrx_word' id='word_1_4' title='bbox 1197 543 1498 636; x_wconf 78' lang='lat' dir='ltr'><strong>xnurxrnus.</strong></span> <span class='ocrx_word' id='word_1_5' title='bbox 1554 560 1558 579; x_wconf 94' lang='lat'>·</span> 
     </span>
    </p>
   </div>
   <div class='ocr_carea' id='block_1_2' title="bbox 464 683 1890 1575">
    <p class='ocr_par' dir='ltr' id='par_1_2' title="bbox 464 683 1890 1575">
     <span class='ocr_line' id='line_1_2' title="bbox 466 683 1888 793; baseline -0.001 -29"><span class='ocrx_word' id='word_1_6' title='bbox 466 688 622 766; x_wconf 82' lang='lat' dir='ltr'><strong>exclusis</strong></span> <span class='ocrx_word' id='word_1_7' title='bbox 641 685 798 793; x_wconf 87' lang='lat' dir='ltr'><strong>reliquis</strong></span> <span class='ocrx_word' id='word_1_8' title='bbox 818 687 883 792; x_wconf 89' lang='lat' dir='ltr'><strong>qui</strong></span> <span class='ocrx_word' id='word_1_9' title='bbox 911 714 987 762; x_wconf 91' lang='lat' dir='ltr'><strong>uon</strong></span> <span class='ocrx_word' id='word_1_10' title='bbox 1007 702 1093 762; x_wconf 90' lang='lat' dir='ltr'><strong>sunt</strong></span> <span class='ocrx_word' id='word_1_11' title='bbox 1111 683 1243 762; x_wconf 83' lang='lat' dir='ltr'><strong>fratres</strong></span> <span class='ocrx_word' id='word_1_12' title='bbox 1263 683 1404 763; x_wconf 82' lang='lat' dir='ltr'>ordinis</span> <span class='ocrx_word' id='word_1_13' title='bbox 1431 684 1602 790; x_wconf 81' lang='lat' dir='ltr'><strong>predicti.</strong></span> <span class='ocrx_word' id='word_1_14' title='bbox 1629 683 1705 761; x_wconf 87' lang='lat' dir='ltr'><strong>Nec</strong></span> <span class='ocrx_word' id='word_1_15' title='bbox 1723 711 1888 792; x_wconf 89' lang='lat' dir='ltr'><strong>uuquam</strong></span> 
     </span>
     <span class='ocr_line' id='line_1_3' title="bbox 464 814 1887 924; baseline -0.004 -29"><span class='ocrx_word' id='word_1_16' title='bbox 464 819 569 897; x_wconf 88' lang='lat' dir='ltr'><strong>scivit</strong></span> <span class='ocrx_word' id='word_1_17' title='bbox 588 846 659 919; x_wconf 86' lang='lat' dir='ltr'><strong>nec</strong></span> <span class='ocrx_word' id='word_1_18' title='bbox 679 815 933 924; x_wconf 86' lang='lat' dir='ltr'><strong>audivitquod</strong></span> <span class='ocrx_word' id='word_1_19' title='bbox 944 815 1070 920; x_wconf 89' lang='lat' dir='ltr'><strong>aliqua</strong></span> <span class='ocrx_word' id='word_1_20' title='bbox 1085 815 1176 893; x_wconf 90' lang='lat' dir='ltr'><strong>inibi</strong></span> <span class='ocrx_word' id='word_1_21' title='bbox 1190 815 1324 893; x_wconf 86' lang='lat' dir='ltr'><strong>fierent</strong></span> <span class='ocrx_word' id='word_1_22' title='bbox 1338 814 1397 891; x_wconf 88' lang='lat' dir='ltr'><strong>vel</strong></span> <span class='ocrx_word' id='word_1_23' title='bbox 1410 815 1636 917; x_wconf 70' lang='lat' dir='ltr'><strong>dicerentur,</strong></span> <span class='ocrx_word' id='word_1_24' title='bbox 1649 815 1720 892; x_wconf 89' lang='lat' dir='ltr'><strong>nisi</strong></span> <span class='ocrx_word' id='word_1_25' title='bbox 1735 814 1798 892; x_wconf 92' lang='lat' dir='ltr'><strong>illa</strong></span> <span class='ocrx_word' id='word_1_26' title='bbox 1813 844 1887 922; x_wconf 92' lang='lat' dir='ltr'><strong>que</strong></span> 
     </span>
     <span class='ocr_line' id='line_1_4' title="bbox 464 943 1890 1051; baseline -0.002 -26"><span class='ocrx_word' id='word_1_27' title='bbox 464 949 668 1027; x_wconf 88' lang='lat' dir='ltr'><strong>necessaria</strong></span> <span class='ocrx_word' id='word_1_28' title='bbox 687 964 775 1025; x_wconf 85' lang='lat' dir='ltr'><strong>sunt</strong></span> <span class='ocrx_word' id='word_1_29' title='bbox 794 943 933 1033; x_wconf 90' lang='lat' dir='ltr'><strong>ordini,</strong></span> <span class='ocrx_word' id='word_1_30' title='bbox 956 946 1164 1022; x_wconf 89' lang='lat' dir='ltr'><strong>secundum</strong></span> <span class='ocrx_word' id='word_1_31' title='bbox 1184 947 1255 1039; x_wconf 82' lang='lat' dir='ltr'><strong>Dei</strong></span> <span class='ocrx_word' id='word_1_32' title='bbox 1274 945 1550 1051; x_wconf 90' lang='lat' dir='ltr'><strong>beneplacitum</strong></span> <span class='ocrx_word' id='word_1_33' title='bbox 1571 962 1608 1021; x_wconf 85' lang='lat' dir='ltr'><strong>et</strong></span> <span class='ocrx_word' id='word_1_34' title='bbox 1621 944 1829 1034; x_wconf 84' lang='lat' dir='ltr'><strong>honorem,</strong></span> <span class='ocrx_word' id='word_1_35' title='bbox 1852 964 1890 1022; x_wconf 89' lang='lat' dir='ltr'><strong>et</strong></span> 
     </span>
     <span class='ocr_line' id='line_1_5' title="bbox 464 1074 1889 1186; baseline -0.001 -31"><span class='ocrx_word' id='word_1_36' title='bbox 464 1109 538 1186; x_wconf 91' lang='lat' dir='ltr'><strong>que</strong></span> <span class='ocrx_word' id='word_1_37' title='bbox 565 1096 670 1184; x_wconf 87' lang='lat' dir='ltr'><strong>putat</strong></span> <span class='ocrx_word' id='word_1_38' title='bbox 696 1105 774 1154; x_wconf 91' lang='lat' dir='ltr'><strong>esse</strong></span> <span class='ocrx_word' id='word_1_39' title='bbox 799 1074 902 1152; x_wconf 90' lang='lat' dir='ltr'><strong>utilia</strong></span> <span class='ocrx_word' id='word_1_40' title='bbox 928 1094 964 1152; x_wconf 89' lang='lat' dir='ltr'><strong>et</strong></span> <span class='ocrx_word' id='word_1_41' title='bbox 990 1077 1163 1181; x_wconf 85' lang='lat' dir='ltr'><strong>expedire</strong></span> <span class='ocrx_word' id='word_1_42' title='bbox 1190 1077 1385 1153; x_wconf 87' lang='lat' dir='ltr'>animabus</span> <span class='ocrx_word' id='word_1_43' title='bbox 1417 1075 1574 1153; x_wconf 86' lang='lat' dir='ltr'><strong>fratrum</strong></span> <span class='ocrx_word' id='word_1_44' title='bbox 1599 1075 1743 1153; x_wconf 88' lang='lat' dir='ltr'><strong>ordinis</strong></span> <span class='ocrx_word' id='word_1_45' title='bbox 1766 1105 1889 1183; x_wconf 84' lang='lat' dir='ltr'><strong>supra-</strong></span> 
     </span>
     <span class='ocr_line' id='line_1_6' title="bbox 466 1207 1889 1312; baseline -0.003 -24"><span class='ocrx_word' id='word_1_46' title='bbox 466 1211 572 1301; x_wconf 87' lang='lat' dir='ltr'><strong>dicti;</strong></span> <span class='ocrx_word' id='word_1_47' title='bbox 595 1228 631 1286; x_wconf 84' lang='lat' dir='ltr'><strong>et</strong></span> <span class='ocrx_word' id='word_1_48' title='bbox 650 1209 714 1284; x_wconf 94' lang='lat' dir='ltr'><strong>illa</strong></span> <span class='ocrx_word' id='word_1_49' title='bbox 733 1208 955 1312; x_wconf 84' lang='lat' dir='ltr'><strong>promittunt</strong></span> <span class='ocrx_word' id='word_1_50' title='bbox 975 1208 1063 1284; x_wconf 83' lang='lat' dir='ltr'><strong>dieti</strong></span> <span class='ocrx_word' id='word_1_51' title='bbox 1080 1207 1211 1283; x_wconf 80' lang='lat' dir='ltr'><strong>fratres</strong></span> <span class='ocrx_word' id='word_1_52' title='bbox 1227 1208 1347 1285; x_wconf 90' lang='lat' dir='ltr'><strong>clausa</strong></span> <span class='ocrx_word' id='word_1_53' title='bbox 1361 1226 1398 1285; x_wconf 90' lang='lat' dir='ltr'><strong>et</strong></span> <span class='ocrx_word' id='word_1_54' title='bbox 1412 1225 1552 1284; x_wconf 86' lang='lat' dir='ltr'><strong>secreta</strong></span> <span class='ocrx_word' id='word_1_55' title='bbox 1571 1225 1716 1298; x_wconf 82' lang='lat' dir='ltr'><strong>tenere,</strong></span> <span class='ocrx_word' id='word_1_56' title='bbox 1738 1236 1807 1285; x_wconf 84' lang='lat' dir='ltr'><strong>nec</strong></span> <span class='ocrx_word' id='word_1_57' title='bbox 1827 1237 1889 1285; x_wconf 88' lang='lat' dir='ltr'><strong>su·</strong></span> 
     </span>
     <span class='ocr_line' id='line_1_7' title="bbox 464 1336 1889 1444; baseline -0.001 -29"><span class='ocrx_word' id='word_1_58' title='bbox 464 1367 531 1443; x_wconf 90' lang='lat' dir='ltr'><strong>per</strong></span> <span class='ocrx_word' id='word_1_59' title='bbox 557 1338 630 1429; x_wconf 89' lang='lat' dir='ltr'><strong>illis</strong></span> <span class='ocrx_word' id='word_1_60' title='bbox 655 1339 891 1416; x_wconf 87' lang='lat' dir='ltr'><strong>collationem</strong></span> <span class='ocrx_word' id='word_1_61' title='bbox 910 1337 1066 1428; x_wconf 87' lang='lat' dir='ltr'><strong>habere,</strong></span> <span class='ocrx_word' id='word_1_62' title='bbox 1089 1338 1278 1431; x_wconf 87' lang='lat' dir='ltr'><strong>nisiinter</strong></span> <span class='ocrx_word' id='word_1_63' title='bbox 1299 1367 1363 1415; x_wconf 91' lang='lat' dir='ltr'><strong>eos</strong></span> <span class='ocrx_word' id='word_1_64' title='bbox 1384 1338 1525 1415; x_wconf 80' lang='lat' dir='ltr'><strong>fratres⁸</strong></span> <span class='ocrx_word' id='word_1_65' title='bbox 1533 1338 1634 1416; x_wconf 86' lang='lat' dir='ltr'><strong>solos</strong></span> <span class='ocrx_word' id='word_1_66' title='bbox 1653 1336 1719 1444; x_wconf 92' lang='lat' dir='ltr'><strong>qui</strong></span> <span class='ocrx_word' id='word_1_67' title='bbox 1739 1338 1780 1432; x_wconf 76' lang='lat' dir='ltr'><strong>iu</strong></span> <span class='ocrx_word' id='word_1_68' title='bbox 1799 1338 1889 1444; x_wconf 87' lang='lat' dir='ltr'><strong>ipsis</strong></span> 
     </span>
     <span class='ocr_line' id='line_1_8' title="bbox 464 1469 1888 1575; baseline 0.001 -31"><span class='ocrx_word' id='word_1_69' title='bbox 464 1470 632 1575; x_wconf 90' lang='lat' dir='ltr'><strong>capitulis</strong></span> <span class='ocrx_word' id='word_1_70' title='bbox 650 1470 854 1558; x_wconf 79' lang='lat' dir='ltr'><strong>affuerunt3</strong></span> <span class='ocrx_word' id='word_1_71' title='bbox 878 1487 914 1545; x_wconf 83' lang='lat' dir='ltr'><strong>et</strong></span> <span class='ocrx_word' id='word_1_72' title='bbox 941 1469 970 1546; x_wconf 93' lang='lat' dir='ltr'><strong>si</strong></span> <span class='ocrx_word' id='word_1_73' title='bbox 995 1469 1193 1575; x_wconf 88' lang='lat' dir='ltr'><strong>quisquam</strong></span> <span class='ocrx_word' id='word_1_74' title='bbox 1218 1498 1326 1548; x_wconf 90' lang='lat' dir='ltr'><strong>secus</strong></span> <span class='ocrx_word' id='word_1_75' title='bbox 1347 1469 1500 1557; x_wconf 87' lang='lat' dir='ltr'><strong>faceret,</strong></span> <span class='ocrx_word' id='word_1_76' title='bbox 1521 1497 1617 1574; x_wconf 85' lang='lat' dir='ltr'><strong>pena</strong></span> <span class='ocrx_word' id='word_1_77' title='bbox 1631 1485 1737 1547; x_wconf 71' lang='lat' dir='ltr'><strong>cena</strong></span> <span class='ocrx_word' id='word_1_78' title='bbox 1754 1485 1888 1548; x_wconf 87' lang='lat' dir='ltr'><strong>statuta</strong></span> 
     </span>
    </p>
   </div>
   <div class='ocr_carea' id='block_1_3' title="bbox 290 1598 1879 1704">
    <p class='ocr_par' dir='ltr' id='par_1_3' title="bbox 290 1598 1879 1704">
     <span class='ocr_line' id='line_1_9' title="bbox 290 1598 1879 1704; baseline 0 -30"><span class='ocrx_word' id='word_1_79' title='bbox 290 1650 295 1663; x_wconf 84' lang='lat'>·</span> <span class='ocrx_word' id='word_1_80' title='bbox 415 1674 430 1697; x_wconf 63' lang='grc'><strong>,</strong></span> <span class='ocrx_word' id='word_1_81' title='bbox 466 1617 520 1677; x_wconf 89' lang='lat' dir='ltr'><strong>est</strong></span> <span class='ocrx_word' id='word_1_82' title='bbox 538 1619 666 1679; x_wconf 84' lang='lat' dir='ltr'><strong>eontra</strong></span> <span class='ocrx_word' id='word_1_83' title='bbox 686 1629 773 1679; x_wconf 91' lang='lat' dir='ltr'><strong>eum</strong></span> <span class='ocrx_word' id='word_1_84' title='bbox 793 1617 835 1676; x_wconf 88' lang='lat' dir='ltr'><strong>ut</strong></span> <span class='ocrx_word' id='word_1_85' title='bbox 854 1629 892 1677; x_wconf 91' lang='lat' dir='ltr'><strong>se</strong></span> <span class='ocrx_word' id='word_1_86' title='bbox 913 1601 1094 1704; x_wconf 89' lang='lat' dir='ltr'><strong>privatum</strong></span> <span class='ocrx_word' id='word_1_87' title='bbox 1115 1601 1249 1682; x_wconf 86' lang='lat' dir='ltr'><strong>sentiat</strong></span> <span class='ocrx_word' id='word_1_88' title='bbox 1265 1600 1475 1676; x_wconf 90' lang='lat' dir='ltr'><strong>commodis</strong></span> <span class='ocrx_word' id='word_1_89' title='bbox 1495 1598 1592 1676; x_wconf 89' lang='lat' dir='ltr'><strong>dicte</strong></span> <span class='ocrx_word' id='word_1_90' title='bbox 1614 1599 1762 1675; x_wconf 86' lang='lat' dir='ltr'><strong>domus.</strong></span> <span class='ocrx_word' id='word_1_91' title='bbox 1875 1670 1879 1674; x_wconf 85' lang='lat'>.</span> 
     </span>
    </p>
   </div>
   <div class='ocr_carea' id='block_1_4' title="bbox 370 1728 1890 3527">
    <p class='ocr_par' dir='ltr' id='par_1_4' title="bbox 453 1728 1889 2748">
     <span class='ocr_line' id='line_1_10' title="bbox 500 1728 1889 1838; baseline -0.001 -32"><span class='ocrx_word' id='word_1_92' title='bbox 500 1730 667 1838; x_wconf 81' lang='lat' dir='ltr'><strong>-Adjecit</strong></span> <span class='ocrx_word' id='word_1_93' title='bbox 679 1732 794 1808; x_wconf 88' lang='lat' dir='ltr'><strong>eciam</strong></span> <span class='ocrx_word' id='word_1_94' title='bbox 813 1731 1009 1807; x_wconf 85' lang='lat' dir='ltr'><strong>senescire</strong></span> <span class='ocrx_word' id='word_1_95' title='bbox 1026 1759 1094 1806; x_wconf 89' lang='lat' dir='ltr'><strong>nec</strong></span> <span class='ocrx_word' id='word_1_96' title='bbox 1115 1759 1280 1837; x_wconf 90' lang='lat' dir='ltr'><strong>unquam</strong></span> <span class='ocrx_word' id='word_1_97' title='bbox 1296 1731 1442 1808; x_wconf 88' lang='lat' dir='ltr'><strong>scivisse</strong></span> <span class='ocrx_word' id='word_1_98' title='bbox 1461 1730 1565 1836; x_wconf 91' lang='lat' dir='ltr'><strong>quod</strong></span> <span class='ocrx_word' id='word_1_99' title='bbox 1576 1730 1617 1805; x_wconf 92' lang='lat' dir='ltr'><strong>in</strong></span> <span class='ocrx_word' id='word_1_100' title='bbox 1627 1728 1761 1806; x_wconf 87' lang='lat' dir='ltr'><strong>ordine</strong></span> <span class='ocrx_word' id='word_1_101' title='bbox 1775 1731 1889 1805; x_wconf 91' lang='lat' dir='ltr'><strong>Tem-</strong></span> 
     </span>
     <span class='ocr_line' id='line_1_11' title="bbox 464 1859 1889 1968; baseline -0.001 -32"><span class='ocrx_word' id='word_1_102' title='bbox 464 1861 536 1966; x_wconf 88' lang='lat' dir='ltr'><strong>pli,</strong></span> <span class='ocrx_word' id='word_1_103' title='bbox 553 1889 622 1938; x_wconf 91' lang='lat' dir='ltr'><strong>nec</strong></span> <span class='ocrx_word' id='word_1_104' title='bbox 642 1861 682 1937; x_wconf 92' lang='lat' dir='ltr'><strong>in</strong></span> <span class='ocrx_word' id='word_1_105' title='bbox 698 1861 820 1966; x_wconf 92' lang='lat' dir='ltr'><strong>aliqua</strong></span> <span class='ocrx_word' id='word_1_106' title='bbox 836 1878 940 1967; x_wconf 86' lang='lat' dir='ltr'><strong>parte</strong></span> <span class='ocrx_word' id='word_1_107' title='bbox 956 1860 1013 1937; x_wconf 88' lang='lat' dir='ltr'><strong>vel</strong></span> <span class='ocrx_word' id='word_1_108' title='bbox 1027 1860 1151 1965; x_wconf 91' lang='lat' dir='ltr'><strong>aliquo</strong></span> <span class='ocrx_word' id='word_1_109' title='bbox 1165 1860 1249 1938; x_wconf 94' lang='lat' dir='ltr'><strong>loco</strong></span> <span class='ocrx_word' id='word_1_110' title='bbox 1266 1861 1363 1968; x_wconf 87' lang='lat' dir='ltr'><strong>ejus,</strong></span> <span class='ocrx_word' id='word_1_111' title='bbox 1378 1859 1518 1937; x_wconf 87' lang='lat' dir='ltr'><strong>fuerint</strong></span> <span class='ocrx_word' id='word_1_112' title='bbox 1533 1888 1677 1946; x_wconf 86' lang='lat' dir='ltr'><strong>errores</strong></span> <span class='ocrx_word' id='word_1_113' title='bbox 1690 1859 1737 1934; x_wconf 91' lang='lat' dir='ltr'><strong>de</strong></span> <span class='ocrx_word' id='word_1_114' title='bbox 1753 1859 1889 1964; x_wconf 84' lang='lat' dir='ltr'><strong>quibus</strong></span> 
     </span>
     <span class='ocr_line' id='line_1_12' title="bbox 462 1987 1888 2101; baseline 0 -36"><span class='ocrx_word' id='word_1_115' title='bbox 462 2008 639 2069; x_wconf 88' lang='lat' dir='ltr'><strong>tractatur</strong></span> <span class='ocrx_word' id='word_1_116' title='bbox 658 1992 697 2067; x_wconf 91' lang='lat' dir='ltr'><strong>in</strong></span> <span class='ocrx_word' id='word_1_117' title='bbox 718 1991 883 2068; x_wconf 83' lang='lat' dir='ltr'><strong>articulis</strong></span> <span class='ocrx_word' id='word_1_118' title='bbox 902 1990 1109 2097; x_wconf 49' lang='lat' dir='ltr'><strong>prelibatis‘3</strong></span> <span class='ocrx_word' id='word_1_119' title='bbox 1128 2009 1164 2068; x_wconf 84' lang='lat' dir='ltr'><strong>et</strong></span> <span class='ocrx_word' id='word_1_120' title='bbox 1178 1991 1265 2068; x_wconf 93' lang='lat' dir='ltr'><strong>ideo</strong></span> <span class='ocrx_word' id='word_1_121' title='bbox 1278 1991 1511 2101; x_wconf 85' lang='lat' dir='ltr'><strong>presidentes</strong></span> <span class='ocrx_word' id='word_1_122' title='bbox 1528 1990 1597 2095; x_wconf 91' lang='lat' dir='ltr'><strong>ipsi</strong></span> <span class='ocrx_word' id='word_1_123' title='bbox 1616 1989 1739 2068; x_wconf 92' lang='lat' dir='ltr'><strong>ordini</strong></span> <span class='ocrx_word' id='word_1_124' title='bbox 1759 1987 1806 2065; x_wconf 86' lang='lat' dir='ltr'><strong>de</strong></span> <span class='ocrx_word' id='word_1_125' title='bbox 1823 2018 1888 2065; x_wconf 88' lang='lat' dir='ltr'><strong>ne-</strong></span> 
     </span>
     <span class='ocr_line' id='line_1_13' title="bbox 463 2118 1887 2226; baseline -0.001 -32"><span class='ocrx_word' id='word_1_126' title='bbox 463 2120 637 2226; x_wconf 84' lang='lat' dir='ltr'><strong>gligentia</strong></span> <span class='ocrx_word' id='word_1_127' title='bbox 667 2120 891 2225; x_wconf 89' lang='lat' dir='ltr'><strong>corripiendi</strong></span> <span class='ocrx_word' id='word_1_128' title='bbox 915 2120 971 2195; x_wconf 88' lang='lat' dir='ltr'><strong>vel</strong></span> <span class='ocrx_word' id='word_1_129' title='bbox 991 2120 1240 2198; x_wconf 89' lang='lat' dir='ltr'><strong>denunciandi</strong></span> <span class='ocrx_word' id='word_1_130' title='bbox 1268 2121 1431 2199; x_wconf 85' lang='lat' dir='ltr'><strong>Ecclesie</strong></span> <span class='ocrx_word' id='word_1_131' title='bbox 1453 2121 1544 2208; x_wconf 82' lang='lat' dir='ltr'><strong>Dei,</strong></span> <span class='ocrx_word' id='word_1_132' title='bbox 1574 2119 1630 2196; x_wconf 87' lang='lat' dir='ltr'><strong>vel</strong></span> <span class='ocrx_word' id='word_1_133' title='bbox 1657 2120 1704 2225; x_wconf 90' lang='lat' dir='ltr'><strong>de</strong></span> <span class='ocrx_word' id='word_1_134' title='bbox 1732 2118 1887 2198; x_wconf 80' lang='lat' dir='ltr'><strong>fratrum</strong></span> 
     </span>
     <span class='ocr_line' id='line_1_14' title="bbox 465 2248 1886 2357; baseline 0.001 -32"><span class='ocrx_word' id='word_1_135' title='bbox 465 2248 683 2326; x_wconf 83' lang='lat' dir='ltr'><strong>desistencia</strong></span> <span class='ocrx_word' id='word_1_136' title='bbox 705 2278 725 2325; x_wconf 89' lang='lat' dir='ltr'><strong>a</strong></span> <span class='ocrx_word' id='word_1_137' title='bbox 747 2250 855 2326; x_wconf 82' lang='lat' dir='ltr'><strong>dictis</strong></span> <span class='ocrx_word' id='word_1_138' title='bbox 873 2251 1063 2327; x_wconf 92' lang='lat' dir='ltr'><strong>erroribus</strong></span> <span class='ocrx_word' id='word_1_139' title='bbox 1085 2252 1149 2356; x_wconf 92' lang='lat' dir='ltr'><strong>qui</strong></span> <span class='ocrx_word' id='word_1_140' title='bbox 1175 2269 1366 2357; x_wconf 86' lang='lat' dir='ltr'><strong>uunquam</strong></span> <span class='ocrx_word' id='word_1_141' title='bbox 1386 2249 1538 2336; x_wconf 80' lang='lat' dir='ltr'><strong>fuerunt</strong></span> <span class='ocrx_word' id='word_1_142' title='bbox 1555 2251 1596 2325; x_wconf 91' lang='lat' dir='ltr'><strong>in</strong></span> <span class='ocrx_word' id='word_1_143' title='bbox 1616 2248 1886 2338; x_wconf 86' lang='lat' dir='ltr'><strong>dictoordine,</strong></span> 
     </span>
     <span class='ocr_line' id='line_1_15' title="bbox 463 2379 1888 2488; baseline 0.001 -32"><span class='ocrx_word' id='word_1_144' title='bbox 463 2397 579 2486; x_wconf 86' lang='lat' dir='ltr'><strong>prout</strong></span> <span class='ocrx_word' id='word_1_145' title='bbox 594 2379 727 2468; x_wconf 90' lang='lat' dir='ltr'><strong>credit,</strong></span> <span class='ocrx_word' id='word_1_146' title='bbox 754 2399 950 2487; x_wconf 87' lang='lat' dir='ltr'><strong>nequeunt</strong></span> <span class='ocrx_word' id='word_1_147' title='bbox 968 2381 1177 2487; x_wconf 86' lang='lat' dir='ltr'><strong>aliqualiter</strong></span> <span class='ocrx_word' id='word_1_148' title='bbox 1198 2381 1443 2488; x_wconf 81' lang='lat' dir='ltr'><strong>reprehendi,</strong></span> <span class='ocrx_word' id='word_1_149' title='bbox 1474 2408 1543 2457; x_wconf 89' lang='lat' dir='ltr'><strong>nec</strong></span> <span class='ocrx_word' id='word_1_150' title='bbox 1563 2379 1672 2458; x_wconf 87' lang='lat' dir='ltr'><strong>dolus</strong></span> <span class='ocrx_word' id='word_1_151' title='bbox 1690 2409 1761 2459; x_wconf 87' lang='lat' dir='ltr'><strong>uec</strong></span> <span class='ocrx_word' id='word_1_152' title='bbox 1781 2381 1888 2485; x_wconf 87' lang='lat' dir='ltr'><strong>culpa</strong></span> 
     </span>
     <span class='ocr_line' id='line_1_16' title="bbox 453 2508 1888 2618; baseline 0.003 -35"><span class='ocrx_word' id='word_1_153' title='bbox 453 2509 586 2616; x_wconf 86' lang='lat' dir='ltr'><strong>aliqua</strong></span> <span class='ocrx_word' id='word_1_154' title='bbox 607 2508 685 2585; x_wconf 91' lang='lat' dir='ltr'><strong>dari</strong></span> <span class='ocrx_word' id='word_1_155' title='bbox 711 2509 765 2586; x_wconf 90' lang='lat' dir='ltr'><strong>eis</strong></span> <span class='ocrx_word' id='word_1_156' title='bbox 788 2511 889 2617; x_wconf 85' lang='lat' dir='ltr'><strong>juste</strong></span> <span class='ocrx_word' id='word_1_157' title='bbox 910 2511 1050 2615; x_wconf 88' lang='lat' dir='ltr'><strong>potuit,</strong></span> <span class='ocrx_word' id='word_1_158' title='bbox 1077 2511 1164 2618; x_wconf 83' lang='lat' dir='ltr'><strong>quia</strong></span> <span class='ocrx_word' id='word_1_159' title='bbox 1195 2512 1320 2618; x_wconf 85' lang='lat' dir='ltr'><strong>puniri</strong></span> <span class='ocrx_word' id='word_1_160' title='bbox 1339 2510 1398 2588; x_wconf 87' lang='lat' dir='ltr'><strong>vel</strong></span> <span class='ocrx_word' id='word_1_161' title='bbox 1417 2510 1643 2617; x_wconf 86' lang='lat' dir='ltr'><strong>reprehendi</strong></span> <span class='ocrx_word' id='word_1_162' title='bbox 1666 2527 1730 2586; x_wconf 87' lang='lat' dir='ltr'><strong>aut</strong></span> <span class='ocrx_word' id='word_1_163' title='bbox 1755 2510 1888 2616; x_wconf 85' lang='lat' dir='ltr'><strong>corrigi</strong></span> 
     </span>
     <span class='ocr_line' id='line_1_17' title="bbox 463 2639 1260 2748; baseline 0.005 -34"><span class='ocrx_word' id='word_1_164' title='bbox 463 2639 521 2717; x_wconf 87' lang='lat' dir='ltr'><strong>vel</strong></span> <span class='ocrx_word' id='word_1_165' title='bbox 543 2641 708 2747; x_wconf 77' lang='lat' dir='ltr'><strong>castigari</strong></span> <span class='ocrx_word' id='word_1_166' title='bbox 730 2668 805 2716; x_wconf 91' lang='lat' dir='ltr'><strong>uon</strong></span> <span class='ocrx_word' id='word_1_167' title='bbox 821 2641 945 2745; x_wconf 87' lang='lat' dir='ltr'><strong>potuit</strong></span> <span class='ocrx_word' id='word_1_168' title='bbox 959 2642 1064 2748; x_wconf 88' lang='lat' dir='ltr'><strong>quod</strong></span> <span class='ocrx_word' id='word_1_169' title='bbox 1083 2670 1159 2718; x_wconf 89' lang='lat' dir='ltr'><strong>uon</strong></span> <span class='ocrx_word' id='word_1_170' title='bbox 1178 2641 1260 2721; x_wconf 86' lang='lat' dir='ltr'><strong>fuit.</strong></span> 
     </span>
    </p>

    <p class='ocr_par' dir='ltr' id='par_1_5' title="bbox 370 2770 1890 3527">
     <span class='ocr_line' id='line_1_18' title="bbox 521 2770 1890 2880; baseline 0.001 -34"><span class='ocrx_word' id='word_1_171' title='bbox 521 2770 578 2846; x_wconf 87' lang='lat' dir='ltr'><strong>Ad</strong></span> <span class='ocrx_word' id='word_1_172' title='bbox 597 2770 737 2857; x_wconf 82' lang='lat' dir='ltr'><strong>lxxxur,</strong></span> <span class='ocrx_word' id='word_1_173' title='bbox 759 2771 895 2847; x_wconf 89' lang='lat' dir='ltr'><strong>lxxxuu</strong></span> <span class='ocrx_word' id='word_1_174' title='bbox 908 2787 944 2847; x_wconf 90' lang='lat' dir='ltr'><strong>et</strong></span> <span class='ocrx_word' id='word_1_175' title='bbox 960 2770 1064 2850; x_wconf 80' lang='lat' dir='ltr'><strong>lxxxv</strong></span> <span class='ocrx_word' id='word_1_176' title='bbox 1080 2772 1255 2851; x_wconf 82' lang='lat' dir='ltr'><strong>articulos</strong></span> <span class='ocrx_word' id='word_1_177' title='bbox 1272 2773 1468 2861; x_wconf 86' lang='lat' dir='ltr'><strong>inclusive,</strong></span> <span class='ocrx_word' id='word_1_178' title='bbox 1487 2771 1687 2880; x_wconf 78' lang='lat' dir='ltr'><strong>diligenter</strong></span> <span class='ocrx_word' id='word_1_179' title='bbox 1703 2789 1741 2847; x_wconf 87' lang='lat' dir='ltr'><strong>et</strong></span> <span class='ocrx_word' id='word_1_180' title='bbox 1756 2770 1890 2876; x_wconf 82' lang='lat' dir='ltr'><strong>sigilla·</strong></span> 
     </span>
     <span class='ocr_line' id='line_1_19' title="bbox 395 2900 1890 3010; baseline 0.001 -35"><span class='ocrx_word' id='word_1_181' title='bbox 395 2934 398 2941; x_wconf 94' lang='lat'>·</span> <span class='ocrx_word' id='word_1_182' title='bbox 463 2900 531 2976; x_wconf 90' lang='lat' dir='ltr'><strong>tim</strong></span> <span class='ocrx_word' id='word_1_183' title='bbox 550 2901 813 3006; x_wconf 83' lang='lat' dir='ltr'><strong>interrogatus,</strong></span> <span class='ocrx_word' id='word_1_184' title='bbox 831 2902 1060 3006; x_wconf 91' lang='lat' dir='ltr'><strong>respondeus</strong></span> <span class='ocrx_word' id='word_1_185' title='bbox 1081 2903 1177 3009; x_wconf 38' lang='lat' dir='ltr'><strong>dixit,</strong></span> <span class='ocrx_word' id='word_1_186' title='bbox 1190 2902 1302 3009; x_wconf 70' lang='lat' dir='ltr'><strong>quod⁴</strong></span> <span class='ocrx_word' id='word_1_187' title='bbox 1314 2902 1445 2986; x_wconf 84' lang='lat' dir='ltr'><strong>fratres</strong></span> <span class='ocrx_word' id='word_1_188' title='bbox 1464 2903 1529 3010; x_wconf 91' lang='lat' dir='ltr'><strong>qui</strong></span> <span class='ocrx_word' id='word_1_189' title='bbox 1550 2903 1589 2979; x_wconf 93' lang='lat' dir='ltr'><strong>in</strong></span> <span class='ocrx_word' id='word_1_190' title='bbox 1603 2902 1793 3008; x_wconf 88' lang='lat' dir='ltr'><strong>presencia</strong></span> <span class='ocrx_word' id='word_1_191' title='bbox 1808 2928 1890 2978; x_wconf 92' lang='lat' dir='ltr'><strong>san-</strong></span> 
     </span>
     <span class='ocr_line' id='line_1_20' title="bbox 464 3008 1889 3137; baseline 0 -31"><span class='ocrx_word' id='word_1_192' title='bbox 464 3032 617 3108; x_wconf 87' lang='lat' dir='ltr'><strong>ctissimi</strong></span> <span class='ocrx_word' id='word_1_193' title='bbox 638 3031 779 3107; x_wconf 91' lang='lat' dir='ltr'><strong>domini</strong></span> <span class='ocrx_word' id='word_1_194' title='bbox 804 3031 924 3109; x_wconf 78' lang='lat' dir='ltr'><strong>nostri.</strong></span> <span class='ocrx_word' id='word_1_195' title='bbox 947 3033 1084 3108; x_wconf 90' lang='lat' dir='ltr'><strong>summi</strong></span> <span class='ocrx_word' id='word_1_196' title='bbox 1109 3029 1296 3137; x_wconf 88' lang='lat' dir='ltr'><strong>pontilicis</strong></span> <span class='ocrx_word' id='word_1_197' title='bbox 1317 3049 1354 3109; x_wconf 88' lang='lat' dir='ltr'><strong>et</strong></span> <span class='ocrx_word' id='word_1_198' title='bbox 1380 3031 1620 3114; x_wconf 90' lang='lat' dir='ltr'><strong>dominorum</strong></span> <span class='ocrx_word' id='word_1_199' title='bbox 1647 3008 1889 3108; x_wconf 82' lang='lat' dir='ltr'><strong>cardinalium</strong></span> 
     </span>
     <span class='ocr_line' id='line_1_21' title="bbox 463 3160 1887 3270; baseline 0.001 -33"><span class='ocrx_word' id='word_1_200' title='bbox 463 3161 619 3245; x_wconf 85' lang='lat' dir='ltr'><strong>fratrum</strong></span> <span class='ocrx_word' id='word_1_201' title='bbox 631 3161 728 3270; x_wconf 86' lang='lat' dir='ltr'><strong>ejus,</strong></span> <span class='ocrx_word' id='word_1_202' title='bbox 743 3160 911 3267; x_wconf 84' lang='lat' dir='ltr'><strong>predicta</strong></span> <span class='ocrx_word' id='word_1_203' title='bbox 924 3161 964 3237; x_wconf 92' lang='lat' dir='ltr'><strong>in</strong></span> <span class='ocrx_word' id='word_1_204' title='bbox 978 3161 1141 3238; x_wconf 87' lang='lat' dir='ltr'><strong>articulis</strong></span> <span class='ocrx_word' id='word_1_205' title='bbox 1156 3179 1329 3243; x_wconf 84' lang='lat' dir='ltr'><strong>contenta</strong></span> <span class='ocrx_word' id='word_1_206' title='bbox 1345 3180 1561 3240; x_wconf 86' lang='lat' dir='ltr'><strong>asseruntur</strong></span> <span class='ocrx_word' id='word_1_207' title='bbox 1577 3162 1691 3239; x_wconf 88' lang='lat' dir='ltr'><strong>fuisse</strong></span> <span class='ocrx_word' id='word_1_208' title='bbox 1712 3161 1887 3249; x_wconf 88' lang='lat' dir='ltr'><strong>confessi,</strong></span> 
     </span>
     <span class='ocr_line' id='line_1_22' title="bbox 463 3289 1889 3398; baseline 0 -32"><span class='ocrx_word' id='word_1_209' title='bbox 463 3291 667 3398; x_wconf 85' lang='lat' dir='ltr'><strong>respondet</strong></span> <span class='ocrx_word' id='word_1_210' title='bbox 687 3308 725 3367; x_wconf 89' lang='lat' dir='ltr'><strong>et</strong></span> <span class='ocrx_word' id='word_1_211' title='bbox 749 3291 839 3367; x_wconf 92' lang='lat' dir='ltr'><strong>dicit</strong></span> <span class='ocrx_word' id='word_1_212' title='bbox 858 3319 898 3367; x_wconf 92' lang='lat' dir='ltr'><strong>se</strong></span> <span class='ocrx_word' id='word_1_213' title='bbox 919 3292 1071 3367; x_wconf 90' lang='lat' dir='ltr'><strong>credere</strong></span> <span class='ocrx_word' id='word_1_214' title='bbox 1092 3292 1192 3397; x_wconf 91' lang='lat' dir='ltr'><strong>ipsos</strong></span> <span class='ocrx_word' id='word_1_215' title='bbox 1212 3289 1342 3369; x_wconf 80' lang='lat' dir='ltr'><strong>fratres</strong></span> <span class='ocrx_word' id='word_1_216' title='bbox 1369 3292 1409 3368; x_wconf 91' lang='lat' dir='ltr'><strong>in</strong></span> <span class='ocrx_word' id='word_1_217' title='bbox 1430 3291 1605 3369; x_wconf 89' lang='lat' dir='ltr'><strong>omnibus</strong></span> <span class='ocrx_word' id='word_1_218' title='bbox 1622 3309 1659 3369; x_wconf 91' lang='lat' dir='ltr'><strong>et</strong></span> <span class='ocrx_word' id='word_1_219' title='bbox 1677 3321 1744 3398; x_wconf 88' lang='lat' dir='ltr'><strong>per</strong></span> <span class='ocrx_word' id='word_1_220' title='bbox 1764 3292 1889 3369; x_wconf 91' lang='lat' dir='ltr'><strong>omnia</strong></span> 
     </span>
     <span class='ocr_line' id='line_1_23' title="bbox 370 3419 1887 3527; baseline 0.001 -31"><span class='ocrx_word' id='word_1_221' title='bbox 370 3515 373 3520; x_wconf 24' lang='lat'>·</span> <span class='ocrx_word' id='word_1_222' title='bbox 463 3419 550 3497; x_wconf 89' lang='lat' dir='ltr'><strong>falsa</strong></span> <span class='ocrx_word' id='word_1_223' title='bbox 576 3419 863 3498; x_wconf 83' lang='lat' dir='ltr'><strong>esseconfessos</strong></span> <span class='ocrx_word' id='word_1_224' title='bbox 883 3437 919 3495; x_wconf 79' lang='lat' dir='ltr'><strong>et</strong></span> <span class='ocrx_word' id='word_1_225' title='bbox 942 3439 1072 3497; x_wconf 87' lang='lat' dir='ltr'><strong>contra</strong></span> <span class='ocrx_word' id='word_1_226' title='bbox 1099 3422 1357 3500; x_wconf 89' lang='lat' dir='ltr'><strong>omnimodam</strong></span> <span class='ocrx_word' id='word_1_227' title='bbox 1382 3421 1592 3511; x_wconf 85' lang='lat' dir='ltr'><strong>veritatem,</strong></span> <span class='ocrx_word' id='word_1_228' title='bbox 1622 3421 1719 3498; x_wconf 86' lang='lat' dir='ltr'><strong>salva</strong></span> <span class='ocrx_word' id='word_1_229' title='bbox 1741 3450 1887 3527; x_wconf 91' lang='lat' dir='ltr'><strong>semper</strong></span> 
     </span>
    </p>
   </div>
   <div class='ocr_carea' id='block_1_5' title="bbox 464 3549 1888 3658">
    <p class='ocr_par' dir='ltr' id='par_1_6' title="bbox 464 3549 1888 3658">
     <span class='ocr_line' id='line_1_24' title="bbox 464 3549 1888 3658; baseline 0.001 -32"><span class='ocrx_word' id='word_1_230' title='bbox 464 3549 683 3627; x_wconf 84' lang='lat' dir='ltr'><strong>excellencia</strong></span> <span class='ocrx_word' id='word_1_231' title='bbox 700 3550 884 3626; x_wconf 83' lang='lat' dir='ltr'><strong>societatis</strong></span> <span class='ocrx_word' id='word_1_232' title='bbox 903 3549 1071 3655; x_wconf 88' lang='lat' dir='ltr'><strong>ejusdem</strong></span> <span class='ocrx_word' id='word_1_233' title='bbox 1088 3550 1230 3627; x_wconf 90' lang='lat' dir='ltr'><strong>domini</strong></span> <span class='ocrx_word' id='word_1_234' title='bbox 1251 3553 1369 3629; x_wconf 88' lang='lat' dir='ltr'><strong>nostri</strong></span> <span class='ocrx_word' id='word_1_235' title='bbox 1390 3582 1484 3658; x_wconf 89' lang='lat' dir='ltr'><strong>pape</strong></span> <span class='ocrx_word' id='word_1_236' title='bbox 1506 3569 1542 3630; x_wconf 81' lang='lat' dir='ltr'><strong>ct</strong></span> <span class='ocrx_word' id='word_1_237' title='bbox 1560 3553 1800 3631; x_wconf 91' lang='lat' dir='ltr'><strong>dominorum</strong></span> <span class='ocrx_word' id='word_1_238' title='bbox 1812 3580 1888 3628; x_wconf 90' lang='lat' dir='ltr'><strong>car·</strong></span> 
     </span>
    </p>
   </div>
   <div class='ocr_carea' id='block_1_6' title="bbox 462 3679 1907 4964">
    <p class='ocr_par' dir='ltr' id='par_1_7' title="bbox 465 3679 1669 3763">
     <span class='ocr_line' id='line_1_25' title="bbox 465 3679 1669 3763; baseline 0.007 -8"><span class='ocrx_word' id='word_1_239' title='bbox 465 3679 646 3756; x_wconf 91' lang='lat' dir='ltr'><strong>dinalium</strong></span> <span class='ocrx_word' id='word_1_240' title='bbox 667 3680 878 3757; x_wconf 89' lang='lat' dir='ltr'><strong>reverencia</strong></span> <span class='ocrx_word' id='word_1_241' title='bbox 898 3698 935 3757; x_wconf 84' lang='lat' dir='ltr'><strong>et</strong></span> <span class='ocrx_word' id='word_1_242' title='bbox 954 3682 1045 3757; x_wconf 89' lang='lat' dir='ltr'><strong>sacri</strong></span> <span class='ocrx_word' id='word_1_243' title='bbox 1067 3683 1276 3760; x_wconf 86' lang='lat' dir='ltr'><strong>consistorii</strong></span> <span class='ocrx_word' id='word_1_244' title='bbox 1296 3700 1420 3761; x_wconf 82' lang='lat' dir='ltr'><strong>sancte</strong></span> <span class='ocrx_word' id='word_1_245' title='bbox 1440 3683 1560 3763; x_wconf 86' lang='lat' dir='ltr'><strong>Sedis.</strong></span> <span class='ocrx_word' id='word_1_246' title='bbox 1582 3729 1584 3733; x_wconf 95' lang='lat'>·</span> <span class='ocrx_word' id='word_1_247' title='bbox 1666 3731 1669 3735; x_wconf 91' lang='lat'>·</span> 
     </span>
    </p>

    <p class='ocr_par' dir='ltr' id='par_1_8' title="bbox 462 3809 1888 4691">
     <span class='ocr_line' id='line_1_26' title="bbox 520 3809 1888 3920; baseline 0.001 -34"><span class='ocrx_word' id='word_1_248' title='bbox 520 3809 578 3886; x_wconf 83' lang='lat' dir='ltr'><strong>Ad</strong></span> <span class='ocrx_word' id='word_1_249' title='bbox 596 3809 713 3897; x_wconf 83' lang='lat' dir='ltr'><strong>lxxxvr</strong></span> <span class='ocrx_word' id='word_1_250' title='bbox 728 3810 924 3898; x_wconf 81' lang='lat' dir='ltr'><strong>articulum</strong></span> <span class='ocrx_word' id='word_1_251' title='bbox 941 3811 1417 3920; x_wconf 83' lang='lat' dir='ltr'><strong>diligenterinterrogatus‚</strong></span> <span class='ocrx_word' id='word_1_252' title='bbox 1435 3813 1666 3919; x_wconf 88' lang='lat' dir='ltr'><strong>respondens</strong></span> <span class='ocrx_word' id='word_1_253' title='bbox 1682 3813 1776 3889; x_wconf 81' lang='lat' dir='ltr'><strong>dixit</strong></span> <span class='ocrx_word' id='word_1_254' title='bbox 1785 3813 1888 3917; x_wconf 92' lang='lat' dir='ltr'><strong>quod</strong></span> 
     </span>
     <span class='ocr_line' id='line_1_27' title="bbox 462 3937 1885 4048; baseline 0.002 -33"><span class='ocrx_word' id='word_1_255' title='bbox 462 3937 583 4016; x_wconf 85' lang='lat' dir='ltr'><strong>frater</strong></span> <span class='ocrx_word' id='word_1_256' title='bbox 594 3939 779 4017; x_wconf 80' lang='lat' dir='ltr'><strong>Arnaldus</strong></span> <span class='ocrx_word' id='word_1_257' title='bbox 799 3940 846 4016; x_wconf 90' lang='lat' dir='ltr'><strong>de</strong></span> <span class='ocrx_word' id='word_1_258' title='bbox 861 3941 1073 4018; x_wconf 88' lang='lat' dir='ltr'><strong>Torrosella</strong></span> <span class='ocrx_word' id='word_1_259' title='bbox 1088 3959 1178 4017; x_wconf 83' lang='lat' dir='ltr'><strong>tunc</strong></span> <span class='ocrx_word' id='word_1_260' title='bbox 1191 3961 1393 4048; x_wconf 84' lang='lat' dir='ltr'><strong>preceptor</strong></span> <span class='ocrx_word' id='word_1_261' title='bbox 1406 3943 1503 4019; x_wconf 84' lang='lat' dir='ltr'><strong>dicte</strong></span> <span class='ocrx_word' id='word_1_262' title='bbox 1521 3942 1657 4020; x_wconf 83' lang='lat' dir='ltr'><strong>domus</strong></span> <span class='ocrx_word' id='word_1_263' title='bbox 1670 3943 1787 4030; x_wconf 88' lang='lat' dir='ltr'><strong>Mansi</strong></span> <span class='ocrx_word' id='word_1_264' title='bbox 1800 3943 1885 4030; x_wconf 83' lang='lat' dir='ltr'><strong>Dei,</strong></span> 
     </span>
     <span class='ocr_line' id='line_1_28' title="bbox 462 4069 1885 4179; baseline 0.003 -33"><span class='ocrx_word' id='word_1_265' title='bbox 462 4069 615 4149; x_wconf 86' lang='lat' dir='ltr'><strong>infesto</strong></span> <span class='ocrx_word' id='word_1_266' title='bbox 635 4071 897 4149; x_wconf 87' lang='lat' dir='ltr'><strong>Penthecostes</strong></span> <span class='ocrx_word' id='word_1_267' title='bbox 922 4074 1088 4178; x_wconf 84' lang='lat' dir='ltr'><strong>proxime</strong></span> <span class='ocrx_word' id='word_1_268' title='bbox 1112 4072 1238 4152; x_wconf 88' lang='lat' dir='ltr'><strong>futuro</strong></span> <span class='ocrx_word' id='word_1_269' title='bbox 1261 4093 1369 4152; x_wconf 88' lang='lat' dir='ltr'><strong>erunt</strong></span> <span class='ocrx_word' id='word_1_270' title='bbox 1387 4101 1432 4152; x_wconf 90' lang='lat' dir='ltr'><strong>xv</strong></span> <span class='ocrx_word' id='word_1_271' title='bbox 1454 4073 1674 4179; x_wconf 88' lang='lat' dir='ltr'><strong>anni-elapsi</strong></span> <span class='ocrx_word' id='word_1_272' title='bbox 1698 4073 1755 4151; x_wconf 90' lang='lat' dir='ltr'><strong>vel</strong></span> <span class='ocrx_word' id='word_1_273' title='bbox 1775 4075 1885 4161; x_wconf 81' lang='lat' dir='ltr'><strong>circa,</strong></span> 
     </span>
     <span class='ocr_line' id='line_1_29' title="bbox 463 4200 1886 4308; baseline 0.002 -33"><span class='ocrx_word' id='word_1_274' title='bbox 463 4200 605 4305; x_wconf 87' lang='lat' dir='ltr'><strong>recepit</strong></span> <span class='ocrx_word' id='word_1_275' title='bbox 626 4201 749 4306; x_wconf 91' lang='lat' dir='ltr'><strong>ipsum</strong></span> <span class='ocrx_word' id='word_1_276' title='bbox 768 4201 832 4306; x_wconf 92' lang='lat' dir='ltr'><strong>qui</strong></span> <span class='ocrx_word' id='word_1_277' title='bbox 853 4201 1020 4306; x_wconf 85' lang='lat' dir='ltr'><strong>loquitur</strong></span> <span class='ocrx_word' id='word_1_278' title='bbox 1040 4203 1078 4277; x_wconf 91' lang='lat' dir='ltr'><strong>in</strong></span> <span class='ocrx_word' id='word_1_279' title='bbox 1104 4202 1256 4279; x_wconf 85' lang='lat' dir='ltr'><strong>fratrem</strong></span> <span class='ocrx_word' id='word_1_280' title='bbox 1279 4204 1366 4280; x_wconf 88' lang='lat' dir='ltr'><strong>dicti</strong></span> <span class='ocrx_word' id='word_1_281' title='bbox 1389 4204 1549 4292; x_wconf 84' lang='lat' dir='ltr'><strong>ordinis,</strong></span> <span class='ocrx_word' id='word_1_282' title='bbox 1570 4203 1610 4279; x_wconf 92' lang='lat' dir='ltr'><strong>in</strong></span> <span class='ocrx_word' id='word_1_283' title='bbox 1630 4203 1774 4308; x_wconf 51' lang='lat' dir='ltr'><strong>capella*</strong></span> <span class='ocrx_word' id='word_1_284' title='bbox 1790 4203 1886 4281; x_wconf 82' lang='lat' dir='ltr'><strong>dicte</strong></span> 
     </span>
     <span class='ocr_line' id='line_1_30' title="bbox 463 4330 1886 4439; baseline 0.001 -32"><span class='ocrx_word' id='word_1_285' title='bbox 463 4330 598 4408; x_wconf 90' lang='lat' dir='ltr'><strong>domus</strong></span> <span class='ocrx_word' id='word_1_286' title='bbox 618 4332 735 4410; x_wconf 90' lang='lat' dir='ltr'><strong>Mansi</strong></span> <span class='ocrx_word' id='word_1_287' title='bbox 764 4332 852 4423; x_wconf 86' lang='lat' dir='ltr'><strong>Dei,</strong></span> <span class='ocrx_word' id='word_1_288' title='bbox 869 4333 1106 4437; x_wconf 87' lang='lat' dir='ltr'><strong>presentibus</strong></span> <span class='ocrx_word' id='word_1_289' title='bbox 1127 4351 1164 4410; x_wconf 91' lang='lat' dir='ltr'><strong>et</strong></span> <span class='ocrx_word' id='word_1_290' title='bbox 1182 4333 1323 4430; x_wconf 91' lang='lat' dir='ltr'><strong>ibidem</strong></span> <span class='ocrx_word' id='word_1_291' title='bbox 1339 4334 1543 4417; x_wconf 77' lang='lat' dir='ltr'><strong>astantibus</strong></span> <span class='ocrx_word' id='word_1_292' title='bbox 1558 4333 1622 4410; x_wconf 84' lang='lat' dir='ltr'><strong>Ar⁰</strong></span> <span class='ocrx_word' id='word_1_293' title='bbox 1638 4333 1781 4424; x_wconf 84' lang='lat' dir='ltr'><strong>Bocha,</strong></span> <span class='ocrx_word' id='word_1_294' title='bbox 1795 4336 1886 4439; x_wconf 88' lang='lat' dir='ltr'><strong>Ray-</strong></span> 
     </span>
     <span class='ocr_line' id='line_1_31' title="bbox 462 4461 1887 4571; baseline 0.001 -33"><span class='ocrx_word' id='word_1_295' title='bbox 462 4461 609 4539; x_wconf 90' lang='lat' dir='ltr'><strong>mundo</strong></span> <span class='ocrx_word' id='word_1_296' title='bbox 622 4461 762 4568; x_wconf 72' lang='lat' dir='ltr'><strong>Sagen,</strong></span> <span class='ocrx_word' id='word_1_297' title='bbox 785 4463 984 4540; x_wconf 89' lang='lat' dir='ltr'><strong>Laurentio</strong></span> <span class='ocrx_word' id='word_1_298' title='bbox 1005 4463 1168 4571; x_wconf 85' lang='lat' dir='ltr'><strong>Regalis,</strong></span> <span class='ocrx_word' id='word_1_299' title='bbox 1189 4464 1327 4541; x_wconf 85' lang='lat' dir='ltr'><strong>Jacobo</strong></span> <span class='ocrx_word' id='word_1_300' title='bbox 1346 4465 1392 4541; x_wconf 90' lang='lat' dir='ltr'><strong>de</strong></span> <span class='ocrx_word' id='word_1_301' title='bbox 1414 4463 1550 4541; x_wconf 88' lang='lat' dir='ltr'><strong>Oleriis</strong></span> <span class='ocrx_word' id='word_1_302' title='bbox 1568 4482 1605 4541; x_wconf 89' lang='lat' dir='ltr'><strong>et</strong></span> <span class='ocrx_word' id='word_1_303' title='bbox 1621 4463 1794 4569; x_wconf 88' lang='lat' dir='ltr'><strong>pluribus</strong></span> <span class='ocrx_word' id='word_1_304' title='bbox 1806 4464 1887 4546; x_wconf 82' lang='lat' dir='ltr'><strong>aliis</strong></span> 
     </span>
     <span class='ocr_line' id='line_1_32' title="bbox 462 4589 974 4691; baseline 0.006 -25"><span class='ocrx_word' id='word_1_305' title='bbox 462 4589 638 4668; x_wconf 88' lang='lat' dir='ltr'><strong>fratribus</strong></span> <span class='ocrx_word' id='word_1_306' title='bbox 659 4591 749 4669; x_wconf 88' lang='lat' dir='ltr'><strong>dicti</strong></span> <span class='ocrx_word' id='word_1_307' title='bbox 768 4591 921 4669; x_wconf 87' lang='lat' dir='ltr'><strong>ordinis.</strong></span> <span class='ocrx_word' id='word_1_308' title='bbox 971 4684 974 4691; x_wconf 27' lang='grc' dir='ltr'>Ι</span> 
     </span>
    </p>

    <p class='ocr_par' dir='ltr' id='par_1_9' title="bbox 462 4720 1907 4964">
     <span class='ocr_line' id='line_1_33' title="bbox 519 4720 1907 4830; baseline 0.001 -33"><span class='ocrx_word' id='word_1_309' title='bbox 519 4720 575 4797; x_wconf 89' lang='lat' dir='ltr'><strong>De</strong></span> <span class='ocrx_word' id='word_1_310' title='bbox 590 4721 704 4798; x_wconf 89' lang='lat' dir='ltr'><strong>modo</strong></span> <span class='ocrx_word' id='word_1_311' title='bbox 716 4724 1153 4830; x_wconf 85' lang='lat' dir='ltr'><strong>autemsuerecepcionis</strong></span> <span class='ocrx_word' id='word_1_312' title='bbox 1166 4725 1535 4815; x_wconf 90' lang='lat' dir='ltr'><strong>etcoherentibusei,</strong></span> <span class='ocrx_word' id='word_1_313' title='bbox 1552 4725 1644 4804; x_wconf 85' lang='lat' dir='ltr'><strong>dixit</strong></span> <span class='ocrx_word' id='word_1_314' title='bbox 1659 4725 1762 4821; x_wconf 87' lang='lat' dir='ltr'><strong>idem</strong></span> <span class='ocrx_word' id='word_1_315' title='bbox 1782 4723 1885 4801; x_wconf 86' lang='lat' dir='ltr'><strong>inef·</strong></span> <span class='ocrx_word' id='word_1_316' title='bbox 1904 4732 1907 4735; x_wconf 77' lang='grc'><strong>’</strong></span> 
     </span>
     <span class='ocr_line' id='line_1_34' title="bbox 462 4850 1901 4964; baseline 0.002 -37"><span class='ocrx_word' id='word_1_317' title='bbox 462 4850 562 4928; x_wconf 86' lang='lat' dir='ltr'><strong>fectu</strong></span> <span class='ocrx_word' id='word_1_318' title='bbox 571 4851 665 4928; x_wconf 88' lang='lat' dir='ltr'><strong>sicut</strong></span> <span class='ocrx_word' id='word_1_319' title='bbox 674 4850 786 4932; x_wconf 88' lang='lat' dir='ltr'><strong>frater</strong></span> <span class='ocrx_word' id='word_1_320' title='bbox 793 4853 1079 4933; x_wconf 88' lang='lat' dir='ltr'><strong>Bartholomeus</strong></span> <span class='ocrx_word' id='word_1_321' title='bbox 1090 4855 1137 4931; x_wconf 89' lang='lat' dir='ltr'><strong>de</strong></span> <span class='ocrx_word' id='word_1_322' title='bbox 1146 4858 1266 4934; x_wconf 90' lang='lat' dir='ltr'><strong>Turre</strong></span> <span class='ocrx_word' id='word_1_323' title='bbox 1276 4857 1382 4936; x_wconf 80' lang='lat' dir='ltr'><strong>testis</strong></span> <span class='ocrx_word' id='word_1_324' title='bbox 1391 4857 1534 4962; x_wconf 90' lang='lat' dir='ltr'><strong>primus</strong></span> <span class='ocrx_word' id='word_1_325' title='bbox 1542 4856 1731 4964; x_wconf 86' lang='lat' dir='ltr'><strong>deposuit,</strong></span> <span class='ocrx_word' id='word_1_326' title='bbox 1747 4874 1784 4933; x_wconf 83' lang='lat' dir='ltr'><strong>et</strong></span> <span class='ocrx_word' id='word_1_327' title='bbox 1792 4856 1886 4932; x_wconf 85' lang='lat' dir='ltr'><strong>sicut</strong></span> <span class='ocrx_word' id='word_1_328' title='bbox 1899 4906 1901 4910; x_wconf 28' lang='grc' dir='ltr'><strong><em>ι</em></strong></span> 
     </span>
    </p>
   </div>
   <div class='ocr_carea' id='block_1_7' title="bbox 0 0 2122 5942">
    <p class='ocr_par' dir='ltr' id='par_1_10' title="bbox 0 0 2122 5942">
     <span class='ocr_line' id='line_1_35' title="bbox 0 0 2122 5942; baseline 0 0"><span class='ocrx_word' id='word_1_329' title='bbox 0 0 2122 5942; x_wconf 95' lang='lat' dir='ltr'><strong> </strong></span> 
     </span>
    </p>
   </div>
  </div>
 </body>
</html>
