4236 5948
741 496 936 584 enooss
963 510 1058 583 nus
1084 512 1387 584 inuramus.
1704 519 1775 589 127

356 658 485 734 lassata
512 680 581 759 per
607 682 694 729 eum
730 651 888 731 luissent
920 652 1146 728 incarcerati.
1183 651 1455 760 lnjungebatur
1486 652 1539 728 eis
1571 681 1638 758 per
1658 683 1777 730 sacra-

356 803 525 863 mentum
558 812 606 860 ne
634 783 842 861 revelarent
869 798 1011 860 secreta
1030 782 1299 888 capitulorum,
1324 784 1371 860 de
1398 783 1515 860 modo
1543 786 1778 890 recepcionis

355 918 501 1025 speciali
528 943 603 994 non
625 915 753 993 habita
787 916 1005 1004 mancione,
1037 915 1103 1019 qui
1133 915 1360 992 revelassent
1388 914 1562 992 habitum
1592 916 1777 1021 perdidis·

354 1067 450 1137 sent,
472 1075 539 1124 seu
559 1046 648 1122 alias
665 1047 825 1153 graviter
844 1044 968 1151 puniti
987 1044 1155 1121 luissent.
1180 1048 1326 1122 Fratres
1347 1045 1506 1123 scientes
1528 1074 1673 1123 errores
1692 1047 1774 1123 sue·

352 1196 439 1255 runt
470 1176 703 1284 negligentes
734 1177 823 1281 quia
861 1204 937 1253 non
979 1194 1220 1252 correxerunt
1248 1205 1312 1252 eos
1347 1204 1415 1252 nec
1453 1176 1775 1254 denunciaverunt

352 1308 527 1385 Ecclesie.
557 1306 790 1383 Elemosinas
819 1324 857 1382 et
880 1305 1192 1411 hospitalitatem,
1225 1324 1263 1382 et
1282 1306 1481 1383 luminaria
1513 1307 1771 1397 ecclesiarum,

353 1455 389 1515 et
402 1439 547 1545 jejunia
579 1454 757 1513 consueta
776 1438 869 1514 vidit
901 1437 1166 1515 convenienter
1195 1437 1277 1513 fieri
1299 1454 1337 1513 et
1361 1439 1564 1521 servariin
1595 1439 1772 1515 domibus

351 1569 491 1647 ordinis
526 1568 560 1642 in
598 1567 737 1671 quibus
771 1566 909 1644 exstitit
946 1585 1208 1644 commoratus.
1248 1567 1428 1645 Ordinata
1458 1597 1526 1672 per
1552 1570 1769 1676 Magistrum

352 1727 433 1774 cum
466 1713 653 1774 conventu
685 1714 865 1773 servasset
895 1712 998 1772 totus
1027 1695 1138 1782 orde,
1173 1712 1300 1772 contra
1328 1724 1442 1802 quem
1480 1726 1582 1775 nunc
1618 1701 1771 1806 grandia

352 1826 536 1916 scandala,
564 1826 727 1930 suspicio
758 1842 796 1901 et
825 1825 980 1901 inlamia
1007 1843 1093 1901 sunt
1129 1844 1274 1912 exorta;
1306 1826 1413 1932 cujus
1442 1826 1621 1905 fratribus
1653 1831 1773 1906 credit

352 1959 453 2064 quod
474 1974 598 2034 essent
617 1974 704 2033 nota
726 1956 929 2032 confessata
958 1984 1033 2066 per
1051 1984 1156 2047 eum;
1177 1973 1215 2032 et
1235 1956 1377 2033 audivit
1396 1955 1469 2031 dici
1493 1984 1671 2063 magnum
1695 1961 1772 2035 Ma-

351 2089 506 2193 gistrum
527 2103 565 2162 et
584 2085 678 2162 alios
698 2087 831 2162 eadem
849 2086 962 2164 luisse
990 2085 1190 2163 confessos.

402 2217 619 2322 Requisitus
649 2218 678 2293 si
708 2217 759 2293 sic
791 2219 1016 2320 deposuerat
1044 2245 1170 2322 prece,
1204 2234 1397 2323 precepto,
1433 2218 1589 2308 timore,
1625 2247 1770 2309 amore,

351 2347 450 2434 odio,
468 2345 525 2422 vel
544 2346 742 2450 temporali
755 2347 918 2423 comodo
930 2346 1059 2424 habito
1075 2347 1134 2423 vel
1145 2347 1334 2434 habende,
1349 2349 1543 2452 respondit
1556 2349 1660 2454 quod
1675 2378 1768 2435 non,

350 2479 414 2554 sed
440 2505 509 2583 pro
535 2478 689 2555 veritate
725 2476 901 2567 dicenda;
931 2478 990 2553 cui
1018 2475 1092 2553 fuit
1116 2477 1328 2583 injunctum
1354 2478 1460 2582 quod
1488 2506 1564 2554 non
1591 2480 1771 2555 revelaret

349 2608 443 2686 banc
462 2636 566 2684 suam
593 2606 891 2711 deposicionem,
913 2634 1113 2712 quousque
1132 2607 1391 2682 attestaciones
1408 2605 1550 2682 suerint
1563 2607 1768 2712 publicate3

351 2756 385 2814 et
400 2765 478 2815 non
496 2736 685 2815 obtulerat
703 2765 741 2812 se
757 2737 806 2813 ad
823 2736 1095 2813 deffensionem
1112 2737 1265 2813 ordinis,

402 3001 531 3074 Frater
563 2997 690 3075 Guido
726 3000 773 3073 de
805 2997 840 3074 la
867 2997 1102 3075 Chastaneda
1131 2997 1255 3086 miles,
1284 2997 1559 3073 Lemovicensis
1592 2999 1765 3088 diocesis,

347 3131 450 3206 testis
472 3157 583 3234 supra
605 3130 770 3235 juratus,
802 3128 1023 3206 mantellum
1057 3128 1201 3205 ordinis
1230 3146 1267 3205 et
1285 3126 1439 3205 barbam
1466 3127 1674 3215 defferens,
1704 3131 1769 3205 tri-

345 3260 447 3364 ginta
467 3286 651 3335 annorum
671 3260 728 3334 vel
754 3259 865 3348 circa,
893 3288 978 3335 cum
1005 3285 1082 3363 quo
1105 3257 1326 3364 inquisitum
1357 3259 1494 3349 suerat,
1520 3259 1714 3336 absolutus
1731 3278 1768 3334 et

345 3388 605 3465 reconciliatus
632 3416 701 3494 per
720 3390 919 3465 dominum
949 3389 1167 3495 episcopum
1194 3389 1560 3477 Claramontensem,
1592 3390 1699 3466 lectis
1732 3407 1769 3465 et

347 3518 546 3626 diligenter
570 3519 746 3624 expositis
765 3520 835 3596 sibi
858 3518 1035 3596 omnibus
1059 3536 1097 3596 et
1117 3519 1274 3625 singulis
1299 3521 1480 3609 articulis,
1499 3522 1696 3626 respondit
1728 3550 1766 3596 se

344 3649 505 3738 nescire,
533 3677 601 3724 nec
629 3649 800 3737 credere,
831 3677 901 3725 nec
927 3649 1109 3726 audivisse
1149 3650 1221 3725 dici
1253 3650 1300 3726 de
1333 3651 1519 3727 contentis
1547 3650 1665 3727 ineis
1694 3652 1765 3728 nisi

345 3780 448 3883 quod
467 3780 637 3885 sequitur
656 3811 664 3854 ε
681 3779 856 3856 videlicet
879 3780 984 3884 quod
1013 3781 1092 3885 ipse
1123 3798 1295 3886 receptus
1314 3779 1436 3857 fuerat
1460 3781 1498 3857 in
1526 3780 1665 3886 capella
1697 3782 1765 3857 do-

344 3936 428 3985 mus
452 3910 603 4015 Templi
626 3910 672 3986 de
696 3907 880 3986 Paulhaco
901 3910 1178 3986 Lemovicensis
1204 3910 1378 3995 diocesis,
1400 3910 1441 3986 in
1459 3911 1610 3987 instanti
1636 3940 1765 3988 mense

344 4039 582 4144 septembris,
606 4058 717 4117 erunt
730 4040 898 4146 quinque
913 4040 1017 4130 anni,
1030 4057 1073 4116 ut
1093 4040 1164 4117 sibi
1176 4040 1336 4130 videtur,
1358 4068 1425 4145 per
1437 4039 1590 4116 fratrem
1609 4039 1766 4116 Ymber-

343 4185 423 4243 tum
447 4169 494 4245 de
515 4169 747 4246 Comborino
778 4168 939 4245 militem
966 4169 1181 4276 quondam,
1203 4186 1462 4275 preceptorem
1488 4169 1587 4245 dicte
1609 4169 1761 4260 domus,

342 4299 580 4403 presentibus
599 4297 775 4376 fratribus
789 4299 983 4404 Stephano
1004 4300 1058 4378 las
1078 4299 1270 4386 Gorsolas,
1292 4317 1386 4377 teste
1408 4328 1520 4406 supra
1535 4299 1759 4387 examinato,

343 4427 518 4505 Guidone
538 4430 585 4506 de
603 4429 702 4506 Malo
726 4431 855 4506 Monte
880 4429 1022 4521 milite,
1048 4447 1085 4506 et
1105 4429 1280 4508 Guidone
1301 4432 1453 4507 Brurata
1476 4429 1673 4517 serviente,
1697 4432 1761 4535 qui

342 4558 532 4635 detinetur
550 4559 589 4634 in
608 4559 861 4637 Lemovicinio
882 4577 921 4636 et
941 4561 1133 4666 quondam
1149 4559 1377 4665 presbitero,
1395 4587 1435 4635 ac
1453 4560 1537 4635 aliis
1557 4558 1604 4634 de
1624 4560 1761 4666 quibus

341 4715 416 4763 non
435 4688 586 4778 recolit;
617 4719 734 4795 aquo
762 4706 955 4794 receptore
986 4692 1101 4796 petita
1129 4691 1304 4767 societate
1336 4691 1479 4767 ordinis
1508 4707 1546 4766 et
1576 4690 1648 4768 sibi
1679 4720 1761 4768 con·

340 4845 454 4907 cessa,
488 4818 576 4895 lecit
604 4848 692 4897 eum
714 4821 842 4924 jurare
873 4820 976 4927 quod
1006 4850 1083 4898 non
1117 4821 1300 4897 revelaret
1326 4838 1465 4898 secreta
1496 4821 1757 4925 capitulorum.
