4236 5948
351 519 424 596 aaa
738 523 936 614 raucus
962 544 1057 617 ons
1084 549 1381 629 mummius.

348 665 500 741 credere
525 691 793 752 sacramentum
818 679 942 758 altaris
965 703 1001 760 et
1026 686 1094 763 alia
1119 713 1345 773 sacramenta
1365 718 1488 777 sancte
1512 703 1582 780 Dei
1607 694 1772 787 Ecclesie

346 818 425 869 esse
447 795 597 875 inducta
617 831 685 925 pro
702 806 911 889 animarum
924 814 1103 920 'fidelium
1120 814 1253 917 salute,
1275 843 1314 902 ct
1325 854 1405 905 esse
1418 831 1457 906 in
1469 833 1632 913 Ecclesia
1647 858 1770 921 sancta

344 918 414 996 Dei
435 941 569 1003 statuta
588 949 701 1035 prout
720 935 798 1040 ipsa
817 938 1034 1047 uniuersalis
1061 949 1223 1029 Ecclesia
1236 944 1316 1032 ¹hoc
1340 960 1507 1063 predicat
1523 982 1633 1072 atquc
1652 987 1767 1048 tenet.

344 1044 602 1124 creditenim
619 1044 1121 1182 qnmtnullusiu'eodessuo
1143 1083 1275 1161 ordine
1297 1115 1367 1165 nec
1443 1091 1509 1170 ivis
1532 1094 1627 1173 alius
1653 1101 1770 1203 possit

344 1169 533 1247 absoluere
552 1194 571 1242 a
592 1182 767 1272 peccatis,
789 1166 863 1243 nrsi
884 1166 999 1242 dierat
1018 1180 1089 1240 rite
1108 1189 1375 1240 insaceruouo
1420 1193 1599 1243 romarus.

398 1297 612 1378 Confitetur
622 1296 738 1373 eciam
759 1296 865 1402 quod
881 1313 1036 1401 magnus
1051 1293 1227 1400 Magister
1241 1293 1330 1371 dicti
1347 1293 1490 1372 ordinis
1504 1313 1541 1372 et
1555 1297 1668 1374 ceteri
1683 1326 1768 1404 pre-

343 1427 620 1535 ceptores-layci
636 1427 870 1534 presidentes
881 1440 1040 1530 possunt
1048 1452 1163 1530 penas
1178 1423 1493 1530 corporales'ipsis
1508 1424 1684 1505 fratribus
1697 1455 1766 1534 pro

343 1559 462 1665 culpis
470 1568 497 1635 'a
512 1584 559 1635 sc·
572 1556 740 1637 comissis
758 1558 969 1662 imponere,
986 1555 1091 1662 juxta
1112 1550 1248 1631 statuta
1268 1554 1645 1663 ordinis'supradicti3
1664 1548 1768 1664 peni·

342 1690 479 1766 tencias
498 1706 623 1766 autem
643 1687 854 1795 spirituales
876 1702 1070 1791 nequeunt
1094 1683 1362 1762 confitentibus
1374 1702 1529 1790 peccata
1555 1687 1763 1796 injungere,

342 1820 412 1896 nisi
431 1819 570 1896 luerint
589 1818 814 1896 sacerdotes:
869 1844 888 1871 ··
996 1800 1000 1809 ⁸
1265 1834 1268 1841 '
1338 1836 1342 1843 '
1363 1832 1367 1843 '
1626 1826 1631 1839 '
1738 1924 1741 1931 Ι

398 1949 607 2029 Confitetur
621 1970 775 2056 quoque
790 1950 911 2054 quod,
933 1947 972 2022 in
986 1950 1204 2053 recepcione
1217 1949 1375 2026 fratmm
1390 1946 1478 2025 dicti
1495 1944 1654 2039 ordinis,
1674 1951 1765 2027 reci·

341 2081 450 2185 piens
466 2096 504 2156 et
521 2096 695 2184 receptus
713 2106 754 2156 se
771 2094 913 2155 mutuo
927 2077 1142 2155 osculantur
1160 2078 1199 2153 in
1221 2106 1286 2183 ore
1305 2052 1468 2185 tantdm3
1489 2086 1765 2186 receptus⁸tero

343 2209 488 2315 aliquos
501 2208 631 2286 fratres
652 2196 917 2285 denotantibus
937 2204 1322 2285 osculatur-similiter
1341 2224 1377 2283 et
1396 2207 1435 2283 in
1456 2222 1524 2285 ore'
1531 2223 1703 2298 tantum,
1727 2211 1764 2287 in

342 2338 489 2444 signum
511 2338 646 2414 amoris
667 2353 704 2413 et
723 2335 812 2412 fidei
834 2365 875 2412 ac
895 2337 1056 2413 caritatis
1074 2335 1245 2414 fraterne.
1371 2358 1375 2369 '
1423 2360 1426 2369 ·

398 2471 489 2544 Item
506 2467 697 2544 confessus
713 2465 906 2571 estquod,
924 2465 1024 2543 inter
1041 2465 1202 2572 aliaque
1221 2467 1292 2571 ipsi
1310 2466 1443 2545 srntros
1456 2467 1596 2573 recepti
1610 2470 1764 2574 promit-

341 2615 424 2674 tunt
442 2598 482 2673 in
499 2622 564 2674 sua
576 2598 813 2703 recepcione‚
837 2595 1059 2702 promittunt
1073 2597 1260 2673 non-exire
1278 2597 1410 2703 ipsum·
1420 2598 1592 2675 ordinem
1611 2624 1681 2704 pro
1695 2626 1764 2676 ma·

336 2728 414 2833 jori·
429 2727 505 2805 alio
523 2728 654 2805 ordine
669 2725 727 2802 vel
741 2726 893 2814 minori,
910 2726 981 2804 nisi
998 2726 1072 2803 hoc
1091 2725 1225 2804 faciant
1245 2727 1292 2804 do
1311 2724 1465 2805 licencia
1484 2725 1541 2804 sui
1561 2726 1764 2834 superioris

342 2858 407 2963 qui
429 2858 476 2933 ad
497 2856 570 2935 hoc
591 2857 726 2932 haheat
746 2871 978 2961 potestatem.
1313 2838 1316 2843 ’
1587 2866 1592 2872 “

399 2989 599 3067 Confessus
622 3005 677 3065 est
697 2987 811 3065 eciam
833 3015 965 3064 senon
984 2987 1118 3064 vidisse
1137 2988 1282 3094 aliquos
1300 2987 1431 3066 fratres
1449 2989 1534 3066 alibi
1554 2990 1671 3096 recipi
1694 2991 1762 3066 nisi

342 3119 495 3196 indicta
513 3119 766 3197 domo-Mansi
787 3118 873 3206 Dei,
896 3118 962 3194 uhi
982 3118 1073 3195 vidit
1094 3125 1237 3224 septe'm
1256 3118 1313 3195 vel
1334 3134 1419 3196 octo
1436 3118 1566 3197 fratres
1584 3120 1700 3226 recipi
1716 3120 1762 3196 ad

341 3251 512 3328 ordinem
527 3250 797 3355 supradictum
819 3249 884 3326 ubi
900 3251 978 3354 ipse
994 3266 1033 3327 et
1048 3246 1131 3326 illos
1144 3275 1239 3355 quos
1259 3249 1372 3355 recipi
1387 3246 1481 3327 vidit
1492 3246 1645 3345 luerunt
1663 3270 1763 3326 rece

341 3382 395 3485 pti
411 3383 456 3456 in·
470 3381 611 3485 capella
631 3380 800 3485 ejusdem
823 3379 975 3467 domus,
993 3378 1124 3456 clausis
1140 3379 1267 3485 januis
1283 3396 1320 3458 et
1335 3378 1511 3457 omnibns
1525 3378 1606 3456 aliis
1621 3380 1760 3487 ejectis,

343 3510 505 3616 exceptis
523 3508 698 3586 fratribus
718 3509 816 3595 dicte
837 3511 972 3587 domus
987 3511 1052 3616 qui
1072 3527 1164 3597 tuno
1179 3508 1333 3585 aderant
1347 3509 1384 3585 in
1401 3507 1535 3616 capella
1556 3492 1733 3615 predicta.

331 3672 334 3678 ¹
398 3639 457 3717 Ad
471 3638 673 3716 xl--lxxru
692 3639 866 3717 articulos
885 3640 1079 3727 inclusive,
1102 3639 1301 3749 diligenter
1310 3656 1348 3716 et
1359 3639 1546 3747 sigillatim
1561 3639 1764 3747 interroga-

342 3788 417 3858 tus,
429 3770 669 3874 'respondens
687 3771 831 3877 negavit
849 3771 951 3877 ipsos
972 3770 1146 3848 articulos
1166 3788 1204 3847 et
1216 3770 1348 3873 omnia
1370 3786 1407 3847 et
1431 3768 1574 3876 singula
1592 3785 1762 3847 contenta

341 3903 379 3976 in
398 3901 467 3989 eis,
480 3915 644 4005 'excepto
660 3900 769 4007 quod·
784 3901 975 3978 confessus
991 3917 1047 3977 est
1066 3901 1172 4006 quod
1184 3900 1315 3977 fratres
1332 3899 1449 4006 ipsius
1461 3884 1605 3976 ordinis
1616 3884 1763 4005 portant

341 4030 501 4136 quilibet
520 4029 711 4137 cingulum
731 4031 806 4107 sive
827 4030 1020 4107 cordulam
1040 4059 1155 4136 super
1171 4030 1361 4108 camisiam
1380 4028 1572 4117 continue3
1595 4030 1663 4106 sed
1679 4056 1763 4106 cau·

340 4188 419 4239 sam
441 4189 557 4267 quare
580 4161 673 4237 dixit
695 4190 734 4239 se
763 4162 925 4249 nescire3
949 4178 1077 4238 tamen
1097 4161 1217 4238 eredit
1235 4161 1341 4266 quod
1361 4186 1405 4275 ea
1429 4159 1577 4235 racione
1599 4159 1762 4266 quiere·

340 4308 470 4397 ceptus
482 4291 530 4367 ad
541 4291 684 4369 dictum
696 4291 867 4368 ordinem
877 4291 1038 4368 habetur
1052 4308 1096 4369 ut
1110 4292 1227 4368 homo
1238 4307 1410 4368 mortuus
1420 4288 1548 4395 quoad
1561 4288 1759 4364 mimdum.

395 4422 498 4499 Dixit
517 4421 758 4527 eciamquod
774 4450 861 4498 cum
881 4421 978 4498 dicta
998 4422 1151 4498 cordula
1171 4446 1247 4497 non
1265 4421 1425 4526 tangitur
1445 4419 1565 4526 capud
1581 4447 1654 4495 nec
1671 4416 1762 4525 ydo-

340 4552 434 4643 lum3
461 4552 528 4630 sed
553 4581 726 4660 quoque,
747 4581 833 4630 cum
853 4553 1043 4658 rumpitur
1059 4568 1238 4629 vetustate
1255 4551 1312 4627 vel
1330 4551 1448 4639 aliter,
1463 4551 1648 4656 recipiunt
1661 4547 1760 4626 aliud

342 4682 531 4789 cingulum
551 4685 609 4760 vel
629 4685 838 4794 cordulam,
860 4685 957 4761 siout
975 4683 1108 4790 placet,
1129 4683 1176 4760 de
1191 4682 1259 4760 filo
1278 4682 1378 4760 lineo
1397 4682 1455 4759 vel
1475 4681 1523 4758 de
1542 4681 1636 4758 lana.

397 4815 490 4890 ltem
504 4814 596 4891 dixit
606 4815 720 4922 quod,
732 4832 902 4919 tempore
914 4843 981 4892 sue
999 4815 1234 4920 recepcionis‚
1251 4813 1457 4920 precipitur
1468 4811 1522 4891 eis
1535 4830 1578 4891 ut
1592 4810 1686 4889 nulli
1698 4810 1757 4886 alii
