4236 5948
616 527 812 621 rancus
843 541 938 617 ors
969 543 1276 618 renuamus.
1579 541 1653 616 rar

232 713 312 787 tus,
328 719 398 769 nee
416 685 536 768 credit
553 681 658 794 quod
672 683 712 764 in
732 684 864 766 ordine
882 685 1002 764 fieret.
1022 683 1104 762 Alia
1120 684 1250 762 illicita
1273 709 1349 760 non
1376 681 1656 760 intervenemnt

235 826 275 900 in
297 821 403 900 ¹dictu
430 847 497 897 sua
516 817 736 923 recepeione
765 843 835 892 nec
861 832 965 921 post,
987 832 1024 891 et
1049 815 1171 891 credit
1189 813 1294 920 quod
1322 811 1454 889 eadem
1474 810 1603 888 illicita
1618 828 1656 889 et

235 979 312 1030 non
327 950 399 1028 alia
425 948 677 1026 communiter
696 964 735 1024 et
756 945 899 1051 ubique
917 945 1187 1023 intervenirent
1206 943 1245 1019 in
1262 941 1547 1048 recepcionibus
1567 941 1657 1019 alio·

236 1110 322 1159 rum
339 1080 495 1157 fratrum
512 1078 656 1157 ordinis
670 1076 728 1154 vel
745 1091 846 1183 post,
863 1075 951 1182 quia
968 1076 1246 1152 intervenerant
1263 1074 1303 1148 in
1323 1099 1405 1160 sua,
1427 1088 1466 1149 et
1482 1071 1569 1177 quia
1588 1099 1657 1178 per

237 1210 402 1288 eundem
419 1207 578 1285 modum
594 1206 686 1284 vidit
700 1204 815 1311 recipi
834 1204 986 1281 fratrem
1005 1204 1216 1281 lohannem
1238 1202 1285 1280 de
1308 1202 1436 1279 Monte
1456 1201 1656 1280 Morlbone

236 1337 427 1446 quondam
466 1335 647 1427 militem,
681 1336 719 1411 in
751 1335 847 1412 dicta
879 1331 1020 1439 capella
1056 1333 1103 1409 de
1140 1332 1350 1419 Charnaco,
1389 1348 1478 1407 sunt
1510 1332 1657 1408 circiter

236 1493 296 1546 rvr
316 1466 421 1558 anni,
439 1493 508 1573 per
525 1466 667 1543 dictum
692 1463 844 1541 fratrem
864 1462 1065 1570 Hugonem
1090 1445 1270 1570 Saycelli,
1291 1461 1529 1568 presentibus
1548 1461 1657 1539 dictis

236 1612 398 1704 quatuor
420 1593 596 1671 fratribus
618 1594 684 1700 qui
703 1591 901 1670 adfuerant
923 1621 991 1670 sue
1017 1590 1245 1697 reeepcioui,
1275 1606 1313 1668 et
1335 1588 1446 1668 fratre
1464 1591 1663 1697 Stephano·

238 1723 285 1802 de
315 1721 495 1808 Cellario,
520 1739 615 1799 teste
646 1721 817 1828 proximo
848 1721 1074 1812 examinate,
1105 1719 1274 1826 plurium
1301 1719 1586 1825 recepcionibus
1617 1748 1657 1797 sc

239 1879 316 1930 non
342 1850 477 1928 recolit
495 1849 657 1928 affuisse.
683 1852 795 1940 Item,
819 1849 912 1927 dixit
935 1849 1040 1956 quod
1060 1851 1139 1957 ipse
1159 1849 1257 1927 bene
1286 1849 1464 1927 credebat
1488 1847 1659 1926 ecclesia-

239 1982 341 2060 sticis
359 1980 614 2072 sacramentis,
639 1980 798 2058 credens
824 1980 930 2086 quod
958 1980 1019 2056 alii
1049 1979 1179 2058 [ratres
1206 1979 1349 2057 ordinis
1378 1979 1514 2057 eodem
1542 1980 1665 2057 modo-

238 2110 452 2203 credereut,
482 2124 520 2187 et
545 2110 651 2215 quod
671 2137 806 2189 eorum
834 2110 1047 2188 sacerdotes
1076 2110 1203 2188 debite
1228 2109 1473 2188 celebrarent.
1496 2109 1659 2188 Claude·

237 2242 333 2318 stine
355 2239 644 2346 recipiebantur,
658 2240 774 2318 nullis
793 2241 1033 2347 presentibus
1049 2240 1120 2317 nisi
1140 2239 1317 2318 fratribm
1336 2240 1495 2329 ordinis,
1516 2269 1559 2317 ex
1582 2268 1658 2345 quo

238 2369 528 2448 murmurabant
550 2369 705 2475 plurimi
732 2387 862 2447 contra
890 2398 965 2447 eos.
993 2369 1171 2449 Cordulis
1193 2370 1296 2448 unde
1322 2368 1496 2447 volebant
1519 2398 1660 2447 assum·

237 2499 310 2605 ptis
330 2497 577 2607 cingebantur
596 2526 710 2606 super
735 2499 905 2577 camisias
927 2528 1015 2578 eum
1039 2499 1179 2606 quibus
1198 2501 1385 2608 jacebant.
1405 2500 1536 2578 Credit
1556 2501 1658 2606 (prod

239 2628 412 2707 nolentes
431 2629 552 2706 faeere
566 2629 734 2736 predicta
752 2628 881 2706 illicita
904 2629 1108 2707 confessata
1130 2658 1199 2735 per
1219 2657 1324 2719 eum,
1354 2645 1392 2708 et
1410 2628 1514 2735 quod
1538 2656 1581 2705 ea
1600 2626 1659 2704 vel

239 2772 379 2836 secreta
397 2757 646 2864 capitulorum
662 2758 885 2848 revelantes,
905 2760 1003 2836 duro
1030 2759 1167 2836 carceri
1191 2759 1389 2866 mancipati
1406 2758 1574 2836 luissent.
1600 2761 1662 2836 ln-

237 2887 467 2997 juugebatur
486 2887 541 2964 eis
555 2888 660 2995 quod
676 2914 754 2965 non
775 2888 1047 2966 confiterentur
1067 2889 1139 2965 nisi
1153 2888 1410 2966 sacerdotibus
1435 2888 1594 2975 ordinis,
1622 2905 1660 2966 et

240 3020 278 3093 in
302 3043 436 3094 eorum
454 3015 637 3109 deffectu,
657 3016 881 3096 Carmelitis.
911 3019 1060 3096 Fratres
1084 3018 1227 3096 ordinis
1254 3018 1394 3124 quibus
1423 3018 1543 3095 credit
1571 3035 1659 3095 nota

239 3146 353 3225 l'uisse
368 3146 498 3225 illicita
512 3145 717 3225 consessata
741 3176 808 3254 par
826 3177 916 3225 eum
933 3148 1090 3226 fuemnt
1106 3147 1353 3256 negligentes,
1374 3150 1460 3255 quia
1481 3176 1559 3225 non
1577 3175 1659 3225 cor-

238 3294 416 3354 rexerunt
448 3305 517 3354 uec
550 3277 873 3355 denunciaverunt
893 3279 1071 3356 Ecclesia.
1099 3279 1354 3357 Elemosinam
1385 3298 1445 3356 ter
1472 3280 1511 3355 in
1541 3279 1661 3356 ebdo‘ss

239 3408 347 3485 mada
361 3408 539 3484 omnibus
554 3408 841 3488 advenientibus
861 3427 899 3488 et
916 3409 1083 3516 qualibet
1098 3408 1162 3487 die
1185 3411 1413 3517 peregrinis,
1437 3428 1474 3487 et
1493 3411 1660 3518 hospita·

240 3535 384 3614 litatem
412 3536 507 3614 vidit
537 3539 803 3617 convenienter
830 3539 913 3619 lieri
947 3558 987 3617 et
1005 3541 1140 3617 servari
1169 3541 1210 3616 in
1235 3541 1412 3618 domibus
1447 3540 1589 3618 ordinis
1620 3543 1661 3619 in

240 3666 378 3771 quibus
402 3667 525 3744 extitit
550 3686 816 3746 commoratus.
841 3669 1120 3775 Precipiebatur
1136 3669 1189 3746 eis
1215 3670 1319 3776 quod
1345 3670 1473 3747 debite
1491 3672 1661 3776 acquire·

239 3814 324 3873 rent
343 3795 480 3874 ordini.
500 3795 653 3873 Audivit
670 3797 745 3874 dici
761 3797 865 3903 quod
883 3826 1017 3875 eorum
1034 3799 1208 3904 capitulia
1230 3798 1325 3876 clam
1340 3815 1378 3875 et
1397 3817 1538 3877 secrete
1556 3817 1662 3877 tene·

238 3925 392 4015 bantur,
420 3927 623 4034 aliquando
644 3927 703 4004 de·
719 3945 846 4017 nocte,
868 3928 1071 4036 aliquando
1101 3929 1148 4005 de
1179 3929 1253 4006 dic.
1281 3927 1464 4006 Ordinato
1493 3958 1561 4035 per
1587 3931 1662 4008 Ma-

238 4057 395 4164 gistrum
424 4088 511 4136 cum
537 4076 721 4137 conventu
747 4076 926 4137 servasset
945 4076 1049 4137 totus
1075 4061 1189 4149 ordo,
1220 4061 1259 4137 in
1288 4086 1366 4165 quo
1394 4060 1482 4136 dieti
1516 4087 1662 4137 errores

240 4187 419 4266 deantur
432 4188 546 4268 luisse
565 4189 771 4268 introducti
792 4189 891 4269 ultra
915 4218 1034 4281 mare,
1057 4207 1096 4268 et
1119 4218 1197 4268 non
1222 4190 1374 4268 durasse
1396 4189 1494 4267 ultra
1512 4207 1661 4295 tempus

240 4333 319 4395 11110‘
334 4319 599 4427 Magistromm
627 4320 869 4412 ultimorum,
892 4337 1021 4398 contra
1047 4348 1163 4432 quem
1187 4319 1362 4397 ordinem
1376 4347 1487 4397 ¹nuuc
1505 4319 1661 4427 granffia

238 4447 425 4543 scaudala,
447 4450 609 4556 suspicio
630 4467 668 4527 et
691 4449 844 4528 infamia
867 4467 956 4529 suut
976 4450 1103 4527 exorta
1118 4467 1273 4556 propter
1295 4449 1483 4557 predicta,
1508 4466 1661 4556 propter

237 4604 311 4682 que
341 4579 463 4658 credit
487 4581 633 4688 aliquos
658 4581 803 4660 dictum
828 4583 1001 4661 ordinem
1032 4582 1201 4671 exivisse,
1236 4599 1274 4659 et
1293 4582 1397 4687 quod
1424 4580 1597 4685 Magister
1623 4597 1662 4657 et

238 4704 299 4783 alii
320 4707 453 4786 eadem
483 4710 560 4787 sint
578 4709 747 4791 confessi.
769 4713 852 4791 Non
867 4712 1058 4790 obtulerat
1076 4739 1116 4789 se
1136 4710 1184 4788 ad
1204 4709 1478 4787 deffensionem
1498 4710 1657 4795 ordinis,

237 4863 307 4913 nec
324 4837 447 4916 suerat
468 4841 567 4918 ultra
588 4871 703 4920 mare.
