4236 5948
344 531 417 604 sco
727 515 922 614 procas
953 535 1049 609 uns
1080 534 1382 609 rsurunas.
1429 595 1432 602 .

343 691 439 753 esset
459 674 622 782 suspicio
642 693 770 754 contra
791 705 866 754 eos.
892 677 936 752 In
960 675 1067 783 cujus
1087 676 1306 781 recepcione
1325 674 1398 753 luit
1415 674 1486 752 sibi
1509 673 1646 753 tradita
1672 705 1768 784 qua-

344 808 430 882 dam
449 805 603 882 cordula
624 834 711 882 cum
737 835 811 912 qua
838 807 1050 912 cingeretur
1079 833 1194 912 super
1217 805 1405 884 camisiam
1430 835 1518 883 cum
1545 835 1620 912 qua
1641 808 1766 915 jacere

343 935 516 1014 debebat.
533 935 642 1012 Cum
663 952 788 1012 autem
813 948 990 1042 processu
1013 930 1211 1042 temporis,
1237 936 1371 1042 elapsis
1391 936 1542 1015 duobus
1560 936 1619 1014 vel
1643 936 1768 1019 uibus
1807 996 1811 1001 -

343 1068 466 1156 annis,
488 1064 688 1142 audivisset
716 1065 789 1141 dici
814 1067 855 1142 in
876 1067 977 1144 dicto
1005 1066 1135 1145 Castro
1160 1067 1368 1174 Peregrini,
1390 1095 1411 1143 a
1442 1066 1553 1145 lratre
1583 1069 1699 1147 Petro-
1716 1069 1767 1147 dc

342 1197 485 1272 Vienna
506 1193 645 1280 milite,
668 1194 774 1300 quod
792 1194 833 1271 in
854 1197 1032 1272 thesauro
1056 1195 1206 1301 Templi
1227 1213 1305 1273 erat
1329 1196 1522 1303 quoddam
1553 1196 1674 1302 capud
1687 1225 1767 1305 quo

340 1324 591 1435 tangebantur
615 1323 770 1401 cordule
789 1326 974 1432 predicte,
996 1326 1075 1432 ipse
1095 1327 1201 1403 testis
1220 1325 1344 1403 noluit
1367 1354 1411 1403 ex
1430 1342 1523 1403 tnnc
1538 1343 1693 1433 portare«
1706 1327 1768 1405 di-

341 1473 436 1533 ctam
449 1455 656 1534 cordulam.
673 1456 890 1563 Requisitus
904 1484 1035 1565 quare,
1055 1457 1252 1563 respondit
1267 1457 1374 1563 quod
1391 1455 1589 1534 dubitabat
1602 1458 1768 1537 dedicta

342 1588 460 1692 capite
477 1614 524 1663 an
540 1601 638 1664 esset
656 1585 803 1663 bonum
831 1585 890 1663 vel
915 1585 1070 1664 malum.
1094 1586 1309 1693 Reqnisitus
1333 1586 1364 1664 si
1388 1585 1558 1663 audierat
1578 1587 1682 1693 prius
1708 1588 1768 1667 rel

202 1740 205 1751 ’
342 1734 425 1819 post
438 1716 512 1793 dici
527 1712 633 1822 quod
650 1715 808 1822 aliquod
817 1715 959 1792 malum
975 1717 1096 1822 capud
1103 1716 1161 1793 vel
1175 1715 1333 1823 ydolum
1347 1717 1495 1795 essetin
1506 1717 1607 1795 dicto
1617 1717 1766 1807 ordine,

341 1844 537 1952 respondit
559 1844 665 1951 quod
684 1871 781 1936 non,
803 1845 982 1952 adjiciens
1001 1845 1106 1951 quod
1133 1845 1256 1923 dictus
1275 1847 1407 1924 Petrus
1434 1846 1577 1923 dixerat
1600 1846 1634 1922 ei
1660 1848 1768 1953 quod

342 1977 554 2080 predictum
576 1975 697 2081 capud
716 1993 795 2052 erat
814 1975 931 2053 saneti
946 1975 1045 2053 Petri
1063 1974 1122 2052 rel
1141 1975 1258 2052 sancti
1272 1975 1406 2064 blasii3
1421 1976 1469 2052 de
1484 1975 1566 2053 aliis
1582 1976 1769 2082 capitibus

342 2107 389 2182 de
404 2106 544 2213 quibus
555 2105 811 2211 deposuerunt
824 2106 1000 2212 magister
1013 2105 1227 2182 Anthonius
1236 2105 1285 2182 de
1295 2106 1476 2184 Vercellis
1485 2123 1522 2182 et
1533 2105 1769 2217 fraterllugu

342 2235 390 2311 de
410 2236 533 2314 Fauro
548 2262 626 2312 non
644 2235 837 2312 audiverat
855 2234 938 2312 fieri
957 2235 1214 2323 mencionem,
1236 2252 1281 2312 ut
1294 2236 1397 2313 dixit.
1419 2238 1531 2325 Item,
1549 2235 1643 2313 dixit
1659 2237 1769 2343 quod

342 2364 398 2441 illi
415 2365 480 2473 qui
496 2364 706 2442 noluissent
724 2363 843 2441 lacere
863 2362 994 2440 illicita
1018 2363 1221 2442 confessata
1244 2392 1313 2471 per
1340 2393 1446 2456 eum,
1470 2364 1529 2442 vel
1542 2393 1585 2441 ea
1608 2365 1769 2445 revelas·

342 2508 426 2570 sent
441 2511 506 2571 aut
527 2512 667 2572 secreta
686 2493 970 2600 capituliorum,
987 2493 1146 2570 luissent
1163 2492 1378 2571 incarcerati
1396 2510 1436 2570 et
1449 2494 1607 2599 graviter
1627 2495 1766 2601 punitis

340 2624 456 2713 Item,
482 2625 575 2703 dixit
602 2625 714 2732 quod·
740 2624 876 2731 elapsis
903 2623 1025 2701 tribus
1051 2623 1157 2700 annis
1172 2622 1239 2700 ¹rel
1269 2624 1364 2700 eirca
1392 2640 1477 2729 post
1504 2624 1768 2731 recepcionem

342 2783 468 2843 suam,
491 2753 565 2832 luit
588 2753 779 2833 confessus
811 2754 859 2833 de
879 2754 1060 2860 predictis
1089 2753 1231 2832 illicitis
1263 2756 1311 2833 da
1336 2753 1478 2859 quibus
1508 2754 1701 2860 deposuit,
1726 2757 1768 2835 iu

342 2883 443 2962 dicto
468 2884 597 2963 Castro
617 2885 826 2992 Peregrini,
848 2883 952 2961 fratri
972 2886 1083 2962 Petro
1101 2884 1149 2960 de
1169 2883 1331 2975 Caturco
1355 2883 1499 2960 ordinis
1516 2882 1673 2961 fratrum
1696 2886 1770 2965 Mi.

342 3041 501 3107 norum,
518 3015 692 3121 episcopo
708 3016 756 3093 de
768 3013 938 3101 Gibelet,
960 3041 1076 3120 quem
1097 3012 1217 3090 credit
1230 3013 1371 3103 vivere,
1386 3030 1424 3089 et
1439 3011 1634 3091 absolutus
1644 3014 1767 3104 abeo,

343 3161 382 3221 et
402 3144 579 3250 imposita
598 3145 632 3220 ei
654 3144 865 3250 penitencia
888 3144 993 3250 quod
1010 3144 1202 3252 jejunaret
1221 3142 1333 3221 sextis
1356 3140 1459 3219 seriis
1481 3169 1712 3247 perannum
1725 3143 1767 3223 in

342 3301 438 3379 pane
455 3290 495 3352 et
507 3300 620 3379 aqua,
640 3273 745 3380 quod
761 3290 800 3351 et
811 3272 915 3362 lecit3
937 3292 974 3351 et
989 3273 1110 3351 dictus
1126 3272 1323 3379 episcopus
1342 3269 1414 3348 luit
1429 3271 1477 3349 de
1496 3272 1677 3378 predictis
1687 3274 1770 3379 plu·

342 3403 483 3478 rimum
499 3402 709 3480 admiratus
729 3420 767 3482 et
785 3403 1024 3508 stupefactus.
1046 3401 1195 3480 Fratres
1209 3402 1353 3485 ordinis
1367 3402 1508 3507 quibus
1523 3401 1643 3479 credit
1657 3421 1769 3484 notas

343 3531 457 3611 luisse
468 3560 614 3610 errores
628 3533 855 3612 confessatos
871 3562 939 3639 per
957 3562 1046 3610 eum
1061 3532 1215 3610 fuerunt
1232 3531 1483 3638 negligentes,
1497 3531 1587 3637 quia
1601 3561 1681 3611 non
1691 3562 1769 3632 cor·

343 3678 522 3739 rexerunt
535 3690 602 3740 eos
621 3677 690 3739 nec
716 3662 1037 3741 denunciaverunt
1060 3661 1238 3740 Ecclesie.
1264 3660 1497 3738 Elemosinas
1517 3679 1555 3738 et
1573 3662 1769 3768 hospitali·

343 3808 457 3869 tatem
479 3791 572 3870 vidit
594 3794 860 3871 convenienter
876 3792 959 3869 lieri
983 3808 1021 3869 et
1038 3792 1174 3869 servari
1193 3793 1233 3869 in
1256 3790 1435 3869 domibus
1459 3791 1603 3869 ordinis
1621 3793 1663 3869 in
1683 3793 1770 3899 qni'e

343 3921 417 3999 bus
440 3923 560 4000 extitit
582 3940 853 4011 commoratus,
882 3938 920 4000 et
942 3921 1083 4001 audivit
1102 3923 1176 4000 dici
1195 3923 1300 4029 quod
1323 3948 1458 3999 eorum
1477 3920 1767 4027 capituliaclam

343 4053 580 4140 tenebantur,
609 4054 724 4132 nullis
747 4053 985 4161 presentibus
1006 4053 1085 4131 nisi
1109 4053 1286 4131 fratribus
1308 4051 1463 4130 ordinis.
1494 4052 1682 4132 Ordinato:
1700 4072 1770 4158 pe'r

343 4182 563 4290 Magistrum
584 4213 672 4261 cum
693 4199 881 4262 conventu
902 4201 1081 4262 servasset
1104 4198 1208 4261 totus
1233 4182 1346 4272 ordo,
1371 4199 1500 4259 contra
1525 4209 1639 4288 quem
1665 4210 1770 4263 nunc

342 4328 497 4420 propter
507 4313 674 4419 predicta
688 4315 844 4420 grandia
856 4315 1044 4403 scandala,
1066 4314 1229 4421 suspicio
1246 4331 1284 4391 et
1301 4312 1454 4391 infamia·
1467 4329 1558 4389 sunt
1570 4329 1713 4405 exorta,
1726 4331 1769 4413 et

343 4444 462 4521 credit
481 4443 586 4550 quod
600 4444 776 4552 Magister
795 4460 832 4521 et
850 4443 912 4521 alii
927 4445 1003 4522 sint
1024 4443 1183 4522 confessi
1207 4444 1338 4521 illicita
1358 4442 1562 4521 confessata
1580 4470 1652 4548 per
1663 4467 1764 4522 eum.

343 4576 426 4651 Non
446 4573 636 4651 obtulerat·
648 4601 689 4651 se
706 4575 754 4651 ad
770 4573 1044 4652 deffensionem
1064 4575 1221 4652 ordinis.
1571 4675 1577 4680 .

401 4703 617 4808 Requisitus
630 4705 661 4779 si
674 4705 727 4781 sic
745 4704 970 4811 deposuerat
979 4733 1109 4811 prece,
1125 4723 1319 4811 precepto,
1334 4705 1488 4796 umore,
1500 4731 1646 4793 amore,
1658 4704 1764 4794 odio,

345 4833 403 4910 vel
411 4833 608 4940 temporali
618 4834 779 4912 comodo
794 4836 923 4914 habito
933 4835 991 4913 vel
1001 4835 1189 4944 babendo,
1198 4836 1394 4942 respondit
1404 4834 1509 4942 quod
1520 4862 1609 4927 non,
1620 4835 1767 4942 sedpro
