4236 5948
723 519 920 612 mouns
952 540 1049 612 nus
1081 538 1386 614 murmuris.
1692 548 1765 618 215

345 678 522 753 credebat
544 675 801 755 ecclesiasticis
821 680 1074 770 sacramentis,
1094 682 1252 760 credens
1272 683 1376 788 quod
1397 682 1512 789 aliqui
1532 711 1575 759 ex
1594 685 1675 763 aliis
1694 685 1768 762 lra-

345 808 465 887 tribus
484 808 628 885 ordinis
647 809 783 886 eodem
804 811 920 888 modo
942 812 1154 901 crederent,
1177 813 1243 891 sed
1264 842 1341 890 non
1360 812 1480 890 credit
1497 816 1603 921 quod
1622 816 1684 891 alii
1702 818 1766 923 qui

344 939 529 1017 faciebant
556 939 722 1044 predicta
749 937 830 1017 fieri
859 960 982 1018 essent
1008 943 1099 1019 boni
1126 944 1342 1022 Christiani.
1369 943 1501 1022 Credit
1520 946 1637 1022 eciam
1663 948 1768 1053 quod

345 1098 475 1147 eorum
502 1070 713 1148 sacerdotes
734 1072 859 1149 debite
876 1073 1121 1151 celebrarent.
1149 1075 1330 1152 Jurabant
1354 1075 1527 1153 ordinem
1551 1103 1628 1154 non
1647 1077 1766 1167 exire;

344 1202 468 1278 statim
494 1230 563 1308 pro
586 1202 762 1307 professis
786 1204 1035 1281 habebantur.
1064 1205 1306 1283 Clandestine
1332 1207 1622 1313 recipiebantur,
1651 1209 1767 1286 nullis

344 1332 581 1436 presentibus
597 1333 669 1410 nisi
689 1332 866 1410 fratribus
884 1335 1041 1426 ordinis,
1066 1363 1109 1411 ex
1131 1365 1209 1443 quo
1227 1336 1346 1413 credit
1364 1337 1470 1444 quod
1495 1355 1591 1415 esset
1606 1341 1766 1444 suspicio

344 1445 471 1540 contra
488 1492 562 1540 eos.
582 1465 734 1541 Audivit
747 1464 819 1541 dici
835 1465 881 1541 ab
897 1464 1086 1572 aliquibus
1106 1466 1283 1545 iratribus
1303 1467 1565 1574 ordinisquod
1588 1466 1703 1574 aliqui
1725 1497 1767 1545 ex

344 1594 519 1672 fratribus
540 1595 783 1672 existentibus
806 1595 903 1672 ultra
922 1625 1023 1673 mare
1044 1597 1309 1702 perpetrabant
1324 1598 1467 1675 crimen
1481 1598 1765 1687 sodomiticum,

344 1753 420 1802 non
434 1742 561 1801 tamen
576 1724 717 1803 audivit
738 1725 809 1801 dici
826 1725 931 1832 quod
946 1726 1000 1803 sas
1012 1745 1108 1803 esset
1123 1727 1266 1804 eisdem
1287 1727 1495 1804 secundum
1517 1726 1663 1803 ordinis
1678 1757 1768 1805 con·

343 1855 484 1932 stituta.
500 1855 677 1933 Cordulis
690 1855 791 1932 unde
806 1856 982 1933 volebant
997 1858 1195 1962 assumptis
1210 1857 1456 1966 cingebantur
1471 1885 1585 1961 super
1600 1859 1768 1935 camisias

345 2013 431 2059 cum
451 1984 589 2090 quibus
603 1984 789 2091 jacebant.
816 1984 1086 2091 lnjungebatur
1106 1986 1159 2061 eis
1178 2014 1245 2091 per
1264 2004 1538 2062 sacramentum
1558 2014 1605 2061 ne
1630 1988 1767 2063 revela·

324 2132 428 2192 ,rent
448 2131 587 2191 secreta
611 2114 875 2220 capitoliorum
899 2143 970 2190 nee
991 2116 1150 2192 modum
1175 2115 1404 2221 recepcionis
1422 2144 1505 2204 sue,
1530 2117 1645 2221 etqui
1666 2147 1768 2192 reve-

344 2243 502 2334 lassent,
517 2245 575 2320 vel
592 2245 755 2350 predicta
769 2244 900 2321 illicita
914 2244 1033 2320 lacere
1048 2243 1271 2332 noluissent,
1286 2243 1444 2351 graviter
1452 2245 1576 2351 puniti
1597 2245 1765 2324 luissent.

344 2375 551 2452 inhibitum
577 2373 650 2451 suit
678 2376 710 2450 ei
741 2403 808 2479 per
832 2393 1091 2480 preceptorem
1120 2374 1257 2452 domus
1288 2375 1334 2451 de
1356 2377 1535 2480 Espaneis
1560 2375 1665 2481 quod
1690 2405 1767 2454 non

345 2506 590 2582 confiteretur
604 2505 674 2580 nisi
694 2503 951 2581 sacerdotibus
969 2503 1129 2590 ordinis,
1144 2504 1212 2579 sed
1224 2505 1296 2581 hoc
1316 2531 1394 2581 non
1409 2503 1634 2582 servabatur.
1649 2506 1768 2614 Cujus

346 2635 488 2713 ordinis
504 2635 635 2713 iratres
657 2663 753 2741 quos
774 2635 892 2711 credit
914 2634 1061 2711 scivisse
1086 2662 1230 2711 errores
1252 2633 1477 2712 conlessatos
1493 2662 1561 2740 per
1579 2662 1666 2710 eum
1685 2634 1767 2712 lue-

296 2763 299 2768 ’
344 2785 433 2844 runt
449 2767 692 2876 negligentes,
711 2767 889 2871 quianon
911 2782 1153 2842 correxerunt
1175 2793 1240 2842 eos
1265 2793 1334 2841 nec
1358 2765 1679 2843 denunciaverunt
1698 2766 1768 2842 Eo·

344 2898 465 2976 clesie.
483 2898 716 2975 Elemosinas
734 2914 771 2971 et
787 2895 1079 3001 hospitalitatem
1093 2894 1186 2970 vidit
1201 2893 1469 2970 convenienter
1481 2893 1563 2969 lieri
1580 2911 1617 2969 et
1631 2897 1766 2972 servari

344 3029 380 3101 in
414 3029 590 3105 domibus
615 3027 760 3106 ordinis
787 3028 825 3102 in
851 3026 990 3132 quibus
1015 3025 1135 3102 extitit
1160 3041 1433 3111 commoratus,
1462 3041 1500 3100 et
1524 3024 1665 3100 audivit
1691 3025 1765 3102 dici

343 3160 446 3263 quod
468 3187 599 3237 eorum
625 3158 798 3264 capitulis
822 3158 916 3248 clam
941 3155 1180 3246 tenebantur,
1203 3154 1318 3231 nullis
1340 3153 1579 3261 presentibus
1602 3155 1673 3232 nisi
1694 3155 1765 3231 ira·

342 3288 461 3365 tribus
483 3288 644 3379 ordinis,
674 3307 711 3365 et
730 3288 932 3394 aliquando
947 3286 1179 3393 tempestive.
1199 3286 1435 3391 Frequenter
1451 3285 1620 3361 indebite
1640 3287 1765 3391 acqui-

342 3417 475 3495 rebant
491 3418 632 3509 ordini,
660 3418 727 3495 sed
748 3446 824 3495 non
842 3417 1118 3524 precipiebatur
1138 3415 1293 3492 eisdem.
1316 3415 1447 3493 Credit
1469 3413 1574 3521 quod
1595 3415 1766 3492 ordinata

342 3578 409 3652 per
426 3551 643 3657 Magistrum
666 3578 752 3625 cum
770 3566 955 3626 conventu
975 3547 1133 3624 luissent
1152 3562 1294 3623 servata
1310 3547 1348 3620 in
1365 3562 1445 3623 toto
1464 3545 1618 3634 ordine,
1636 3565 1764 3623 contra

342 3708 456 3784 quem
479 3710 578 3757 nunc
599 3680 751 3787 grandia
771 3680 960 3768 scandala,
981 3677 1143 3783 suspicio
1159 3691 1197 3754 et
1211 3675 1365 3753 infamia
1380 3693 1466 3752 sunt
1482 3693 1628 3766 exorta,
1653 3705 1764 3781 aquo

343 3809 505 3885 libenter
530 3810 698 3886 exivisset
724 3826 878 3914 propter
907 3806 1074 3913 predicta
1103 3804 1306 3883 consessata
1336 3831 1403 3909 per
1430 3833 1518 3880 eum
1550 3823 1587 3881 et
1614 3825 1766 3913 propter

342 3941 559 4043 asperitates
574 3940 735 4029 ordinis,
754 3938 825 4015 nisi
846 3937 1034 4014 timuisset
1050 3938 1147 4041 capi,
1164 3953 1202 4013 et
1219 3934 1289 4012 sibi
1305 3932 1521 4040 periculum
1537 3935 1764 4012 immineret.

342 4068 493 4145 Audivit
514 4070 585 4146 dici
610 4071 752 4147 dictum
774 4068 993 4176 Magistrum
1015 4082 1052 4142 et
1073 4065 1166 4143 alios
1185 4065 1310 4170 aliqua
1334 4062 1448 4140 luisse
1467 4062 1655 4139 confessos
1676 4090 1765 4139 con-

341 4217 397 4274 tra
416 4200 606 4289 ordinem,
638 4200 682 4274 ad
716 4200 820 4307 cujus
852 4197 1124 4277 deffensionem
1144 4223 1183 4274 se
1203 4223 1281 4274 non
1306 4192 1516 4283 obtulerat,
1547 4219 1618 4270 nec
1645 4191 1766 4268 luerat

345 4328 440 4404 ultra
467 4356 579 4407 mare.

397 4460 612 4565 Requisitus
622 4461 651 4537 si
663 4462 715 4538 sic
728 4461 952 4566 deposuerat
967 4488 1093 4566 prece,
1104 4477 1296 4565 precepto,
1315 4460 1470 4544 timore,
1490 4482 1635 4544 amore,
1653 4455 1759 4541 odio,

340 4591 397 4666 vel
412 4592 610 4696 temporali
628 4591 789 4668 comodo
808 4591 936 4669 habito
951 4591 1011 4667 vel
1028 4590 1221 4679 habendo,
1239 4586 1435 4694 respondit
1457 4585 1561 4692 quod
1581 4613 1676 4673 non,
1695 4586 1763 4663 sed

341 4749 408 4824 pro
435 4722 587 4799 veritate
611 4721 790 4813 dicenda;
817 4723 876 4798 cui
900 4720 972 4798 fuit
996 4723 1209 4830 injunctum
1232 4719 1338 4824 quod
1363 4745 1441 4795 non
1464 4715 1646 4794 revelaret
1666 4717 1762 4793 hanc

336 4862 444 4928 'suam
466 4853 762 4958 deposicionem,
785 4881 984 4960 quousque
1005 4852 1264 4931 attestaciones
1284 4849 1425 4927 suerint
1445 4846 1651 4953 publicute,
