4236 5948
340 536 425 607 'aso
738 512 932 604 raeces
959 531 1053 603 uus
1074 529 1379 612 ‘rampertus

351 672 516 750 ostendit
535 670 607 748 sibi
627 671 835 778 ymaginem
855 668 1018 747 crucifixi
1032 669 1218 774 depictam
1230 671 1270 746 in
1285 699 1392 746 cruce
1412 670 1452 746 in
1472 671 1635 775 quodam
1656 670 1767 763 libro,

351 821 387 878 et
406 802 571 908 precepit
590 801 660 877 sibi
682 818 719 876 et
735 801 901 906 injunxit
919 800 1025 907 quod
1043 819 1194 905 spueret
1219 818 1277 879 ter
1301 829 1413 905 super
1433 828 1513 877 eam
1531 832 1540 876 :
1560 803 1663 909 quod
1686 803 1772 881 lecit

350 961 431 1021 ore,
454 933 616 1010 sednon
638 931 766 1023 corde,
788 949 830 1007 ut
850 930 953 1009 dixit.
1690 925 1691 928 '

404 1067 497 1140 Item
527 1062 619 1139 dixit
651 1090 718 1167 per
745 1063 997 1168 juramentum
1027 1062 1131 1168 quod
1160 1062 1343 1167 recipiens
1373 1063 1538 1168 precepit
1566 1062 1635 1140 sibi
1668 1065 1771 1170 quod

349 1193 577 1270 oscularetur
594 1221 681 1269 eum
700 1193 739 1269 in
760 1222 824 1270 ore
847 1210 883 1270 et
904 1193 943 1268 in
962 1191 1040 1269 line
1058 1192 1162 1298 spine
1179 1192 1280 1269 dorsi
1297 1223 1305 1267 ε
1323 1194 1427 1299 quod
1446 1191 1534 1270 lecit
1558 1193 1693 1270 invitus
1717 1213 1771 1271 ta-

348 1351 432 1400 men
456 1324 503 1400 de
527 1339 631 1429 parte
652 1322 834 1401 inferiori.
932 1319 939 1333 ’

403 1456 495 1530 ltem
515 1453 606 1529 dixit
621 1452 726 1560 quod
744 1453 906 1559 prelatus
923 1453 1107 1559 recipiens
1119 1454 1286 1559 precepit
1304 1452 1374 1530 sibi
1393 1453 1497 1559 quod
1515 1455 1546 1530 si
1561 1453 1693 1532 fratres
1713 1458 1770 1533 sui

347 1584 489 1660 ordinis
508 1582 802 1661 vellent‘habere
822 1613 902 1661 rem
922 1583 1119 1662 carnaliter
1139 1613 1225 1660 cum
1250 1612 1314 1673 eo,
1336 1584 1441 1690 quod
1460 1584 1540 1690 ipse
1560 1585 1771 1663 admitteret

347 1740 411 1789 eos
431 1711 586 1802 adhoc,
607 1712 734 1789 dicens
748 1713 869 1790 dictus
886 1713 1070 1819 recipiens
1089 1714 1194 1820 quod
1214 1715 1293 1820 ipse
1313 1731 1485 1819 receptus
1507 1714 1604 1791 bene
1626 1733 1771 1821 poterat

346 1841 516 1919 similiter
536 1843 673 1921 habore
696 1873 775 1920 rem
799 1873 885 1920 cum
906 1844 980 1932 eis,
1004 1844 1034 1919 si
1053 1842 1187 1933 vellet;
1206 1843 1274 1923 sed
1295 1844 1373 1949 ipse
1389 1872 1581 1950 nunquam
1604 1844 1707 1934 fecit,
1730 1863 1771 1923 ut

347 1972 450 2048 dixit.

401 2104 496 2178 Item
514 2101 606 2179 dixit
623 2103 727 2209 quod
748 2103 865 2180 credit
880 2103 984 2209 quod
1002 2101 1066 2178 alii
1090 2101 1220 2179 fratres
1242 2099 1332 2181 dieti
1360 2104 1501 2182 ordinis
1521 2105 1636 2182 modo
1660 2105 1769 2182 simili

345 2233 581 2336 recipiantur.
714 2252 717 2258 '

400 2365 495 2439 Item
509 2363 602 2438 dixit
620 2391 687 2469 per
695 2363 951 2470 juramentum
966 2390 1077 2440 suum
1095 2362 1199 2469 quod
1220 2365 1273 2451 vi,
1289 2364 1348 2441 vel
1367 2382 1474 2442 metu
1498 2383 1771 2444 tormentorum

344 2493 403 2570 vel
433 2492 521 2571 alias
551 2522 626 2570 non
647 2494 738 2571 dixit
764 2494 867 2571 aliud
891 2522 1005 2600 quam
1030 2494 1242 2582 veritatem,
1272 2523 1342 2570 nec
1365 2496 1403 2569 in
1427 2496 1615 2600 premissis
1644 2497 1770 2573 immi-

344 2625 440 2700 scuit
466 2622 632 2730 aliquam
656 2623 867 2713 salsitatem,
887 2641 924 2702 et
949 2623 1053 2730 quod
1071 2652 1214 2702 meram
1235 2624 1428 2701 veritatem
1449 2626 1543 2702 dixit
1560 2653 1629 2731 pro
1652 2626 1769 2704 salute

345 2783 468 2832 anime
490 2783 568 2831 sue.

269 3001 275 3012 ⁹
400 3017 493 3092 Item
515 3015 627 3091 frater
653 3015 896 3092 Constancius
915 3015 961 3091 de
981 3014 1124 3092 Biciaco
1149 3014 1183 3090 la
1209 3014 1340 3103 Ceste,
1361 3041 1511 3091 morans
1536 3016 1707 3106 Prurini‚
1735 3036 1771 3094 et

344 3145 514 3222 venditor
528 3146 699 3221 vinorum
720 3145 856 3221 domus
875 3143 1025 3249 Templi
1045 3143 1133 3220 dicti
1151 3142 1240 3231 loci,
1258 3143 1571 3251 quadragenarius
1586 3145 1645 3222 vel
1658 3147 1767 3235 cirea,

346 3276 481 3354 eodem
501 3274 617 3352 modo
633 3274 872 3359 constitutus,
885 3274 1031 3378 juratus
1047 3289 1085 3349 et
1095 3273 1313 3378 requisitus,
1336 3274 1428 3351 dixit
1439 3303 1508 3380 per
1514 3275 1769 3380 juramentum

344 3434 454 3482 suum
475 3405 580 3509 quod
599 3404 695 3480 bene
715 3421 803 3478 sunt
815 3429 878 3478 xru
894 3402 980 3477 anni
995 3403 1052 3478 vel
1074 3402 1168 3478 circa
1184 3402 1313 3508 elapsi,
1331 3404 1434 3509 quod
1450 3403 1521 3480 fuit
1540 3423 1713 3510 receptus
1731 3411 1770 3484 in

345 3536 458 3615 domo
487 3534 634 3640 Templi
659 3533 933 3622 Cabilonensis‚
960 3562 1027 3638 per
1050 3532 1200 3610 fratrem
1230 3533 1406 3613 Odonem
1437 3535 1484 3611 de
1512 3535 1644 3615 Castro
1668 3537 1768 3615 Novo

343 3683 603 3770 preceptorem
626 3663 773 3761 ballivis
799 3663 1075 3751 Cabilonensis‚
1102 3664 1339 3770 presentibus
1363 3663 1539 3743 fratribus
1565 3665 1767 3746 Guillelmo

344 3797 597 3902 dispensatore
612 3811 702 3872 tunc
719 3793 920 3898 temporis,
939 3809 977 3870 et
995 3793 1188 3899 Stephano
1208 3793 1255 3870 de
1271 3796 1381 3873 Buris
1396 3797 1569 3906 bergerio
1585 3797 1685 3875 dicte
1707 3799 1769 3876 do

343 3955 445 4014 mus,
464 3927 551 4033 qui,¹
565 3941 608 4002 ut
621 3924 761 4012 credit,
783 3940 869 4001 sunt
888 3923 1045 4011 mortui,
1063 3939 1100 4000 et
1119 3924 1347 4029 quibusdam
1360 3925 1453 4003 aliis.

399 4058 492 4133 ltem
520 4056 612 4134 dixit
635 4083 704 4162 per
723 4055 980 4162 jurameutum
1005 4082 1118 4132 suum
1144 4055 1263 4161 quod,
1292 4084 1337 4132 eo
1362 4074 1530 4163 recepto,
1549 4057 1766 4162 juramento
1809 4037 1813 4045 ¹

343 4186 498 4292 prestito
516 4186 563 4262 ab
581 4187 716 4263 eodem
730 4185 778 4263 de
798 4185 943 4261 statutis
960 4202 998 4261 et
1016 4185 1166 4263 secretis
1184 4185 1326 4263 ordinis
1340 4186 1598 4275 observandis,
1619 4202 1656 4266 et
1670 4214 1768 4265 mau-

342 4316 431 4395 tello
447 4317 518 4394 sibi
539 4317 588 4393 ad
605 4315 744 4393 collum
758 4315 899 4422 posito,
916 4315 1100 4422 recipiens
1121 4317 1287 4394 ostendit
1309 4317 1378 4394 sibi
1398 4317 1598 4423 quamdam
1618 4345 1766 4395 crucem

343 4466 554 4555 argenteam
569 4475 654 4525 cum
665 4446 834 4553 ymagine
851 4445 1028 4534 crucifixi,
1047 4446 1257 4553 precipiens
1267 4447 1337 4524 sibi
1351 4446 1456 4554 quod
1466 4447 1670 4555 abnegaret
1681 4476 1766 4525 eum

344 4579 449 4684 cujus
464 4606 596 4686 ymago
610 4595 688 4654 erat
702 4576 756 4653 ibi
775 4595 844 4663 ter,
862 4594 899 4654 et
909 4595 968 4657 ter
985 4595 1136 4683 spueret
1150 4606 1260 4683 supra
1278 4606 1380 4667 cam;
1400 4595 1437 4654 et
1454 4607 1539 4655 cum
1555 4576 1629 4657 hoc
1644 4577 1765 4656 lacere

342 4726 548 4798 recusaret,
571 4709 753 4815 recipiens
765 4725 803 4784 et
816 4707 877 4784 alii
895 4707 1026 4787 fratres
1046 4726 1267 4815 acceperunt
1288 4738 1375 4788 eum
1390 4738 1459 4815 per
1478 4726 1589 4816 caput
1606 4739 1676 4815 per
1691 4737 1766 4786 sca-

342 4838 464 4944 pulas,
488 4856 525 4916 et
535 4837 624 4915 alibi
646 4867 713 4944 per
736 4866 888 4942 corpus,
910 4857 947 4917 et
962 4840 1224 4946 compulerunt
1238 4869 1323 4917 eum
1339 4869 1472 4945 spuere
1490 4867 1600 4946 supra
1618 4867 1764 4917 crucem
