4236 5948
480 555 553 630 ror
867 534 1064 626 naocts
1091 552 1186 624 uns
1213 551 1515 624 rsnrtrsas

478 700 582 808 quod
597 698 754 776 confessi
770 714 865 784 sunt,
883 696 978 772 salva
994 694 1207 772 excellentia
1217 695 1325 774 Sedis
1339 693 1552 801 apostolice,
1569 692 1764 772 salsitatem
1781 712 1818 772 et
1832 695 1912 772 ille-

477 833 683 938 galitatem,
707 847 742 905 et
760 828 904 905 mentiti
919 846 1004 903 sunt
1024 828 1063 902 in
1081 827 1199 932 capita
1221 827 1439 904 eorundem.

535 964 592 1038 Ad
608 963 726 1040 lxxxvr
742 960 937 1036 articulum
948 958 1145 1065 diligenter
1159 959 1420 1066 interrogatus,
1436 957 1529 1034 dixit
1539 958 1644 1063 quod
1656 957 1769 1035 frater
1783 960 1914 1036 Petrus

478 1097 526 1172 de
551 1093 730 1172 Moncada
755 1111 842 1168 tunc
866 1092 1040 1198 magister
1064 1091 1139 1167 sive
1164 1107 1362 1197 preceptor
1392 1091 1430 1166 in
1456 1089 1636 1197 Aragonia
1660 1107 1696 1166 et
1721 1089 1914 1171 Catalonia

478 1227 618 1332 recepit
644 1227 763 1330 ipsum
794 1223 944 1299 fratrem
973 1223 1234 1336 Raymundum
1254 1223 1319 1329 qui
1340 1222 1505 1328 loquitur
1529 1223 1567 1297 iu
1593 1221 1743 1298 fratrem
1771 1222 1913 1298 ordinis

479 1359 566 1435 dicti
586 1356 753 1462 Templi,
777 1356 814 1430 in
835 1355 977 1432 civitate
995 1357 1324 1460 Cesaraugust'ana,
1347 1383 1422 1460 qua
1439 1354 1546 1430 estin
1568 1353 1766 1459 Aragonia,
1782 1354 1826 1429 in
1854 1384 1913 1431 ca-

475 1489 574 1595 pella
588 1490 724 1566 domus
738 1487 906 1593 Templi,
924 1516 1036 1592 quem
1052 1485 1194 1563 habent
1208 1487 1246 1562 in
1262 1488 1341 1591 ipsa
1351 1485 1517 1574 civitate,
1541 1485 1602 1561 die
1616 1485 1813 1564 Dominica
1829 1505 1913 1593 post

475 1621 611 1698 festum
627 1621 741 1696 sancti
758 1619 905 1696 Martini
922 1620 1088 1724 proxime
1104 1619 1325 1725 preteritum
1345 1618 1496 1695 fuerunt
1510 1645 1603 1695 xxxv
1622 1619 1706 1694 anni
1724 1617 1839 1723 elapsi
1855 1620 1912 1695 vel

476 1755 590 1841 circa,
611 1752 845 1858 presentibus
862 1769 897 1826 et
917 1751 1059 1828 ibidem
1076 1751 1279 1831 astantibus
1293 1750 1496 1830 Guillelrno
1517 1751 1564 1826 de
1580 1750 1774 1836 Miraveto,
1796 1750 1843 1828 G.
1864 1751 1912 1826 de

477 1887 732 1991 Moutequino,
748 1885 911 1961 Amaldo
922 1884 969 1960 de
980 1885 1133 1965 Timore
1142 1945 1151 1972 ,
1160 1883 1379 1992 Raymundo
1395 1885 1441 1961 de
1455 1884 1724 1989 Montepavone
1738 1882 1914 1960 fratribus

476 2016 565 2093 dicti
587 2016 752 2121 Templi,
777 2033 813 2092 et
827 2014 1049 2100 multisaliis
1068 2016 1245 2095 iratribus
1261 2015 1430 2122 ejusdem
1445 2015 1590 2093 ordinis
1605 2016 1683 2122 jam
1700 2012 1911 2091 deffimctis.

476 2149 632 2226 Modum
656 2164 780 2223 autern
802 2176 866 2223 sue
886 2147 1116 2252 recepcionis
1137 2165 1173 2224 et
1193 2146 1350 2224 aliorum
1372 2146 1525 2223 fratrum
1549 2173 1645 2251 quos
1666 2146 1745 2251 ipse
1765 2163 1808 2222 ut
1825 2174 1913 2252 pre-

476 2297 606 2384 ceptor
625 2279 721 2354 dicte
739 2278 873 2354 domus
893 2279 1008 2354 Mansi
1025 2279 1095 2354 Dei
1106 2279 1248 2384 reecpit
1260 2279 1297 2352 in
1310 2277 1440 2354 fratres
1454 2277 1544 2355 dicti
1561 2276 1702 2353 ordinis
1717 2276 1756 2351 in
1770 2276 1914 2382 capella

476 2411 643 2515 ejusdem
661 2409 795 2485 domus
820 2411 935 2485 Mansi
963 2411 1052 2495 Dei,
1082 2438 1245 2515 quorum
1265 2409 1416 2486 nomina
1443 2426 1528 2485 sunt
1549 2440 1557 2483 :
1579 2415 1644 2484 En.
1670 2408 1718 2484 de
1744 2407 1913 2486 Miliariis

477 2543 599 2628 miles,
619 2540 806 2617 lohannes
826 2540 873 2615 de
898 2540 1040 2618 Comba
1060 2540 1245 2645 presbiter
1272 2539 1499 2647 capellanus,
1529 2539 1688 2616 lacobus
1718 2539 1765 2616 de
1788 2540 1913 2619 Garri-

476 2675 595 2780 ganis,
625 2671 865 2778 llaymundus
890 2671 1026 2758 Rusti,
1055 2670 1099 2750 G.
1128 2673 1175 2748 de
1203 2674 1330 2777 Sagas,
1360 2671 1421 2747 Ar.
1448 2660 1694 2778 Septembris,
1723 2672 1913 2749 Ferrarius

476 2805 581 2891 Hori,
605 2806 642 2879 P.
665 2803 819 2910 Garriga
844 2801 973 2878 fratres
1000 2803 1088 2879 dicti
1114 2803 1273 2891 ordinis,
1296 2803 1474 2908 expressit
1493 2803 1630 2879 seriose
1649 2802 1751 2878 idem
1772 2803 1810 2878 in
1833 2832 1914 2880 om-

474 2937 585 3013 nibus
604 2936 642 3010 in
660 2934 795 3011 ellectu
809 2951 851 3010 ut
868 2932 980 3010 frater
991 2929 1275 3012 Bartholomeus
1293 2934 1438 3040 primus
1449 2935 1553 3011 testis
1573 2963 1700 3039 supra,
1719 2951 1755 3010 et
1772 2952 1814 3010 ut
1831 2963 1914 3012 con

476 3067 617 3142 tinetur
635 3068 674 3142 in
692 3065 789 3144 libro
810 3095 879 3172 per
895 3069 1020 3173 ipsum
1038 3067 1204 3172 primurn
1222 3083 1355 3144 testem
1381 3066 1563 3156 exhibito,
1585 3084 1696 3172 prout
1716 3066 1851 3153 credit,
1874 3067 1912 3143 in

474 3227 552 3305 quo
572 3199 700 3306 regula
720 3216 757 3276 et
776 3216 908 3275 statuta
924 3200 1040 3304 ipsius
1056 3197 1200 3277 ordinis
1212 3196 1323 3276 latius
1339 3199 1585 3277 continentur.

532 3331 590 3407 Ad
610 3331 742 3409 lxxxvrr
767 3348 804 3407 et
818 3331 967 3409 lxxxrrrr
987 3349 1025 3408 et
1050 3331 1226 3408 rdtimum
1245 3329 1420 3409 articulos
1445 3330 1644 3438 diligenter
1669 3348 1706 3407 et
1725 3330 1912 3437 sigillatim

475 3463 737 3567 interrogatus,
760 3463 954 3567 respondit
974 3478 1011 3538 et
1031 3462 1124 3538 dixit
1138 3491 1177 3539 sc
1193 3490 1263 3539 nec
1273 3464 1367 3539 scire
1381 3491 1451 3543 nec
1465 3462 1617 3539 credere
1633 3462 1753 3539 dictos
1769 3490 1913 3539 errores

475 3619 666 3699 nunquam
681 3593 864 3697 originem
880 3622 900 3669 a
914 3592 1017 3671 bono
1030 3594 1175 3700 spiritu,
1188 3593 1454 3700 sedamaligno
1471 3611 1508 3671 et
1517 3616 1547 3670 a‘
1555 3592 1704 3671 diabolo
1716 3594 1910 3684 habuisse,

475 3753 544 3800 nec
559 3724 679 3801 credit
697 3725 801 3830 quod
823 3725 862 3802 in
882 3725 1014 3803 ordine
1035 3726 1185 3833 Templi
1209 3755 1376 3832 unquam
1400 3726 1513 3803 suerit
1531 3724 1625 3802 facta
1642 3724 1700 3803 vel
1720 3725 1846 3803 habita
1864 3727 1911 3802 de

476 3857 529 3932 eis
557 3856 615 3933 vel
639 3857 766 3961 aliquo
793 3857 1017 3944 eorundem,
1039 3887 1110 3934 nec
1132 3859 1220 3936 totis
1238 3856 1473 3964 temporibus
1493 3856 1566 3935 vite
1592 3887 1658 3935 sue
1684 3875 1767 3934 ante
1786 3887 1912 3935 susce-

474 3989 646 4094 pcionem
662 3988 811 4066 habitus
827 3989 916 4065 dicti
933 3989 1087 4080 ordinis,
1100 4018 1169 4066 nec
1183 4008 1314 4096 postea
1325 4017 1445 4096 usque
1461 4018 1562 4066 nunc
1576 3989 1718 4066 audivit
1728 4018 1798 4066 nec
1809 3990 1913 4067 scivit

472 4122 703 4199 mentionem
720 4150 798 4198 esse
813 4120 943 4198 factam
965 4122 1023 4199 vel
1040 4121 1205 4200 habitam
1227 4122 1276 4200 de
1294 4120 1367 4199 illis
1388 4120 1579 4201 erroribus
1598 4120 1822 4209 maledictis,
1843 4151 1912 4199 nec

475 4253 543 4328 scit
561 4252 666 4359 quod
690 4253 738 4329 sit
760 4252 932 4359 ydolum,
961 4283 1028 4330 nec
1049 4254 1117 4330 scit
1141 4252 1247 4360 quod
1270 4253 1309 4329 in
1329 4253 1454 4359 aliqua
1470 4270 1574 4359 parte
1599 4253 1657 4329 vel
1684 4252 1767 4330 loco
1795 4253 1912 4359 ipsius

475 4385 616 4462 ordinis
642 4384 797 4491 ydolum
834 4412 1001 4491 unquam
1030 4386 1145 4463 suerit
1177 4416 1263 4462 curn
1290 4386 1496 4462 reverentia
1525 4413 1595 4462 nec
1622 4383 1912 4490 quomodolibet

475 4517 723 4604 custoditum,
746 4516 813 4593 sed
835 4517 954 4593 credit
972 4518 1076 4624 quod
1095 4515 1252 4624 ydolum
1267 4518 1321 4594 nil
1335 4517 1387 4594 sit
1404 4516 1506 4593 aliud
1519 4517 1589 4593 nisi
1606 4512 1777 4593 diabolus
1798 4515 1912 4592 infer-

476 4647 586 4735 nalis,
609 4649 715 4755 cujus
735 4677 874 4726 nomen
897 4668 952 4726 est
970 4670 1007 4727 et
1026 4677 1174 4757 semper
1192 4650 1264 4727 luit
1281 4678 1302 4727 a
1323 4650 1423 4727 dicto
1441 4649 1573 4726 ordine
1593 4647 1769 4736 alienum,
1788 4647 1912 4725 nefan-

475 4780 568 4857 dum
589 4798 626 4855 et
645 4780 786 4858 odibile
806 4782 875 4858 toti
897 4781 1040 4868 ordini,
1063 4799 1105 4858 ut
1124 4780 1243 4858 credit
1262 4780 1419 4858 cuilibet
1438 4780 1662 4858 Christiano.

531 4913 653 5021 Super
682 4913 762 4991 aliis
792 4941 880 4991 vero
909 4914 955 4990 de
986 4913 1123 5020 quibus
1155 4914 1362 5022 precipitur
1390 4912 1470 4990 lieri
1492 4912 1687 5020 inquisitio
1706 4910 1908 5020 generalis,
