4236 5948
614 543 814 636 esoces
840 562 935 634 uus
961 564 1268 641 innectens.
1611 556 1661 646 ιτ
1760 570 1763 575 ·

229 716 340 777 erunt
360 701 526 792 seranni
547 702 606 779 vel
622 703 729 793 circa,
751 703 904 782 fratrem
919 707 1185 813 Raymundum
1202 708 1465 819 d’Angleprola
1484 710 1657 805 militem,

227 861 292 938 per
306 831 462 911 fratrem
478 837 766 944 berrengarium
783 837 831 915 de
847 837 1020 917 Cardona
1038 839 1200 918 militem
1216 842 1422 949 quondam,
1440 834 1661 953 magistrtus
1693 920 1696 925 .
1719 944 1724 951 Ι

228 979 316 1041 tunc
335 964 532 1075 Aragonie,
555 967 796 1073 presentibus
815 967 991 1048 fratribus
1012 970 1200 1078 Symeone
1225 973 1273 1050 de
1294 973 1430 1052 Leridc
1451 1003 1553 1053 nunc
1574 1005 1663 1084 pre-
1718 954 1722 963 ¹

228 1114 376 1203 ceptore
405 1098 607 1206 dragonis,
635 1101 879 1208 berrengario
906 1101 953 1177 de
984 1101 1092 1181 Bello
1121 1104 1213 1183 Visu
1242 1105 1445 1184 castellano
1476 1110 1585 1186 castri
1613 1099 1660 1186 de

228 1227 391 1320 Monsso‚
403 1227 596 1307 Dalmacio
612 1230 660 1308 de
672 1233 783 1309 Tuno
799 1249 1020 1340 preceptore
1032 1232 1079 1311 de
1094 1234 1294 1343 Berbeypa,
1311 1235 1510 1330 militibus,
1528 1258 1568 1318 et
1579 1241 1662 1318 aliis

228 1359 373 1437 circiter
391 1377 563 1452 centum;
582 1378 620 1438 et
640 1362 783 1439 eisdem
806 1363 916 1451 hora,
935 1362 1037 1455 loco,
1058 1366 1311 1471 presentibus,
1334 1385 1374 1444 et
1387 1397 1456 1476 per
1477 1364 1658 1449 eumdem

228 1507 264 1568 et
282 1491 420 1570 eodem
440 1493 558 1571 modo
577 1492 733 1572 fuerunt
752 1495 892 1601 recepti
910 1495 1044 1574 lratres
1066 1499 1200 1576 Petrus
1220 1500 1375 1590 banchi,
1399 1502 1541 1609 Symon
1560 1502 1660 1579 Petri

228 1640 263 1700 et
275 1623 450 1700 Remirus
464 1624 565 1701 Petri
582 1624 630 1703 de
645 1627 801 1704 Navarra
813 1626 969 1718 milites;
991 1627 1085 1705 vidit
1098 1630 1237 1718 eciam,
1252 1632 1293 1707 in
1304 1632 1387 1710 aliis
1406 1634 1580 1740 capitulis
1590 1658 1662 1742 ge-

228 1752 417 1832 neralibus
437 1754 634 1834 celebratis
654 1758 692 1835 in
715 1758 815 1836 dicto
834 1775 953 1835 castro
979 1759 1026 1835 de
1051 1760 1238 1850 Monsso,
1252 1762 1367 1868 recipi
1396 1762 1539 1840 multos
1554 1764 1664 1855 alios,

229 1913 390 1994 quorum
412 1887 567 1965 nomina
588 1907 625 1966 et
645 1889 872 1996 cognomina
886 1890 981 1966 dixit
998 1918 1037 1968 se
1058 1889 1097 1966 in
1118 1893 1304 1970 memoria
1319 1921 1401 1970 non
1421 1894 1662 1987 habere-neo

228 2017 331 2110 vidit,
346 2047 416 2096 nec
430 2019 546 2110 scivit,
566 2048 637 2098 nec
652 2021 783 2113 credit,
802 2051 872 2103 nec
886 2021 1029 2098 audivit
1044 2022 1119 2099 dici
1135 2025 1242 2130 quod
1256 2024 1384 2131 aliqua
1399 2025 1528 2109 illicita
1538 2026 1662 2103 inter·

230 2167 412 2236 venerunt
431 2151 471 2228 in
484 2151 594 2231 dictis
613 2153 898 2260 recepcionibus
914 2153 975 2231 vel
993 2171 1091 2259 post.
1110 2155 1217 2244 Item,
1234 2154 1329 2231 dixit
1347 2157 1457 2263 quod
1466 2157 1660 2262 ipsebene

230 2282 405 2361 credebat
417 2284 674 2362 ecclesiasticis
694 2284 945 2376 sacramentis,
965 2302 1004 2362 et
1019 2284 1140 2363 credit
1154 2285 1259 2391 quod
1280 2286 1343 2363 alii
1364 2285 1497 2364 fratres
1517 2286 1661 2366 ordinis

228 2414 324 2492 bene
344 2415 544 2493 crederent
562 2432 600 2494 et
617 2417 723 2523 quod
745 2444 879 2494 eorum
898 2416 1110 2494 sacerdotes
1133 2415 1262 2495 debite
1282 2417 1528 2496 celebrarent.
1543 2421 1660 2509 Item,

155 2631 158 2634 ,
231 2547 322 2626 dixit
334 2549 453 2655 quod,
472 2549 588 2629 finitis
599 2549 772 2657 capitulis
785 2578 920 2628 eorum
935 2566 976 2628 et
986 2548 1094 2627 factis
1107 2550 1285 2656 precibus
1294 2550 1549 2661 generalibus,
1565 2549 1664 2628 dice·

230 2679 303 2769 bat,
328 2697 372 2756 ut
392 2680 463 2773 sibi
490 2682 650 2770 videtur,
672 2682 787 2760 lrater
814 2682 932 2762 laicus
958 2682 1025 2788 qui
1045 2682 1201 2760 tenebat
1220 2682 1428 2790 capitulum
1450 2683 1557 2789 quod
1582 2683 1662 2790 ipse

231 2809 446 2888 absolvebat
467 2840 543 2904 eos,
572 2843 616 2890 ex
635 2830 820 2920 potestate
840 2813 911 2890 sibi
934 2812 1070 2890 tradita
1089 2842 1110 2889 a
1126 2815 1220 2903 Deo,
1244 2814 1291 2891 de
1311 2815 1385 2891 hiis
1407 2842 1480 2919 que
1502 2813 1664 2892 obmise-

231 2958 311 3019 rant
332 2942 457 3020 dicere
480 2961 636 3050 propter
658 2943 926 3021 verecundiam
952 2942 1074 3020 carnis
1094 2942 1158 3020 vel
1177 2959 1333 3050 propter
1355 2943 1534 3019 timorem
1553 2942 1664 3019 disci-

231 3072 330 3180 pline
351 3064 506 3162 ordinis,
529 3090 567 3152 et
582 3073 730 3153 dicebat
743 3074 848 3181 quod
861 3075 1057 3150 llectcrent
1071 3099 1193 3181 genua
1210 3090 1248 3150 et
1263 3072 1370 3180 quod
1388 3073 1576 3180 presbiter
1594 3075 1661 3180 qui

234 3222 307 3282 erat
320 3205 373 3282 ibi
391 3204 602 3284 absolveret
613 3235 678 3284 eos
694 3224 733 3284 et
746 3207 917 3284 dicerent
930 3207 1174 3284 Pateruostcr.
1191 3204 1411 3312 Requisitus
1425 3205 1455 3282 si
1472 3232 1542 3312 per
1556 3204 1665 3282 abso-

232 3334 421 3414 lucionem
435 3366 548 3444 quam
564 3336 724 3415 faciebat
739 3337 862 3415 dictus
879 3336 997 3414 laicus
1018 3337 1098 3442 ipse
1117 3337 1225 3414 testis
1238 3336 1297 3414 vel
1315 3336 1411 3415 alius
1429 3334 1544 3414 frater
1559 3336 1664 3414 ordi·

233 3468 287 3546 nis
308 3468 513 3548 credebaut
531 3497 611 3547 esse
629 3468 792 3548 absoluti
809 3499 830 3545 a
849 3468 1010 3575 pcccatis
1021 3466 1231 3545 venialibus
1245 3466 1305 3546 vel
1324 3466 1564 3556 mortalibus,
1586 3494 1665 3545 res-

234 3598 366 3704 pondit
384 3599 432 3677 de
453 3628 492 3677 se
513 3600 594 3708 ipso
617 3601 723 3709 quod
745 3629 839 3692 non,
860 3600 933 3678 nisi
952 3599 1083 3677 luisset
1103 3629 1146 3677 ea
1166 3598 1360 3677 consessus
1374 3597 1603 3704 presbitero,
1626 3616 1665 3677 et

234 3732 352 3808 credit
371 3731 475 3838 quod
494 3732 556 3809 alii
576 3731 709 3810 fratres
729 3734 928 3810 crederent
945 3733 1062 3809 idem.
1083 3730 1406 3837 Requisitusquid
1426 3729 1665 3840 intelligebat

234 3892 297 3968 per
312 3862 378 3940 illa
392 3864 515 3953 verba,
532 3864 584 3942 ob
599 3836 851 3941 reverenciam
868 3863 989 3940 carnis
1007 3861 1068 3938 vel
1086 3862 1265 3940 timorem
1286 3860 1483 3967 discipline
1503 3862 1661 3951 ordinis,

235 3994 325 4072 dixit
344 3994 450 4102 quod
467 4023 602 4073 novem
622 4025 729 4074 casus
749 4011 855 4074 erant
874 3994 914 4069 in
937 3993 1070 4070 ordine
1089 4008 1244 4098 propter
1260 4021 1358 4099 qnos
1375 3993 1586 4100 perdebant
1600 4019 1664 4070 or-

235 4125 378 4218 dinem,
406 4128 507 4206 inter
528 4156 629 4235 quos
655 4145 734 4205 erat
752 4155 851 4205 unus
871 4154 975 4203 casus
996 4126 1028 4203 si
1048 4123 1183 4231 aliquis
1201 4124 1485 4201 convinceretur
1506 4124 1665 4201 commi·

236 4259 321 4336 sisse
355 4258 499 4342 crimen
530 4259 821 4347 sodomiticum3
847 4275 886 4336 et
916 4274 1023 4335 erant
1042 4255 1157 4362 aliqui
1187 4285 1293 4333 casus
1323 4256 1475 4364 triginta
1504 4273 1544 4332 et
1564 4282 1664 4333 unus

145 4381 178 4407 ⁸
237 4409 386 4498 propter
405 4418 503 4499 quos
525 4391 738 4500 perdebant
761 4390 985 4468 mantellum
1006 4388 1065 4466 vel
1090 4389 1431 4481 incarcerabantur,
1453 4389 1552 4464 inter
1569 4384 1666 4495 quos

237 4540 311 4600 erat
330 4552 430 4602 unus
454 4525 485 4601 si
504 4506 671 4603 'luissent
689 4523 846 4601 convicti
869 4523 917 4600 ad
935 4520 1226 4600 fornicacionem
1241 4520 1301 4597 vel
1323 4520 1397 4597 alio
1415 4536 1566 4626 peccato
1587 4548 1666 4597 car·

237 4655 320 4747 nali,
338 4656 442 4734 unde
456 4657 577 4735 credit
590 4657 697 4764 quod
715 4656 814 4733 dicta
827 4654 892 4733 illa
908 4655 1125 4732 dicerentur
1138 4681 1207 4759 per
1222 4652 1365 4729 dictum
1380 4651 1518 4730 laicum
1527 4635 1668 4758 ‚tenen-

237 4802 311 4864 tem
342 4788 567 4894 capitulum,
598 4808 641 4868 ut
666 4789 696 4866 si
726 4777 863 4895 aliquis
892 4786 1113 4865 obmitteret
1144 4783 1268 4862 dicere
1293 4781 1459 4891 aliquem
1487 4812 1530 4861 ex
1558 4783 1668 4860 dictis

239 4941 279 4996 xc
305 4918 454 4998 casibus
473 4920 532 4999 vel
553 4920 635 4998 aliis
660 4920 710 4999 ob
735 4918 999 4998 verecundiam
1025 4915 1145 4994 carnis
1169 4914 1229 4995 vel
1250 4914 1429 4994 timorem
1450 4913 1664 5020 discipline,

323 5054 430 5120 esocis
451 5076 503 5120 nm
524 5077 786 5120 annectens-u.
1497 5050 1516 5110 3
