4236 5948
351 547 400 620 aa
745 528 936 622 procus
963 547 1383 621 nnsrnurnnns.
1451 500 1454 504 “

349 690 473 767 fuerat
501 687 786 795 recepcionibus
815 690 977 768 aliorum
1006 716 1076 765 nec
1114 688 1285 795 capitulis
1317 714 1467 776 eorum,
1503 686 1606 764 unde
1640 689 1783 766 nescie-

349 820 433 912 bat,
458 851 528 898 nec
549 819 742 910 credebat,
762 850 832 899 nec
849 821 1041 899 audiverat
1059 819 1133 896 dici
1152 820 1200 897 de
1219 819 1404 898 contentis
1426 819 1467 894 in
1489 817 1598 897 dictis
1614 820 1782 900 articulis
1851 894 1854 898 .

350 953 421 1030 nisi
449 953 555 1059 quod
583 952 765 1058 sequitur.
798 953 901 1030 Dixit
929 951 1030 1028 enim
1057 949 1162 1058 quod
1190 950 1305 1027 frater
1334 948 1522 1027 Robertus
1549 949 1597 1027 de
1624 950 1782 1030 Belvaco

349 1084 558 1190 quondam,
570 1099 771 1189 preceptor
782 1099 872 1159 tunc
882 1080 1032 1158 ballivie
1046 1081 1092 1159 de
1102 1082 1258 1161 Po'ntivo
1268 1140 1276 1169 ‚
1287 1097 1480 1187 receperat
1488 1082 1614 1187 ipsum
1625 1097 1780 1171 testem,

350 1213 411 1291 die
441 1214 570 1293 Martis
597 1231 682 1291 aute
711 1213 849 1291 festum
881 1213 1066 1292 Omnium
1096 1214 1322 1291 Sanctorum
1352 1212 1523 1320 proxime
1553 1214 1779 1319 preteritum

348 1346 504 1422 fuerunt
523 1344 706 1433 seranni,
725 1344 765 1419 in
781 1341 921 1451 capella
940 1343 1079 1421 domus
1096 1344 1247 1452 Templi
1265 1346 1312 1422 de
1328 1344 1534 1422 Somorens
1547 1342 1781 1423 belvacensis

349 1474 529 1567 diocesis,
562 1475 804 1583 presentibus
834 1474 1011 1552 fratribus
1042 1472 1198 1554 Alberto
1232 1474 1279 1553 de
1312 1474 1513 1555 Grumenil
1544 1475 1779 1580 presbitero,

347 1604 532 1684 avunculo
551 1606 669 1711 ipsius
687 1606 813 1695 testis,
831 1602 1036 1693 Guillelmo
1052 1604 1154 1684 dicto
1174 1605 1341 1715 Anganz,
1364 1623 1402 1684 et
1419 1606 1558 1684 Jacobo
1573 1608 1779 1717 burgundo

347 1737 614 1831 seruientibus,
642 1736 863 1828 deffunctis,
886 1737 924 1813 in
950 1738 1053 1816 bunc
1074 1737 1256 1815 modurn:
1277 1767 1365 1815 nam
1381 1766 1484 1824 cum,
1507 1737 1712 1815 instructus
1732 1739 1779 1817 ab

346 1869 445 1959 aliis,
466 1869 640 1976 periisset
657 1897 796 1977 panem
814 1886 850 1945 et
871 1897 1006 1977 aquam
1027 1868 1173 1947 ordinis
1193 1870 1387 1960 instanter,
1408 1888 1447 1947 et
1461 1867 1626 1947 finaliter
1639 1870 1675 1947 ei
1691 1900 1778 1950 con-

345 2001 530 2090 cessisset,
548 1999 705 2107 prestito
723 2000 770 2078 ab
792 2028 836 2076 eo
857 2029 925 2106 per
939 2000 1198 2107 juramentum
1220 2002 1325 2108 quod
1345 1988 1422 2079 non
1439 2018 1519 2078 erat
1532 2000 1675 2080 servilis
1692 2031 1780 2081 con-

348 2131 521 2221 dicionis,
550 2159 621 2208 nec
646 2131 755 2209 alteri
783 2130 958 2238 religioni
987 2160 1056 2209 nec
1085 2133 1224 2210 debitis
1247 2134 1354 2241 quod
1373 2134 1516 2211 solvere
1548 2161 1625 2210 non
1653 2153 1780 2240 posset

346 2263 551 2372 obligatus,
583 2292 654 2341 nec
679 2263 845 2341 habebat
870 2263 1027 2370 aliquod
1047 2264 1382 2372 impedimentum,
1413 2265 1502 2342 lecit
1526 2292 1616 2341 eum
1644 2294 1777 2342 vovere

346 2412 384 2473 et
402 2396 531 2506 jurare
553 2424 665 2501 super
689 2394 894 2503 quemdam
926 2394 1067 2472 librum
1094 2396 1319 2488 castitatem,
1347 2396 1627 2485 obedienciam,
1655 2395 1777 2474 vivere

345 2528 424 2604 sine
440 2528 614 2635 proprio,
637 2544 674 2604 et
691 2527 796 2634 quod
807 2527 954 2634 juvaret
969 2554 1039 2633 pro
1057 2554 1165 2631 posse
1182 2555 1251 2604 suo
1266 2526 1315 2605 ad
1333 2526 1605 2634 acquirendum
1621 2527 1776 2603 Terram

345 2660 532 2738 Sanctam.
548 2660 723 2764 Postque
737 2657 919 2764 imposuit
934 2656 969 2734 ei
984 2656 1226 2747 mantellum,
1249 2676 1287 2735 et
1299 2658 1379 2765 ipse
1393 2674 1432 2735 et
1445 2674 1606 2735 astantes
1620 2657 1777 2735 osculati

345 2789 500 2869 suerunt
516 2819 604 2869 eum
622 2791 754 2869 inore.
776 2789 926 2868 Deinde
946 2790 1059 2866 traxit
1077 2789 1204 2895 ipsum
1223 2806 1361 2868 testem
1380 2818 1508 2866 versus
1527 2789 1658 2881 altare,
1670 2790 1778 2897 juxta

345 2923 450 3028 quod
470 2938 548 2999 erat
568 2922 734 3028 quedam
751 2950 840 2998 crux
861 2936 999 3010 erecta,
1022 2919 1134 2997 certis
1159 2918 1335 2999 iratribus
1355 2920 1689 2999 deambulantibus
1708 2950 1778 3027 per

345 3053 542 3159 capellam,
571 3070 609 3131 et
627 3053 797 3160 precepit
818 3051 853 3129 ei
880 3051 986 3157 quod
1011 3049 1214 3158 abnegaret
1234 3050 1345 3129 illum
1365 3053 1431 3159 qui
1447 3052 1778 3159 representabatur

344 3211 412 3289 per
427 3184 632 3290 imaginem
654 3183 875 3260 existentem
899 3181 937 3258 in
963 3181 1206 3270 dictacruce;
1228 3199 1372 3260 etcum
1395 3184 1474 3289 ipse
1498 3182 1604 3260 testis
1627 3211 1777 3288 respou-

346 3311 461 3391 disset
481 3313 589 3420 quod
612 3313 686 3389 hoc
708 3311 815 3389 nullo
842 3312 958 3390 modo
985 3310 1139 3402 laceret,
1170 3313 1264 3391 dixit
1290 3314 1324 3390 ei
1350 3313 1456 3421 quod
1481 3312 1555 3390 boc
1578 3314 1778 3418 oportebat

345 3471 433 3520 eum
445 3442 584 3530 facere,
596 3443 685 3551 quia
703 3460 783 3519 erat
797 3443 845 3521 de
862 3443 1012 3549 punctis
1027 3443 1188 3534 ordinis,
1205 3445 1286 3522 etsi
1304 3472 1382 3521 non
1398 3443 1553 3532 faceret,
1571 3463 1777 3550 poneretur

345 3573 384 3648 in
402 3574 470 3652 tali
490 3574 575 3652 loco
596 3575 701 3683 quod
713 3575 897 3683 gauderet
911 3575 985 3652 hoc
1000 3574 1120 3663 [acere
1142 3593 1345 3683 antequam
1366 3576 1455 3653 iude
1477 3576 1608 3665 exiret,
1629 3591 1667 3652 et
1685 3592 1777 3653 tunc

344 3705 424 3811 ipse
437 3706 543 3784 testis
557 3705 753 3814 abnegavit
767 3704 878 3782 illurn
895 3706 961 3813 qui
975 3706 1304 3813 representabatur
1317 3734 1386 3814 per
1400 3706 1537 3785 dictam
1553 3707 1774 3813 imaginem,

344 3863 409 3913 ore
423 3864 502 3914 non
515 3838 645 3927 corde,
663 3854 708 3915 ut
723 3837 827 3914 dixit.
844 3839 977 3915 Postea
991 3839 1160 3945 precepit
1173 3840 1208 3916 ei
1223 3840 1330 3946 quod
1342 3857 1496 3945 spueret
1511 3837 1776 3944 supradictam

345 3997 511 4060 crucam,
541 3969 680 4076 etipse
707 3969 809 4076 spuit
833 3997 910 4046 non
936 3997 1049 4075 supra
1076 3970 1144 4049 sed
1165 3973 1282 4080 juxta.
1306 3971 1454 4048 Deinde
1479 3971 1648 4076 precepit
1670 3972 1776 4077 quod

344 4100 578 4177 oscularetur
602 4128 690 4177 cum
714 4099 754 4176 in
774 4127 863 4189 ano,
897 4117 1041 4176 etcum
1061 4102 1141 4208 ipse
1164 4103 1271 4180 testis
1294 4101 1415 4179 nollet
1436 4103 1509 4179 boc
1527 4100 1665 4193 lacere,
1691 4130 1776 4208 pre-

342 4233 440 4338 cepit
456 4232 560 4338 quod
578 4231 811 4308 oscularetur
825 4259 914 4307 eum
931 4229 1062 4309 saltem
1076 4233 1115 4309 in
1125 4233 1309 4311 umbilico
1322 4263 1435 4340 super
1448 4263 1598 4311 caruem
1612 4232 1772 4326 nudam,

342 4378 380 4438 et
405 4361 477 4438 fuit
498 4390 586 4438 eum
611 4361 663 4440 ibi
690 4360 897 4450 osculatum
927 4362 1097 4470 precepit
1118 4364 1236 4441 eciam
1256 4365 1290 4441 ei
1315 4364 1419 4470 quod
1440 4364 1609 4471 predicta
1629 4364 1774 4441 nemini

341 4492 533 4571 revelaret.
562 4493 665 4570 Dixit
692 4492 810 4569 eciam
834 4492 868 4569 ei
901 4494 1006 4599 quod
1032 4494 1227 4573 carnaliter
1254 4513 1402 4603 poterat
1428 4497 1663 4576 commisceri
1692 4496 1775 4575 aliis

341 4620 519 4699 fratribus
544 4622 706 4711 ordinis·3
734 4623 963 4699 hortamen
996 4653 1073 4702 non
1100 4625 1204 4713 lecit,
1231 4656 1302 4704 nec
1329 4628 1450 4705 credit
1477 4629 1582 4735 quod
1605 4626 1773 4735 predicta

342 4750 471 4829 illicita
490 4753 548 4829 vel
570 4753 639 4833 alia
659 4753 858 4832 inhonesta
878 4771 1052 4833 contenta
1073 4758 1112 4833 in
1128 4758 1294 4836 articulis
1309 4760 1582 4837 intervenirent
1598 4761 1637 4836 iu
1652 4787 1775 4865 recep

343 4883 514 4963 cionibus
540 4883 702 4962 aliorum
731 4913 800 4963 nec
824 4902 931 4992 post,
968 4888 1055 4994 quia
1085 4916 1282 4996 nunquam
1313 4891 1422 4982 vidit,
1454 4921 1524 4969 uec
1550 4892 1676 4983 scivit,
1704 4917 1774 4967 nec
