<?xml version="1.0" encoding="UTF-8"?>
<!DOCTYPE html PUBLIC "-//W3C//DTD XHTML 1.0 Transitional//EN"
    "http://www.w3.org/TR/xhtml1/DTD/xhtml1-transitional.dtd">
<html xmlns="http://www.w3.org/1999/xhtml" xml:lang="en" lang="en">
 <head>
  <title>
</title>
<meta http-equiv="Content-Type" content="text/html;charset=utf-8" />
  <meta name='ocr-system' content='tesseract 3.04.00' />
  <meta name='ocr-capabilities' content='ocr_page ocr_carea ocr_par ocr_line ocrx_word'/>
</head>
<body>
  <div class='ocr_page' id='page_1' title='image "./procsdestemplie00defegoog/procsdestemplie00defegoog_0245.png"; bbox 0 0 4236 5948; ppageno 0'>
   <div class='ocr_carea' id='block_1_1' title="bbox 604 513 1724 618">
    <p class='ocr_par' dir='ltr' id='par_1_1' title="bbox 604 513 1724 618">
     <span class='ocr_line' id='line_1_1' title="bbox 604 513 1724 618; baseline -0.001 -7"><span class='ocrx_word' id='word_1_1' title='bbox 604 513 798 618; x_wconf 68' lang='lat' dir='ltr'>rno&#39;ebs</span> <span class='ocrx_word' id='word_1_2' title='bbox 831 532 929 606; x_wconf 80' lang='lat' dir='ltr'>nus</span> <span class='ocrx_word' id='word_1_3' title='bbox 955 525 1262 607; x_wconf 68' lang='lat' dir='ltr'>insinuans}</span> <span class='ocrx_word' id='word_1_4' title='bbox 1567 538 1639 612; x_wconf 72' lang='lat' dir='ltr'>crs</span> <span class='ocrx_word' id='word_1_5' title='bbox 1721 606 1724 610; x_wconf 7' lang='grc' dir='ltr'><strong>Α</strong></span> 
     </span>
    </p>
   </div>
   <div class='ocr_carea' id='block_1_2' title="bbox 183 671 1744 4296">
    <p class='ocr_par' dir='ltr' id='par_1_2' title="bbox 183 671 1744 4296">
     <span class='ocr_line' id='line_1_2' title="bbox 220 671 1643 787; baseline -0.004 -29"><span class='ocrx_word' id='word_1_6' title='bbox 220 677 394 787; x_wconf 84' lang='lat' dir='ltr'>capitulla</span> <span class='ocrx_word' id='word_1_7' title='bbox 422 693 593 755; x_wconf 88' lang='lat' dir='ltr'>tenentes</span> <span class='ocrx_word' id='word_1_8' title='bbox 617 676 863 784; x_wconf 87' lang='lat' dir='ltr'>imponebant</span> <span class='ocrx_word' id='word_1_9' title='bbox 888 672 1103 780; x_wconf 86' lang='lat' dir='ltr'>disciplinas</span> <span class='ocrx_word' id='word_1_10' title='bbox 1126 690 1163 751; x_wconf 93' lang='lat' dir='ltr'>et</span> <span class='ocrx_word' id='word_1_11' title='bbox 1185 700 1309 780; x_wconf 85' lang='lat' dir='ltr'>penas·</span> <span class='ocrx_word' id='word_1_12' title='bbox 1324 671 1499 750; x_wconf 85' lang='lat' dir='ltr'>fratribus</span> <span class='ocrx_word' id='word_1_13' title='bbox 1518 675 1643 752; x_wconf 88' lang='lat' dir='ltr'>delin-</span> 
     </span>
     <span class='ocr_line' id='line_1_3' title="bbox 219 803 1645 917; baseline -0.001 -31"><span class='ocrx_word' id='word_1_14' title='bbox 219 807 426 917; x_wconf 85' lang='lat' dir='ltr'>quentibus</span> <span class='ocrx_word' id='word_1_15' title='bbox 445 835 608 913; x_wconf 89' lang='lat' dir='ltr'>quorum</span> <span class='ocrx_word' id='word_1_16' title='bbox 635 834 805 884; x_wconf 86' lang='lat' dir='ltr'>excessus</span> <span class='ocrx_word' id='word_1_17' title='bbox 828 803 1084 911; x_wconf 76' lang='lat' dir='ltr'><strong>publicassent</strong></span> <span class='ocrx_word' id='word_1_18' title='bbox 1105 806 1144 881; x_wconf 89' lang='lat' dir='ltr'>in</span> <span class='ocrx_word' id='word_1_19' title='bbox 1168 804 1365 909; x_wconf 83' lang='lat' dir='ltr'>capituli03</span> <span class='ocrx_word' id='word_1_20' title='bbox 1389 803 1456 880; x_wconf 86' lang='lat' dir='ltr'>sed</span> <span class='ocrx_word' id='word_1_21' title='bbox 1485 805 1534 881; x_wconf 92' lang='lat' dir='ltr'>de</span> <span class='ocrx_word' id='word_1_22' title='bbox 1557 833 1645 912; x_wconf 90' lang='lat' dir='ltr'>pre·</span> 
     </span>
     <span class='ocr_line' id='line_1_4' title="bbox 220 933 1649 1044; baseline -0.001 -28"><span class='ocrx_word' id='word_1_23' title='bbox 220 939 328 1019; x_wconf 89' lang='lat' dir='ltr'>dictis</span> <span class='ocrx_word' id='word_1_24' title='bbox 347 937 625 1044; x_wconf 83' lang='lat' dir='ltr'>precipiebatur</span> <span class='ocrx_word' id='word_1_25' title='bbox 645 938 697 1015; x_wconf 92' lang='lat' dir='ltr'>eis</span> <span class='ocrx_word' id='word_1_26' title='bbox 716 935 821 1044; x_wconf 92' lang='lat' dir='ltr'>quod</span> <span class='ocrx_word' id='word_1_27' title='bbox 842 933 1113 1012; x_wconf 88' lang='lat' dir='ltr'>confiterentur</span> <span class='ocrx_word' id='word_1_28' title='bbox 1129 933 1387 1012; x_wconf 82' lang='lat' dir='ltr'>sacerdolibus</span> <span class='ocrx_word' id='word_1_29' title='bbox 1404 936 1558 1015; x_wconf 82' lang='lat' dir='ltr'>ordinis.</span> <span class='ocrx_word' id='word_1_30' title='bbox 1579 939 1649 1014; x_wconf 82' lang='lat' dir='ltr'>lu·-</span> 
     </span>
     <span class='ocr_line' id='line_1_5' title="bbox 219 1064 1645 1173; baseline -0.003 -25"><span class='ocrx_word' id='word_1_31' title='bbox 219 1071 352 1148; x_wconf 88' lang='lat' dir='ltr'>rabant</span> <span class='ocrx_word' id='word_1_32' title='bbox 366 1066 540 1146; x_wconf 90' lang='lat' dir='ltr'>ordinem</span> <span class='ocrx_word' id='word_1_33' title='bbox 556 1094 633 1145; x_wconf 92' lang='lat' dir='ltr'>uon</span> <span class='ocrx_word' id='word_1_34' title='bbox 649 1067 766 1160; x_wconf 82' lang='lat' dir='ltr'>exire,</span> <span class='ocrx_word' id='word_1_35' title='bbox 783 1084 821 1143; x_wconf 89' lang='lat' dir='ltr'>et</span> <span class='ocrx_word' id='word_1_36' title='bbox 836 1066 961 1143; x_wconf 87' lang='lat' dir='ltr'>statim</span> <span class='ocrx_word' id='word_1_37' title='bbox 980 1094 1049 1170; x_wconf 92' lang='lat' dir='ltr'>pro</span> <span class='ocrx_word' id='word_1_38' title='bbox 1069 1065 1246 1173; x_wconf 81' lang='lat' dir='ltr'>professis</span> <span class='ocrx_word' id='word_1_39' title='bbox 1263 1064 1512 1144; x_wconf 83' lang='lat' dir='ltr'>habebantur.</span> <span class='ocrx_word' id='word_1_40' title='bbox 1530 1068 1645 1147; x_wconf 88' lang='lat' dir='ltr'>Clan-</span> 
     </span>
     <span class='ocr_line' id='line_1_6' title="bbox 221 1195 1643 1305; baseline -0.001 -28"><span class='ocrx_word' id='word_1_41' title='bbox 221 1199 367 1277; x_wconf 87' lang='lat' dir='ltr'>destine</span> <span class='ocrx_word' id='word_1_42' title='bbox 387 1200 677 1304; x_wconf 86' lang='lat' dir='ltr'>recipiebantur,</span> <span class='ocrx_word' id='word_1_43' title='bbox 694 1197 810 1275; x_wconf 91' lang='lat' dir='ltr'>nullis</span> <span class='ocrx_word' id='word_1_44' title='bbox 829 1195 1067 1303; x_wconf 83' lang='lat' dir='ltr'>presentibus</span> <span class='ocrx_word' id='word_1_45' title='bbox 1082 1197 1155 1274; x_wconf 90' lang='lat' dir='ltr'>nisi</span> <span class='ocrx_word' id='word_1_46' title='bbox 1169 1196 1345 1274; x_wconf 88' lang='lat' dir='ltr'>lratribus</span> <span class='ocrx_word' id='word_1_47' title='bbox 1361 1198 1519 1291; x_wconf 81' lang='lat' dir='ltr'>ordinis,</span> <span class='ocrx_word' id='word_1_48' title='bbox 1538 1201 1643 1305; x_wconf 89' lang='lat' dir='ltr'>quod</span> 
     </span>
     <span class='ocr_line' id='line_1_7' title="bbox 220 1321 1642 1437; baseline -0.001 -30"><span class='ocrx_word' id='word_1_49' title='bbox 220 1331 289 1437; x_wconf 89' lang='lat' dir='ltr'>ipsi</span> <span class='ocrx_word' id='word_1_50' title='bbox 310 1329 396 1407; x_wconf 89' lang='lat' dir='ltr'>testi</span> <span class='ocrx_word' id='word_1_51' title='bbox 417 1328 625 1435; x_wconf 89' lang='lat' dir='ltr'>plurimum</span> <span class='ocrx_word' id='word_1_52' title='bbox 643 1327 884 1435; x_wconf 82' lang='lat' dir='ltr'>displicebat,</span> <span class='ocrx_word' id='word_1_53' title='bbox 897 1321 984 1433; x_wconf 86' lang='lat' dir='ltr'>quia</span> <span class='ocrx_word' id='word_1_54' title='bbox 1001 1356 1045 1404; x_wconf 82' lang='lat' dir='ltr'>ex</span> <span class='ocrx_word' id='word_1_55' title='bbox 1059 1328 1132 1405; x_wconf 92' lang='lat' dir='ltr'>hoc</span> <span class='ocrx_word' id='word_1_56' title='bbox 1147 1345 1226 1405; x_wconf 90' lang='lat' dir='ltr'>erat</span> <span class='ocrx_word' id='word_1_57' title='bbox 1240 1358 1413 1405; x_wconf 89' lang='lat' dir='ltr'>murmur</span> <span class='ocrx_word' id='word_1_58' title='bbox 1428 1347 1466 1405; x_wconf 90' lang='lat' dir='ltr'>et</span> <span class='ocrx_word' id='word_1_59' title='bbox 1479 1330 1642 1435; x_wconf 86' lang='lat' dir='ltr'>suspicio</span> 
     </span>
     <span class='ocr_line' id='line_1_8' title="bbox 221 1455 1640 1565; baseline 0.001 -29"><span class='ocrx_word' id='word_1_60' title='bbox 221 1477 347 1537; x_wconf 90' lang='lat' dir='ltr'>contra</span> <span class='ocrx_word' id='word_1_61' title='bbox 368 1488 450 1545; x_wconf 89' lang='lat' dir='ltr'>eos,</span> <span class='ocrx_word' id='word_1_62' title='bbox 469 1477 506 1536; x_wconf 89' lang='lat' dir='ltr'>et</span> <span class='ocrx_word' id='word_1_63' title='bbox 522 1459 637 1565; x_wconf 78' lang='lat' dir='ltr'>aliqui</span> <span class='ocrx_word' id='word_1_64' title='bbox 655 1456 842 1535; x_wconf 90' lang='lat' dir='ltr'>seculares</span> <span class='ocrx_word' id='word_1_65' title='bbox 859 1456 1033 1534; x_wconf 91' lang='lat' dir='ltr'>dicebant</span> <span class='ocrx_word' id='word_1_66' title='bbox 1048 1458 1153 1564; x_wconf 90' lang='lat' dir='ltr'>quod</span> <span class='ocrx_word' id='word_1_67' title='bbox 1167 1487 1206 1536; x_wconf 92' lang='lat' dir='ltr'>se</span> <span class='ocrx_word' id='word_1_68' title='bbox 1220 1458 1484 1537; x_wconf 79' lang='lat' dir='ltr'>osculabantur</span> <span class='ocrx_word' id='word_1_69' title='bbox 1498 1455 1538 1535; x_wconf 88' lang='lat' dir='ltr'>in</span> <span class='ocrx_word' id='word_1_70' title='bbox 1556 1486 1640 1537; x_wconf 87' lang='lat' dir='ltr'>ano.</span> 
     </span>
     <span class='ocr_line' id='line_1_9' title="bbox 221 1587 1644 1696; baseline -0.001 -29"><span class='ocrx_word' id='word_1_71' title='bbox 221 1591 372 1667; x_wconf 76' lang='lat' dir='ltr'>Audiuit</span> <span class='ocrx_word' id='word_1_72' title='bbox 391 1590 465 1667; x_wconf 90' lang='lat' dir='ltr'>dici</span> <span class='ocrx_word' id='word_1_73' title='bbox 485 1591 591 1696; x_wconf 88' lang='lat' dir='ltr'>quod</span> <span class='ocrx_word' id='word_1_74' title='bbox 611 1591 687 1666; x_wconf 91' lang='lat' dir='ltr'>duo</span> <span class='ocrx_word' id='word_1_75' title='bbox 707 1588 840 1666; x_wconf 76' lang='lat' dir='ltr'>fratres</span> <span class='ocrx_word' id='word_1_76' title='bbox 855 1587 1014 1675; x_wconf 84' lang='lat' dir='ltr'>ordinis,</span> <span class='ocrx_word' id='word_1_77' title='bbox 1030 1607 1305 1667; x_wconf 87' lang='lat' dir='ltr'>commorantes</span> <span class='ocrx_word' id='word_1_78' title='bbox 1324 1591 1364 1665; x_wconf 92' lang='lat' dir='ltr'>in</span> <span class='ocrx_word' id='word_1_79' title='bbox 1383 1591 1512 1668; x_wconf 90' lang='lat' dir='ltr'>Castro</span> <span class='ocrx_word' id='word_1_80' title='bbox 1533 1593 1644 1668; x_wconf 83' lang='lat' dir='ltr'>Perc-</span> 
     </span>
     <span class='ocr_line' id='line_1_10' title="bbox 220 1718 1644 1829; baseline 0.001 -32"><span class='ocrx_word' id='word_1_81' title='bbox 220 1721 334 1829; x_wconf 85' lang='lat' dir='ltr'>grini,</span> <span class='ocrx_word' id='word_1_82' title='bbox 357 1737 462 1797; x_wconf 90' lang='lat' dir='ltr'>erant</span> <span class='ocrx_word' id='word_1_83' title='bbox 482 1721 530 1797; x_wconf 91' lang='lat' dir='ltr'>de</span> <span class='ocrx_word' id='word_1_84' title='bbox 551 1721 708 1796; x_wconf 89' lang='lat' dir='ltr'>crimine</span> <span class='ocrx_word' id='word_1_85' title='bbox 729 1718 952 1796; x_wconf 90' lang='lat' dir='ltr'>sodomitico</span> <span class='ocrx_word' id='word_1_86' title='bbox 974 1718 1172 1809; x_wconf 79' lang='lat' dir='ltr'>diffamati3</span> <span class='ocrx_word' id='word_1_87' title='bbox 1200 1737 1238 1795; x_wconf 90' lang='lat' dir='ltr'>et</span> <span class='ocrx_word' id='word_1_88' title='bbox 1257 1749 1341 1796; x_wconf 86' lang='lat' dir='ltr'>cum</span> <span class='ocrx_word' id='word_1_89' title='bbox 1365 1722 1437 1797; x_wconf 89' lang='lat' dir='ltr'>hcc</span> <span class='ocrx_word' id='word_1_90' title='bbox 1455 1723 1644 1827; x_wconf 86' lang='lat' dir='ltr'>pervenis-</span> 
     </span>
     <span class='ocr_line' id='line_1_11' title="bbox 221 1848 1644 1958; baseline 0.001 -31"><span class='ocrx_word' id='word_1_91' title='bbox 221 1869 276 1927; x_wconf 85' lang='lat' dir='ltr'>set</span> <span class='ocrx_word' id='word_1_92' title='bbox 291 1852 340 1926; x_wconf 91' lang='lat' dir='ltr'>ad</span> <span class='ocrx_word' id='word_1_93' title='bbox 357 1851 592 1958; x_wconf 82' lang='lat' dir='ltr'>Magistrum,</span> <span class='ocrx_word' id='word_1_94' title='bbox 609 1848 799 1926; x_wconf 88' lang='lat' dir='ltr'>mandavit</span> <span class='ocrx_word' id='word_1_95' title='bbox 811 1875 876 1925; x_wconf 90' lang='lat' dir='ltr'>ens</span> <span class='ocrx_word' id='word_1_96' title='bbox 888 1849 988 1953; x_wconf 93' lang='lat' dir='ltr'>capi,</span> <span class='ocrx_word' id='word_1_97' title='bbox 1006 1867 1044 1925; x_wconf 90' lang='lat' dir='ltr'>et</span> <span class='ocrx_word' id='word_1_98' title='bbox 1058 1878 1156 1926; x_wconf 92' lang='lat' dir='ltr'>unus</span> <span class='ocrx_word' id='word_1_99' title='bbox 1171 1849 1325 1926; x_wconf 89' lang='lat' dir='ltr'>illorum</span> <span class='ocrx_word' id='word_1_100' title='bbox 1339 1850 1412 1927; x_wconf 88' lang='lat' dir='ltr'>luit</span> <span class='ocrx_word' id='word_1_101' title='bbox 1425 1851 1644 1929; x_wconf 86' lang='lat' dir='ltr'>interfectus</span> 
     </span>
     <span class='ocr_line' id='line_1_12' title="bbox 223 1980 1645 2088; baseline 0.001 -32"><span class='ocrx_word' id='word_1_102' title='bbox 223 2009 308 2058; x_wconf 92' lang='lat' dir='ltr'>curn</span> <span class='ocrx_word' id='word_1_103' title='bbox 334 1981 500 2088; x_wconf 86' lang='lat' dir='ltr'>lugeret,</span> <span class='ocrx_word' id='word_1_104' title='bbox 531 1999 569 2057; x_wconf 91' lang='lat' dir='ltr'>et</span> <span class='ocrx_word' id='word_1_105' title='bbox 596 1980 691 2058; x_wconf 88' lang='lat' dir='ltr'>alter</span> <span class='ocrx_word' id='word_1_106' title='bbox 714 1980 786 2057; x_wconf 85' lang='lat' dir='ltr'>luit</span> <span class='ocrx_word' id='word_1_107' title='bbox 812 1997 996 2085; x_wconf 90' lang='lat' dir='ltr'>perpetuo</span> <span class='ocrx_word' id='word_1_108' title='bbox 1025 1981 1174 2056; x_wconf 86' lang='lat' dir='ltr'>carceri</span> <span class='ocrx_word' id='word_1_109' title='bbox 1192 1982 1433 2087; x_wconf 90' lang='lat' dir='ltr'>mancipatus.</span> <span class='ocrx_word' id='word_1_110' title='bbox 1464 1982 1645 2061; x_wconf 87' lang='lat' dir='ltr'>Cordulis</span> 
     </span>
     <span class='ocr_line' id='line_1_13' title="bbox 223 2108 1643 2217; baseline 0.001 -31"><span class='ocrx_word' id='word_1_111' title='bbox 223 2111 324 2187; x_wconf 93' lang='lat' dir='ltr'>unde</span> <span class='ocrx_word' id='word_1_112' title='bbox 343 2108 518 2186; x_wconf 89' lang='lat' dir='ltr'>volebant</span> <span class='ocrx_word' id='word_1_113' title='bbox 542 2109 742 2215; x_wconf 84' lang='lat' dir='ltr'>assumptis</span> <span class='ocrx_word' id='word_1_114' title='bbox 766 2109 1011 2216; x_wconf 87' lang='lat' dir='ltr'>cingebantur</span> <span class='ocrx_word' id='word_1_115' title='bbox 1035 2110 1074 2184; x_wconf 91' lang='lat' dir='ltr'>in</span> <span class='ocrx_word' id='word_1_116' title='bbox 1100 2110 1252 2216; x_wconf 85' lang='lat' dir='ltr'>signum</span> <span class='ocrx_word' id='word_1_117' title='bbox 1278 2112 1467 2199; x_wconf 87' lang='lat' dir='ltr'>castitatis,</span> <span class='ocrx_word' id='word_1_118' title='bbox 1494 2139 1538 2186; x_wconf 81' lang='lat' dir='ltr'>ex</span> <span class='ocrx_word' id='word_1_119' title='bbox 1556 2138 1643 2217; x_wconf 89' lang='lat' dir='ltr'>pre·</span> 
     </span>
     <span class='ocr_line' id='line_1_14' title="bbox 222 2238 1645 2347; baseline 0.002 -32"><span class='ocrx_word' id='word_1_120' title='bbox 222 2238 447 2344; x_wconf 87' lang='lat' dir='ltr'>cepto-beati</span> <span class='ocrx_word' id='word_1_121' title='bbox 462 2238 660 2328; x_wconf 88' lang='lat' dir='ltr'>Bernardi,</span> <span class='ocrx_word' id='word_1_122' title='bbox 674 2265 786 2344; x_wconf 91' lang='lat' dir='ltr'>super</span> <span class='ocrx_word' id='word_1_123' title='bbox 801 2239 970 2317; x_wconf 87' lang='lat' dir='ltr'>camisias</span> <span class='ocrx_word' id='word_1_124' title='bbox 986 2268 1073 2315; x_wconf 91' lang='lat' dir='ltr'>cum</span> <span class='ocrx_word' id='word_1_125' title='bbox 1085 2240 1225 2345; x_wconf 90' lang='lat' dir='ltr'>quibus</span> <span class='ocrx_word' id='word_1_126' title='bbox 1237 2241 1428 2347; x_wconf 87' lang='lat' dir='ltr'>jacebant,</span> <span class='ocrx_word' id='word_1_127' title='bbox 1445 2241 1510 2318; x_wconf 86' lang='lat' dir='ltr'>sed</span> <span class='ocrx_word' id='word_1_128' title='bbox 1526 2243 1645 2319; x_wconf 91' lang='lat' dir='ltr'>nescit</span> 
     </span>
     <span class='ocr_line' id='line_1_15' title="bbox 223 2369 1643 2477; baseline 0.003 -32"><span class='ocrx_word' id='word_1_129' title='bbox 223 2398 291 2449; x_wconf 89' lang='lat' dir='ltr'>nec</span> <span class='ocrx_word' id='word_1_130' title='bbox 312 2369 454 2446; x_wconf 89' lang='lat' dir='ltr'>audivit</span> <span class='ocrx_word' id='word_1_131' title='bbox 474 2370 548 2446; x_wconf 93' lang='lat' dir='ltr'>dici</span> <span class='ocrx_word' id='word_1_132' title='bbox 574 2370 679 2476; x_wconf 90' lang='lat' dir='ltr'>quod</span> <span class='ocrx_word' id='word_1_133' title='bbox 695 2385 902 2475; x_wconf 81' lang='lat' dir='ltr'>tangerent</span> <span class='ocrx_word' id='word_1_134' title='bbox 911 2370 1029 2475; x_wconf 88' lang='lat' dir='ltr'>capita</span> <span class='ocrx_word' id='word_1_135' title='bbox 1052 2369 1266 2477; x_wconf 81' lang='lat' dir='ltr'>ydolorum.</span> <span class='ocrx_word' id='word_1_136' title='bbox 1290 2373 1405 2462; x_wconf 87' lang='lat' dir='ltr'>ltem,</span> <span class='ocrx_word' id='word_1_137' title='bbox 1428 2370 1520 2449; x_wconf 83' lang='lat' dir='ltr'>dixit</span> <span class='ocrx_word' id='word_1_138' title='bbox 1539 2372 1643 2477; x_wconf 87' lang='lat' dir='ltr'>quod</span> 
     </span>
     <span class='ocr_line' id='line_1_16' title="bbox 223 2499 1644 2607; baseline 0.003 -32"><span class='ocrx_word' id='word_1_139' title='bbox 223 2500 345 2575; x_wconf 84' lang='lat' dir='ltr'>civitas</span> <span class='ocrx_word' id='word_1_140' title='bbox 358 2500 520 2607; x_wconf 84' lang='lat' dir='ltr'>Sydonis</span> <span class='ocrx_word' id='word_1_141' title='bbox 532 2499 654 2576; x_wconf 86' lang='lat' dir='ltr'>luerat</span> <span class='ocrx_word' id='word_1_142' title='bbox 672 2516 797 2604; x_wconf 89' lang='lat' dir='ltr'>empta</span> <span class='ocrx_word' id='word_1_143' title='bbox 813 2528 881 2604; x_wconf 91' lang='lat' dir='ltr'>per</span> <span class='ocrx_word' id='word_1_144' title='bbox 899 2499 1052 2575; x_wconf 85' lang='lat' dir='ltr'>lratrem</span> <span class='ocrx_word' id='word_1_145' title='bbox 1069 2499 1257 2575; x_wconf 89' lang='lat' dir='ltr'>Thomam</span> <span class='ocrx_word' id='word_1_146' title='bbox 1276 2501 1439 2577; x_wconf 90' lang='lat' dir='ltr'>Beraudi</span> <span class='ocrx_word' id='word_1_147' title='bbox 1459 2519 1550 2577; x_wconf 89' lang='lat' dir='ltr'>tunc</span> <span class='ocrx_word' id='word_1_148' title='bbox 1566 2503 1644 2578; x_wconf 87' lang='lat' dir='ltr'>Ma-</span> 
     </span>
     <span class='ocr_line' id='line_1_17' title="bbox 221 2628 1643 2735; baseline 0.002 -32"><span class='ocrx_word' id='word_1_149' title='bbox 221 2629 378 2735; x_wconf 81' lang='lat' dir='ltr'>gistrum</span> <span class='ocrx_word' id='word_1_150' title='bbox 404 2629 565 2718; x_wconf 82' lang='lat' dir='ltr'>ordinis,</span> <span class='ocrx_word' id='word_1_151' title='bbox 589 2630 754 2706; x_wconf 89' lang='lat' dir='ltr'>sednon</span> <span class='ocrx_word' id='word_1_152' title='bbox 782 2628 925 2704; x_wconf 89' lang='lat' dir='ltr'>audivit</span> <span class='ocrx_word' id='word_1_153' title='bbox 951 2629 1023 2703; x_wconf 87' lang='lat' dir='ltr'>dici</span> <span class='ocrx_word' id='word_1_154' title='bbox 1048 2629 1153 2733; x_wconf 90' lang='lat' dir='ltr'>quod</span> <span class='ocrx_word' id='word_1_155' title='bbox 1179 2630 1314 2734; x_wconf 90' lang='lat' dir='ltr'>aliquis</span> <span class='ocrx_word' id='word_1_156' title='bbox 1339 2630 1518 2706; x_wconf 89' lang='lat' dir='ltr'>dominus</span> <span class='ocrx_word' id='word_1_157' title='bbox 1544 2630 1643 2706; x_wconf 88' lang='lat' dir='ltr'>dicte</span> 
     </span>
     <span class='ocr_line' id='line_1_18' title="bbox 223 2759 1644 2866; baseline 0.003 -32"><span class='ocrx_word' id='word_1_158' title='bbox 223 2760 375 2839; x_wconf 86' lang='lat' dir='ltr'>civitatis</span> <span class='ocrx_word' id='word_1_159' title='bbox 392 2759 507 2838; x_wconf 84' lang='lat' dir='ltr'>luerit</span> <span class='ocrx_word' id='word_1_160' title='bbox 526 2760 639 2840; x_wconf 88' lang='lat' dir='ltr'>lrater</span> <span class='ocrx_word' id='word_1_161' title='bbox 658 2760 802 2837; x_wconf 90' lang='lat' dir='ltr'>ordinis</span> <span class='ocrx_word' id='word_1_162' title='bbox 820 2787 966 2837; x_wconf 91' lang='lat' dir='ltr'>eorum.</span> <span class='ocrx_word' id='word_1_163' title='bbox 985 2760 1149 2836; x_wconf 83' lang='lat' dir='ltr'>Narravit</span> <span class='ocrx_word' id='word_1_164' title='bbox 1169 2777 1295 2837; x_wconf 86' lang='lat' dir='ltr'>autem</span> <span class='ocrx_word' id='word_1_165' title='bbox 1315 2779 1400 2866; x_wconf 90' lang='lat' dir='ltr'>post</span> <span class='ocrx_word' id='word_1_166' title='bbox 1421 2762 1644 2846; x_wconf 81' lang='lat' dir='ltr'>destmctio·</span> 
     </span>
     <span class='ocr_line' id='line_1_19' title="bbox 196 2889 1642 2995; baseline 0.002 -31"><span class='ocrx_word' id='word_1_167' title='bbox 196 2906 197 2911; x_wconf 77' lang='grc'>’</span> <span class='ocrx_word' id='word_1_168' title='bbox 223 2917 309 2965; x_wconf 89' lang='lat' dir='ltr'>nem</span> <span class='ocrx_word' id='word_1_169' title='bbox 327 2889 447 2983; x_wconf 85' lang='lat' dir='ltr'>Acon,</span> <span class='ocrx_word' id='word_1_170' title='bbox 462 2914 550 2968; x_wconf 91' lang='lat' dir='ltr'>cum</span> <span class='ocrx_word' id='word_1_171' title='bbox 569 2908 667 2967; x_wconf 89' lang='lat' dir='ltr'>esset</span> <span class='ocrx_word' id='word_1_172' title='bbox 682 2891 723 2966; x_wconf 91' lang='lat' dir='ltr'>in</span> <span class='ocrx_word' id='word_1_173' title='bbox 738 2890 896 2995; x_wconf 85' lang='lat' dir='ltr'>Chipm,</span> <span class='ocrx_word' id='word_1_174' title='bbox 912 2917 951 2965; x_wconf 90' lang='lat' dir='ltr'>se</span> <span class='ocrx_word' id='word_1_175' title='bbox 969 2889 1152 2965; x_wconf 89' lang='lat' dir='ltr'>audivisse</span> <span class='ocrx_word' id='word_1_176' title='bbox 1170 2890 1243 2966; x_wconf 90' lang='lat' dir='ltr'>dici</span> <span class='ocrx_word' id='word_1_177' title='bbox 1260 2920 1279 2964; x_wconf 87' lang='lat' dir='ltr'>a</span> <span class='ocrx_word' id='word_1_178' title='bbox 1302 2890 1459 2966; x_wconf 89' lang='lat' dir='ltr'>domino</span> <span class='ocrx_word' id='word_1_179' title='bbox 1472 2890 1642 2969; x_wconf 87' lang='lat' dir='ltr'>Jobanne</span> 
     </span>
     <span class='ocr_line' id='line_1_20' title="bbox 183 3012 1643 3127; baseline 0.002 -32"><span class='ocrx_word' id='word_1_180' title='bbox 183 3012 186 3018; x_wconf 28' lang='lat'>¹</span> <span class='ocrx_word' id='word_1_181' title='bbox 225 3018 270 3096; x_wconf 90' lang='lat' dir='ltr'>de</span> <span class='ocrx_word' id='word_1_182' title='bbox 290 3020 406 3096; x_wconf 89' lang='lat' dir='ltr'>Tanis</span> <span class='ocrx_word' id='word_1_183' title='bbox 430 3021 551 3097; x_wconf 91' lang='lat' dir='ltr'>milite</span> <span class='ocrx_word' id='word_1_184' title='bbox 572 3020 749 3110; x_wconf 91' lang='lat' dir='ltr'>seculari,</span> <span class='ocrx_word' id='word_1_185' title='bbox 771 3019 917 3124; x_wconf 80' lang='lat' dir='ltr'>baylivo</span> <span class='ocrx_word' id='word_1_186' title='bbox 938 3020 1042 3125; x_wconf 85' lang='lat' dir='ltr'>regio</span> <span class='ocrx_word' id='word_1_187' title='bbox 1068 3019 1222 3097; x_wconf 87' lang='lat' dir='ltr'>civitatis</span> <span class='ocrx_word' id='word_1_188' title='bbox 1248 3021 1295 3096; x_wconf 88' lang='lat' dir='ltr'>de</span> <span class='ocrx_word' id='word_1_189' title='bbox 1316 3021 1502 3106; x_wconf 87' lang='lat' dir='ltr'>Limasso,</span> <span class='ocrx_word' id='word_1_190' title='bbox 1537 3023 1643 3127; x_wconf 90' lang='lat' dir='ltr'>quod</span> 
     </span>
     <span class='ocr_line' id='line_1_21' title="bbox 223 3148 1643 3255; baseline 0.001 -30"><span class='ocrx_word' id='word_1_191' title='bbox 223 3149 376 3254; x_wconf 86' lang='lat' dir='ltr'>quidam</span> <span class='ocrx_word' id='word_1_192' title='bbox 397 3148 534 3227; x_wconf 90' lang='lat' dir='ltr'>nobilis</span> <span class='ocrx_word' id='word_1_193' title='bbox 557 3149 1004 3255; x_wconf 84' lang='lat' dir='ltr'>adamaverat&#39;quondam</span> <span class='ocrx_word' id='word_1_194' title='bbox 1025 3148 1263 3227; x_wconf 78' lang='lat' dir='ltr'>domicellam</span> <span class='ocrx_word' id='word_1_195' title='bbox 1286 3150 1334 3226; x_wconf 92' lang='lat' dir='ltr'>de</span> <span class='ocrx_word' id='word_1_196' title='bbox 1354 3167 1473 3227; x_wconf 90' lang='lat' dir='ltr'>castro</span> <span class='ocrx_word' id='word_1_197' title='bbox 1494 3151 1541 3227; x_wconf 95' lang='lat' dir='ltr'>de</span> <span class='ocrx_word' id='word_1_198' title='bbox 1564 3152 1643 3227; x_wconf 84' lang='lat' dir='ltr'>Ma-</span> 
     </span>
     <span class='ocr_line' id='line_1_22' title="bbox 223 3278 1643 3386; baseline 0.003 -33"><span class='ocrx_word' id='word_1_199' title='bbox 223 3278 343 3354; x_wconf 85' lang='lat' dir='ltr'>raclea</span> <span class='ocrx_word' id='word_1_200' title='bbox 362 3279 559 3359; x_wconf 90' lang='lat' dir='ltr'>comitatus</span> <span class='ocrx_word' id='word_1_201' title='bbox 571 3280 810 3386; x_wconf 84' lang='lat' dir='ltr'>Tripolitani,</span> <span class='ocrx_word' id='word_1_202' title='bbox 828 3297 866 3356; x_wconf 88' lang='lat' dir='ltr'>et</span> <span class='ocrx_word' id='word_1_203' title='bbox 884 3308 970 3355; x_wconf 91' lang='lat' dir='ltr'>cum</span> <span class='ocrx_word' id='word_1_204' title='bbox 983 3279 1022 3354; x_wconf 90' lang='lat' dir='ltr'>in</span> <span class='ocrx_word' id='word_1_205' title='bbox 1037 3278 1109 3355; x_wconf 83' lang='lat' dir='ltr'>vita</span> <span class='ocrx_word' id='word_1_206' title='bbox 1124 3307 1190 3354; x_wconf 90' lang='lat' dir='ltr'>sua</span> <span class='ocrx_word' id='word_1_207' title='bbox 1209 3307 1287 3356; x_wconf 89' lang='lat' dir='ltr'>non</span> <span class='ocrx_word' id='word_1_208' title='bbox 1303 3280 1486 3385; x_wconf 89' lang='lat' dir='ltr'>potuisset</span> <span class='ocrx_word' id='word_1_209' title='bbox 1502 3280 1643 3357; x_wconf 88' lang='lat' dir='ltr'>habere</span> 
     </span>
     <span class='ocr_line' id='line_1_23' title="bbox 224 3409 1644 3515; baseline 0.003 -32"><span class='ocrx_word' id='word_1_210' title='bbox 224 3436 325 3496; x_wconf 85' lang='lat' dir='ltr'>eam,</span> <span class='ocrx_word' id='word_1_211' title='bbox 347 3409 478 3486; x_wconf 90' lang='lat' dir='ltr'>audito</span> <span class='ocrx_word' id='word_1_212' title='bbox 504 3409 607 3515; x_wconf 93' lang='lat' dir='ltr'>quod</span> <span class='ocrx_word' id='word_1_213' title='bbox 636 3424 715 3486; x_wconf 91' lang='lat' dir='ltr'>erat</span> <span class='ocrx_word' id='word_1_214' title='bbox 737 3427 903 3498; x_wconf 90' lang='lat' dir='ltr'>mortua,</span> <span class='ocrx_word' id='word_1_215' title='bbox 928 3409 1018 3486; x_wconf 87' lang='lat' dir='ltr'>lecit</span> <span class='ocrx_word' id='word_1_216' title='bbox 1036 3438 1119 3485; x_wconf 92' lang='lat' dir='ltr'>eam</span> <span class='ocrx_word' id='word_1_217' title='bbox 1139 3410 1351 3497; x_wconf 80' lang='lat' dir='ltr'>exhumari,</span> <span class='ocrx_word' id='word_1_218' title='bbox 1382 3428 1419 3486; x_wconf 86' lang='lat' dir='ltr'>et</span> <span class='ocrx_word' id='word_1_219' title='bbox 1439 3409 1644 3487; x_wconf 90' lang='lat' dir='ltr'>concubuit</span> 
     </span>
     <span class='ocr_line' id='line_1_24' title="bbox 224 3537 1643 3645; baseline 0.001 -31"><span class='ocrx_word' id='word_1_220' title='bbox 224 3566 309 3615; x_wconf 91' lang='lat' dir='ltr'>curn</span> <span class='ocrx_word' id='word_1_221' title='bbox 335 3538 486 3627; x_wconf 83' lang='lat' dir='ltr'>eadem,</span> <span class='ocrx_word' id='word_1_222' title='bbox 515 3556 553 3616; x_wconf 90' lang='lat' dir='ltr'>et</span> <span class='ocrx_word' id='word_1_223' title='bbox 574 3540 818 3643; x_wconf 88' lang='lat' dir='ltr'>postmodum</span> <span class='ocrx_word' id='word_1_224' title='bbox 842 3538 1045 3645; x_wconf 86' lang='lat' dir='ltr'>amputavit</span> <span class='ocrx_word' id='word_1_225' title='bbox 1064 3537 1139 3615; x_wconf 87' lang='lat' dir='ltr'>sibi</span> <span class='ocrx_word' id='word_1_226' title='bbox 1164 3539 1304 3644; x_wconf 89' lang='lat' dir='ltr'>capud,</span> <span class='ocrx_word' id='word_1_227' title='bbox 1331 3555 1368 3615; x_wconf 94' lang='lat' dir='ltr'>et</span> <span class='ocrx_word' id='word_1_228' title='bbox 1387 3567 1455 3616; x_wconf 86' lang='lat' dir='ltr'>vox</span> <span class='ocrx_word' id='word_1_229' title='bbox 1479 3540 1643 3645; x_wconf 93' lang='lat' dir='ltr'>quedam</span> 
     </span>
     <span class='ocr_line' id='line_1_25' title="bbox 223 3667 1644 3775; baseline 0.003 -33"><span class='ocrx_word' id='word_1_230' title='bbox 223 3668 390 3745; x_wconf 88' lang='lat' dir='ltr'>insonuit</span> <span class='ocrx_word' id='word_1_231' title='bbox 413 3668 519 3773; x_wconf 92' lang='lat' dir='ltr'>quod</span> <span class='ocrx_word' id='word_1_232' title='bbox 550 3669 761 3746; x_wconf 90' lang='lat' dir='ltr'>custodiret·</span> <span class='ocrx_word' id='word_1_233' title='bbox 783 3668 883 3745; x_wconf 89' lang='lat' dir='ltr'>bene</span> <span class='ocrx_word' id='word_1_234' title='bbox 910 3669 1054 3745; x_wconf 89' lang='lat' dir='ltr'>dictum</span> <span class='ocrx_word' id='word_1_235' title='bbox 1082 3667 1219 3773; x_wconf 87' lang='lat' dir='ltr'>capud,</span> <span class='ocrx_word' id='word_1_236' title='bbox 1251 3668 1340 3772; x_wconf 90' lang='lat' dir='ltr'>quia</span> <span class='ocrx_word' id='word_1_237' title='bbox 1368 3668 1558 3775; x_wconf 90' lang='lat' dir='ltr'>quidquid</span> <span class='ocrx_word' id='word_1_238' title='bbox 1585 3699 1644 3746; x_wconf 89' lang='lat' dir='ltr'>ca-</span> 
     </span>
     <span class='ocr_line' id='line_1_26' title="bbox 224 3797 1744 3903; baseline 0.002 -29"><span class='ocrx_word' id='word_1_239' title='bbox 224 3797 469 3902; x_wconf 70' lang='lat' dir='ltr'>pudssvideret</span> <span class='ocrx_word' id='word_1_240' title='bbox 491 3815 617 3875; x_wconf 91' lang='lat' dir='ltr'>totum</span> <span class='ocrx_word' id='word_1_241' title='bbox 642 3798 899 3874; x_wconf 87' lang='lat' dir='ltr'>destrueretur</span> <span class='ocrx_word' id='word_1_242' title='bbox 923 3814 961 3873; x_wconf 90' lang='lat' dir='ltr'>et</span> <span class='ocrx_word' id='word_1_243' title='bbox 984 3797 1238 3903; x_wconf 89' lang='lat' dir='ltr'>dissiparetur.</span> <span class='ocrx_word' id='word_1_244' title='bbox 1267 3797 1313 3872; x_wconf 93' lang='lat' dir='ltr'>Et</span> <span class='ocrx_word' id='word_1_245' title='bbox 1337 3816 1515 3903; x_wconf 87' lang='lat' dir='ltr'>cooperto</span> <span class='ocrx_word' id='word_1_246' title='bbox 1543 3800 1644 3876; x_wconf 85' lang='lat' dir='ltr'>dicto</span> <span class='ocrx_word' id='word_1_247' title='bbox 1739 3867 1744 3887; x_wconf 88' lang='grc'>,</span> 
     </span>
     <span class='ocr_line' id='line_1_27' title="bbox 224 3927 1644 4035; baseline 0.004 -33"><span class='ocrx_word' id='word_1_248' title='bbox 224 3928 341 4032; x_wconf 91' lang='lat' dir='ltr'>capite</span> <span class='ocrx_word' id='word_1_249' title='bbox 368 3945 410 4004; x_wconf 89' lang='lat' dir='ltr'>et.</span> <span class='ocrx_word' id='word_1_250' title='bbox 429 3927 594 4033; x_wconf 91' lang='lat' dir='ltr'>reposito</span> <span class='ocrx_word' id='word_1_251' title='bbox 619 3928 659 4005; x_wconf 91' lang='lat' dir='ltr'>in</span> <span class='ocrx_word' id='word_1_252' title='bbox 683 3928 851 4035; x_wconf 90' lang='lat' dir='ltr'>quodam</span> <span class='ocrx_word' id='word_1_253' title='bbox 878 3929 1035 4018; x_wconf 88' lang='lat' dir='ltr'>scrinio,</span> <span class='ocrx_word' id='word_1_254' title='bbox 1064 3928 1300 4005; x_wconf 87' lang='lat' dir='ltr'>cum-dictus</span> <span class='ocrx_word' id='word_1_255' title='bbox 1324 3928 1464 4005; x_wconf 91' lang='lat' dir='ltr'>nobilis</span> <span class='ocrx_word' id='word_1_256' title='bbox 1488 3929 1644 4007; x_wconf 86' lang='lat' dir='ltr'>baberet</span> 
     </span>
     <span class='ocr_line' id='line_1_28' title="bbox 224 4056 1643 4164; baseline 0.002 -32"><span class='ocrx_word' id='word_1_257' title='bbox 224 4057 314 4134; x_wconf 88' lang='lat' dir='ltr'>odio</span> <span class='ocrx_word' id='word_1_258' title='bbox 337 4056 528 4146; x_wconf 89' lang='lat' dir='ltr'>Grilones,</span> <span class='ocrx_word' id='word_1_259' title='bbox 555 4059 622 4164; x_wconf 89' lang='lat' dir='ltr'>qui</span> <span class='ocrx_word' id='word_1_260' title='bbox 648 4057 893 4136; x_wconf 84' lang='lat' dir='ltr'>morabantur</span> <span class='ocrx_word' id='word_1_261' title='bbox 916 4059 955 4133; x_wconf 95' lang='lat' dir='ltr'>in</span> <span class='ocrx_word' id='word_1_262' title='bbox 980 4075 1080 4135; x_wconf 87' lang='lat' dir='ltr'>terra</span> <span class='ocrx_word' id='word_1_263' title='bbox 1106 4057 1236 4164; x_wconf 89' lang='lat' dir='ltr'>Chipri</span> <span class='ocrx_word' id='word_1_264' title='bbox 1259 4073 1297 4133; x_wconf 89' lang='lat' dir='ltr'>ct</span> <span class='ocrx_word' id='word_1_265' title='bbox 1320 4056 1412 4135; x_wconf 89' lang='lat' dir='ltr'>locis</span> <span class='ocrx_word' id='word_1_266' title='bbox 1432 4059 1643 4164; x_wconf 90' lang='lat' dir='ltr'>circumpo-</span> 
     </span>
     <span class='ocr_line' id='line_1_29' title="bbox 223 4187 1643 4296; baseline 0.003 -35"><span class='ocrx_word' id='word_1_267' title='bbox 223 4187 313 4277; x_wconf 90' lang='lat' dir='ltr'>sitis,</span> <span class='ocrx_word' id='word_1_268' title='bbox 326 4229 328 4232; x_wconf 32' lang='lat' dir='ltr'>v</span> <span class='ocrx_word' id='word_1_269' title='bbox 341 4187 622 4294; x_wconf 88' lang='lat' dir='ltr'>discooperiens</span> <span class='ocrx_word' id='word_1_270' title='bbox 653 4189 796 4266; x_wconf 90' lang='lat' dir='ltr'>dictum</span> <span class='ocrx_word' id='word_1_271' title='bbox 831 4189 967 4296; x_wconf 90' lang='lat' dir='ltr'>capud,</span> <span class='ocrx_word' id='word_1_272' title='bbox 1003 4190 1173 4295; x_wconf 85' lang='lat' dir='ltr'>exposuit</span> <span class='ocrx_word' id='word_1_273' title='bbox 1202 4190 1325 4295; x_wconf 88' lang='lat' dir='ltr'>ipsum</span> <span class='ocrx_word' id='word_1_274' title='bbox 1365 4189 1574 4267; x_wconf 83' lang='lat' dir='ltr'>civitatibus</span> <span class='ocrx_word' id='word_1_275' title='bbox 1605 4207 1643 4267; x_wconf 87' lang='lat' dir='ltr'>et</span> 
     </span>
    </p>
   </div>
   <div class='ocr_carea' id='block_1_3' title="bbox 92 4318 1643 4426">
    <p class='ocr_par' dir='ltr' id='par_1_3' title="bbox 92 4318 1643 4426">
     <span class='ocr_line' id='line_1_30' title="bbox 92 4318 1643 4426; baseline 0.005 -35"><span class='ocrx_word' id='word_1_276' title='bbox 92 4393 95 4403; x_wconf 76' lang='grc'><strong>,</strong></span> <span class='ocrx_word' id='word_1_277' title='bbox 223 4318 349 4394; x_wconf 87' lang='lat' dir='ltr'>castris</span> <span class='ocrx_word' id='word_1_278' title='bbox 370 4319 558 4396; x_wconf 90' lang='lat' dir='ltr'>dictorum</span> <span class='ocrx_word' id='word_1_279' title='bbox 576 4318 794 4408; x_wconf 88' lang='lat' dir='ltr'>Grilonum,</span> <span class='ocrx_word' id='word_1_280' title='bbox 814 4337 852 4397; x_wconf 89' lang='lat' dir='ltr'>et</span> <span class='ocrx_word' id='word_1_281' title='bbox 873 4348 1005 4397; x_wconf 89' lang='lat' dir='ltr'>omnes</span> <span class='ocrx_word' id='word_1_282' title='bbox 1026 4319 1152 4397; x_wconf 89' lang='lat' dir='ltr'>subito</span> <span class='ocrx_word' id='word_1_283' title='bbox 1171 4337 1405 4398; x_wconf 87' lang='lat' dir='ltr'>corruerunt.</span> <span class='ocrx_word' id='word_1_284' title='bbox 1428 4323 1513 4414; x_wconf 88' lang='lat' dir='ltr'>Quo</span> <span class='ocrx_word' id='word_1_285' title='bbox 1531 4348 1643 4426; x_wconf 88' lang='lat' dir='ltr'>repo·</span> 
     </span>
    </p>
   </div>
   <div class='ocr_carea' id='block_1_4' title="bbox 221 4447 1644 4951">
    <p class='ocr_par' dir='ltr' id='par_1_4' title="bbox 221 4447 1644 4951">
     <span class='ocr_line' id='line_1_31' title="bbox 223 4447 1644 4558; baseline 0.004 -36"><span class='ocrx_word' id='word_1_286' title='bbox 223 4447 294 4524; x_wconf 91' lang='lat' dir='ltr'>sito</span> <span class='ocrx_word' id='word_1_287' title='bbox 314 4448 477 4526; x_wconf 87' lang='lat' dir='ltr'>indicto</span> <span class='ocrx_word' id='word_1_288' title='bbox 504 4449 642 4529; x_wconf 89' lang='lat' dir='ltr'>scrinio</span> <span class='ocrx_word' id='word_1_289' title='bbox 663 4450 823 4556; x_wconf 85' lang='lat' dir='ltr'>etprius</span> <span class='ocrx_word' id='word_1_290' title='bbox 848 4467 1043 4556; x_wconf 89' lang='lat' dir='ltr'>cooperto,</span> <span class='ocrx_word' id='word_1_291' title='bbox 1065 4478 1150 4527; x_wconf 91' lang='lat' dir='ltr'>cum</span> <span class='ocrx_word' id='word_1_292' title='bbox 1175 4478 1352 4555; x_wconf 87' lang='lat' dir='ltr'>processu</span> <span class='ocrx_word' id='word_1_293' title='bbox 1376 4452 1557 4556; x_wconf 88' lang='lat' dir='ltr'>temporis</span> <span class='ocrx_word' id='word_1_294' title='bbox 1576 4479 1644 4558; x_wconf 89' lang='lat' dir='ltr'>per</span> 
     </span>
     <span class='ocr_line' id='line_1_32' title="bbox 222 4580 1641 4687; baseline 0.005 -35"><span class='ocrx_word' id='word_1_295' title='bbox 222 4606 327 4656; x_wconf 89' lang='lat' dir='ltr'>mare</span> <span class='ocrx_word' id='word_1_296' title='bbox 355 4580 656 4686; x_wconf 85' lang='lat' dir='ltr'>proficisceretur</span> <span class='ocrx_word' id='word_1_297' title='bbox 683 4608 810 4659; x_wconf 87' lang='lat' dir='ltr'>versus</span> <span class='ocrx_word' id='word_1_298' title='bbox 840 4581 1207 4687; x_wconf 88' lang='lat' dir='ltr'>Constantinopolim</span> <span class='ocrx_word' id='word_1_299' title='bbox 1235 4598 1278 4658; x_wconf 91' lang='lat' dir='ltr'>nt</span> <span class='ocrx_word' id='word_1_300' title='bbox 1308 4582 1519 4659; x_wconf 86' lang='lat' dir='ltr'>destrueret</span> <span class='ocrx_word' id='word_1_301' title='bbox 1543 4611 1641 4673; x_wconf 92' lang='lat' dir='ltr'>eam,</span> 
     </span>
     <span class='ocr_line' id='line_1_33' title="bbox 223 4709 1643 4814; baseline 0.002 -29"><span class='ocrx_word' id='word_1_302' title='bbox 223 4709 387 4814; x_wconf 88' lang='lat' dir='ltr'>quedam</span> <span class='ocrx_word' id='word_1_303' title='bbox 415 4711 540 4807; x_wconf 86' lang='lat' dir='ltr'>vetula</span> <span class='ocrx_word' id='word_1_304' title='bbox 568 4712 692 4789; x_wconf 82' lang='lat' dir='ltr'>nutrix</span> <span class='ocrx_word' id='word_1_305' title='bbox 720 4711 811 4788; x_wconf 94' lang='lat' dir='ltr'>dicti</span> <span class='ocrx_word' id='word_1_306' title='bbox 828 4711 992 4803; x_wconf 83' lang='lat' dir='ltr'>nobilis,</span> <span class='ocrx_word' id='word_1_307' title='bbox 1021 4711 1120 4788; x_wconf 89' lang='lat' dir='ltr'>clave</span> <span class='ocrx_word' id='word_1_308' title='bbox 1147 4711 1238 4788; x_wconf 92' lang='lat' dir='ltr'>dicti</span> <span class='ocrx_word' id='word_1_309' title='bbox 1264 4712 1389 4788; x_wconf 85' lang='lat' dir='ltr'>scrinii</span> <span class='ocrx_word' id='word_1_310' title='bbox 1417 4712 1547 4789; x_wconf 90' lang='lat' dir='ltr'>lurtim</span> <span class='ocrx_word' id='word_1_311' title='bbox 1572 4712 1643 4790; x_wconf 90' lang='lat' dir='ltr'>sibi</span> 
     </span>
     <span class='ocr_line' id='line_1_34' title="bbox 221 4839 1643 4951; baseline 0.001 -35"><span class='ocrx_word' id='word_1_312' title='bbox 221 4839 414 4947; x_wconf 87' lang='lat' dir='ltr'>subrepta,</span> <span class='ocrx_word' id='word_1_313' title='bbox 440 4859 485 4920; x_wconf 89' lang='lat' dir='ltr'>ut</span> <span class='ocrx_word' id='word_1_314' title='bbox 509 4843 603 4921; x_wconf 87' lang='lat' dir='ltr'>scire</span> <span class='ocrx_word' id='word_1_315' title='bbox 627 4861 754 4949; x_wconf 88' lang='lat' dir='ltr'>posset</span> <span class='ocrx_word' id='word_1_316' title='bbox 774 4843 868 4951; x_wconf 90' lang='lat' dir='ltr'>quid</span> <span class='ocrx_word' id='word_1_317' title='bbox 894 4843 935 4919; x_wconf 96' lang='lat' dir='ltr'>in</span> <span class='ocrx_word' id='word_1_318' title='bbox 959 4843 1041 4950; x_wconf 89' lang='lat' dir='ltr'>ipso</span> <span class='ocrx_word' id='word_1_319' title='bbox 1065 4843 1202 4920; x_wconf 88' lang='lat' dir='ltr'>scrinio</span> <span class='ocrx_word' id='word_1_320' title='bbox 1225 4843 1332 4948; x_wconf 90' lang='lat' dir='ltr'>quod</span> <span class='ocrx_word' id='word_1_321' title='bbox 1358 4843 1481 4920; x_wconf 91' lang='lat' dir='ltr'>dictus</span> <span class='ocrx_word' id='word_1_322' title='bbox 1504 4843 1643 4920; x_wconf 90' lang='lat' dir='ltr'>nobilis</span> 
     </span>
    </p>
   </div>
   <div class='ocr_carea' id='block_1_5' title="bbox 0 0 2124 5940">
    <p class='ocr_par' dir='ltr' id='par_1_5' title="bbox 0 0 2124 5940">
     <span class='ocr_line' id='line_1_35' title="bbox 0 0 2124 5940; baseline 0 0"><span class='ocrx_word' id='word_1_323' title='bbox 0 0 2124 5940; x_wconf 95' lang='lat' dir='ltr'> </span> 
     </span>
    </p>
   </div>
  </div>
 </body>
</html>
