4236 5948
341 514 398 586 ss
727 491 921 584 raeces
948 510 1043 582 urs
1070 508 1370 582 rrururuns.

340 679 446 755 aqua.
468 649 614 731 Fratres
635 648 778 727 ordinis
799 651 956 754 scientes
980 675 1125 726 errores
1148 646 1303 725 fuerunt
1323 646 1555 755 negligentes
1574 646 1662 752 quia
1682 674 1761 724 nou

341 797 581 864 correxerunt
601 806 666 856 eos
686 809 755 858 uec
774 781 1094 858 denunciaverunt
1117 778 1292 856 Ecclesie.
1320 777 1554 856 Elemosinas
1576 795 1614 852 et
1634 777 1764 884 hospi-

339 910 523 988 talitatem
540 909 589 986 in.
602 910 779 989 domibus
791 910 935 988 ordinis
951 911 988 987 in
1004 907 1142 1017 quibus
1156 908 1295 986 exstitit
1309 894 1561 986 commoratus
1574 905 1668 984 vidit
1681 934 1766 987 cou-

342 1043 533 1119 venienter
553 1040 634 1116 fieri
660 1059 697 1118 et
721 1044 867 1119 servari.
894 1039 1046 1118 Audiuit
1067 1037 1143 1116 dici
1168 1038 1293 1147 quod,
1317 1040 1445 1148 januis
1469 1036 1626 1129 clausis,
1649 1035 1769 1116 nullis

342 1168 578 1278 presentibus
607 1173 678 1248 nisi
703 1171 880 1250 iratribus
905 1172 1064 1261 ordinis,
1094 1198 1227 1248 eorum
1255 1171 1431 1277 capitulia
1456 1168 1695 1261 tenebantur,
1712 1188 1766 1247 et

342 1302 460 1381 credit
479 1302 583 1417 quod
604 1303 774 1380 ordinata
792 1331 860 1409 per
879 1302 1099 1412 Magistrum
1114 1323 1202 1379 cum
1222 1319 1426 1389 conventu,
1448 1304 1478 1379 si
1494 1300 1766 1386 fuisseutboua

343 1452 380 1510 et
398 1432 512 1521 licita,
533 1432 692 1524 luissent
711 1452 852 1511 ser-vata
868 1435 907 1510 in
923 1434 1074 1523 ordine,
1097 1448 1226 1512 contra
1245 1462 1360 1540 quem
1376 1462 1477 1510 nunc
1495 1432 1650 1541 grandia
1662 1460 1768 1510 scan-

343 1563 440 1653 dala,
461 1564 625 1670 suspicio
642 1582 681 1642 et
695 1563 846 1642 infamia
868 1583 956 1642 sunt
973 1573 1117 1653 exorta3
1139 1562 1245 1671 cujus
1261 1561 1439 1644 fratribus
1455 1579 1543 1640 nota
1564 1579 1671 1640 erant
1684 1590 1768 1642 oon·

343 1693 475 1771 sessata
494 1721 561 1799 per
580 1723 688 1783 eum,
711 1712 754 1771 ut
774 1695 905 1773 credit.
926 1693 1080 1778 Audivit
1098 1693 1172 1770 dici
1192 1722 1371 1803 magnum
1387 1692 1606 1801 Magistrum
1623 1674 1767 1771 etalios

344 1824 488 1930 aliquos
513 1824 701 1904 confessos
721 1819 836 1907 luisse
857 1842 984 1903 contra
1011 1824 1205 1912 ordinem,
1233 1825 1282 1901 ad
1306 1825 1414 1935 cujus
1435 1823 1707 1903 deffensionem
1727 1850 1766 1900 se

343 1982 419 2030 non
441 1954 640 2041 obtulerat.
662 1958 736 2033 Nec
756 1956 808 2032 sic
834 1957 1060 2063 deposuerat
1077 1983 1204 2062 prece,
1231 1952 1424 2060 precepto,
1446 1955 1597 2042 timore,
1620 1980 1764 2039 amore,

265 2148 276 2167 .
345 2085 434 2161 odio
463 2087 520 2161 vel
548 2088 710 2163 comodo
735 2085 933 2194 temporali
961 2085 1091 2162 habito
1117 2084 1175 2163 vel
1202 2085 1397 2171 habendo,
1429 2084 1496 2161 sed
1520 2112 1588 2190 pro
1613 2084 1775 2161 veritate,

346 2216 521 2313 dicenda,
543 2234 587 2293 ut
606 2200 716 2311 dixit,
737 2217 796 2294 cui
817 2214 889 2293 fuit
910 2218 1121 2324 injunctum
1136 2217 1242 2322 quod
1257 2242 1334 2292 uon
1349 2213 1532 2295 revelaret
1550 2215 1768 2323 hanesuam

346 2346 642 2451 depositionem,
664 2373 864 2453 quousque
883 2346 1144 2424 attestaciones
1163 2343 1305 2422 fuerint
1328 2344 1530 2450 publicate.

402 2608 530 2691 Frater
544 2606 732 2694 Robertus
748 2610 795 2702 de
811 2608 1025 2688 Correnflos
1038 2605 1237 2713 presbiter,
1255 2624 1405 2684 curatus
1421 2607 1576 2685 ecclesie
1593 2607 1641 2684 de
1655 2605 1768 2692 Bralli

345 2736 605 2815 Ambianensis
624 2736 800 2835 diocesis,
821 2738 927 2815 testis
947 2765 1058 2843 supra
1074 2737 1239 2845 juratus,
1261 2737 1369 2814 etatis
1386 2765 1496 2815 xxxvi
1511 2735 1769 2815 annorumvel

346 2868 456 2952 circa,
478 2893 554 2942 nou
576 2866 763 2946 defferens
779 2867 1004 2949 mantellum
1022 2867 1183 2958 ordinis,
1205 2869 1293 2975 quia
1314 2866 1438 2974 ipsum
1459 2868 1652 2945 dimiserat
1670 2883 1771 2944 vetu-

345 3012 438 3072 state
449 3012 733 3101 consumptum,
752 2997 948 3074 absolutus
967 3014 1005 3073 et
1016 2996 1278 3089 reconciliatus
1296 3025 1364 3102 per
1379 2997 1578 3076 domiuum
1591 2998 1772 3104 archiepi-

347 3154 503 3234 scopum
513 3128 755 3214 Remeusem,
772 3155 860 3204 cum
874 3154 950 3232 quo
963 3126 1206 3232 inquisiverat
1220 3127 1259 3203 in
1276 3126 1435 3204 concilio
1452 3128 1645 3219 Remensi,
1665 3127 1772 3206 lectis

347 3273 386 3331 et
394 3255 591 3362 diligenter
603 3256 779 3362 expositis
792 3257 863 3343 sibi
875 3255 1053 3333 omnibus
1062 3273 1100 3333 et
1110 3256 1452 3366 singulisarticulis,
1465 3254 1781 3367 responditquod.

348 3412 425 3461 nou
444 3385 587 3461 viderat
612 3386 787 3492 recipipin
809 3387 942 3465 ordine
963 3386 1035 3463 nisi
1062 3384 1445 3472 fratremFulcouem
1466 3387 1514 3464 de
1538 3387 1677 3495 Nuylhi
1696 3379 1773 3465 ser-

347 3515 527 3606 vientem,
555 3532 692 3593 testem
720 3545 831 3623 supra
863 3516 1137 3606 examinatum,
1169 3534 1363 3622 receptum
1394 3517 1433 3593 in
1466 3517 1774 3624 capelladomus

348 3644 497 3751 Templi
515 3646 563 3743 de
583 3645 759 3752 Beiram,
785 3674 854 3752 per
873 3643 1026 3723 fratrem
1044 3644 1255 3723 Robertum
1276 3646 1323 3723 de
1345 3646 1480 3724 Sancto
1500 3649 1607 3725 Justo
1626 3645 1775 3753 presbi-

349 3793 490 3862 terum,
512 3777 706 3882 quondam
718 3776 1092 3883 preceptoremdicte
1110 3776 1264 3869 domus,
1285 3804 1386 3861 anno
1401 3776 1466 3854 illo
1483 3806 1559 3884 quo
1574 3778 1654 3884 ipse
1668 3779 1775 3856 testis

349 3903 422 4015 fuit
435 3922 626 4012 receptus,
647 3905 886 4012 presentibus
905 3905 1082 3991 fratribus
1097 3906 1259 4014 Rogerio
1275 3908 1469 4013 quondam
1486 3907 1534 3984 de
1550 3907 1772 3997 Marselhes,

349 4034 524 4142 Philippo
546 4035 593 4112 de
620 4036 853 4124 Laverciues,
878 4052 972 4113 teste
993 4064 1104 4142 supra
1126 4037 1252 4145 jurato
1278 4037 1451 4119 nondum
1478 4038 1705 4125 examinato,
1734 4039 1775 4115 in

351 4164 459 4271 cujus
477 4166 696 4273 recepcione
711 4164 769 4262 ,vel
784 4182 870 4271 post
887 4165 1005 4242 nichil
1024 4166 1118 4243 vidit
1137 4193 1207 4259 uec
1227 4166 1340 4244 scivit·
1353 4163 1435 4250 fieri
1456 4166 1648 4256 illicitum,
1670 4167 1776 4246 unde

350 4294 540 4375 nesciebat
553 4322 623 4372 nec
642 4296 834 4373 audiverat
849 4295 922 4374 dici
945 4294 992 4372 de
1011 4296 1197 4374 contentis
1218 4297 1256 4373 iu
1276 4296 1385 4380 dictis
1400 4296 1567 4374 articulis
1582 4297 1654 4374 nisi
1669 4298 1776 4404 quod

338 4425 533 4530 sequitur.
549 4425 657 4531 Dixit
670 4427 772 4503 enim
792 4452 831 4502 se
849 4423 963 4504 fuisse
982 4443 1178 4532 receptum
1193 4455 1213 4502 a
1231 4427 1332 4504 dicto
1348 4425 1460 4510 fratre
1474 4425 1657 4514 Roberto,
1680 4427 1777 4506 circa

352 4550 491 4630 festum
507 4553 609 4632 beati
630 4555 781 4656 Martini
802 4553 975 4642 hiemalis
994 4556 1166 4660 proximo
1186 4556 1407 4662 preteritum
1429 4554 1584 4634 fuerunt
1603 4582 1668 4637 vm
1688 4559 1776 4635 anni

355 4680 411 4758 vel
429 4683 540 4771 circa,
558 4684 602 4767 iu
616 4685 757 4797 capella
773 4686 909 4763 domus
922 4685 1071 4793 Templi
1094 4685 1140 4763 de
1156 4684 1336 4763 Morlenis
1352 4686 1584 4767 Belvaceusis
1599 4687 1774 4779 diocesis,

355 4810 592 4916 presentibus
611 4814 711 4894 dicto
731 4812 841 4892 fratre
861 4815 1052 4922 Philippo,
1072 4831 1114 4892 et
1124 4813 1304 4892 fratribus
1317 4818 1428 4894 Petro
1444 4817 1491 4894 de
1504 4819 1617 4923 Laya,
1633 4835 1672 4896 et
1688 4817 1778 4899 Cle.
