4236 5948
354 525 420 594 152
739 506 930 596 rnocns
959 522 1051 595 ons
1078 519 1375 594 ‘rnnrxnrns

345 667 446 769 ginta
462 664 633 770 quinque
650 693 834 741 annornm
852 665 909 740 vel
927 665 1039 754 circa,
1062 663 1282 740 mantellum
1304 664 1448 741 ordinis
1464 679 1501 738 et
1515 662 1670 739 barbam
1690 662 1770 741 def-

346 793 480 883 ferens,
495 796 674 873 nondum·
683 796 876 873 absolutus
893 824 960 871 nec
971 793 1231 872 reconciliatus
1242 824 1309 901 per
1319 794 1496 900 aliquem.
1511 794 1632 870 Lectis
1642 812 1769 873 autem

348 941 382 998 et
406 924 605 1031 diligenter
620 925 690 1001 sibi
708 927 882 1032 expositis
897 925 1073 1002 omnibns
1089 942 1126 1001 et
1141 925 1298 1033 singulis
1313 924 1494 1016 articulis,
1517 925 1712 1030 respondit
1731 954 1770 1004 se

347 1055 505 1141 nescire,
528 1084 597 1130 nec
617 1056 782 1144 credere,
806 1085 874 1131 nec
895 1056 1078 1131 audivisse
1100 1055 1172 1131 dici
1191 1056 1238 1132 de
1255 1054 1440 1132 contentis
1455 1055 1493 1130 in
1511 1055 1564 1131 eis
1580 1055 1650 1130 nisi
1665 1057 1770 1163 qnod

347 1188 526 1292 sequitur.
557 1190 638 1295 lpse
666 1189 822 1294 quidem
848 1187 918 1264 luit
945 1204 1117 1292 receptus
1144 1186 1182 1260 in
1211 1186 1350 1292 capella
1377 1185 1514 1261 domus
1542 1185 1693 1292 Templi
1722 1186 1771 1264 de

346 1319 446 1393 Bella
467 1319 682 1397 Chassanha
703 1319 979 1396 Lemovicensis
1004 1317 1179 1408 diocesis,
1201 1345 1270 1423 per
1296 1316 1448 1393 fratrem
1466 1317 1699 1393 Franconem
1722 1318 1770 1396 de

345 1450 436 1524 Bort
456 1449 615 1526 militem
636 1451 849 1556 qnondam,
872 1449 1100 1526 avunculum
1120 1449 1238 1555 ipsius
1257 1449 1380 1534 testis,
1403 1447 1443 1522 in
1463 1446 1628 1523 secunda
1643 1448 1772 1525 Domi·

346 1580 426 1654 nica
440 1581 753 1687 Quadragessime
769 1609 890 1687 nuper
905 1581 1005 1687 lapsa
1020 1580 1174 1656 luerunt
1189 1605 1283 1679 xxxv
1299 1578 1385 1654 anni
1401 1578 1458 1653 vel
1474 1578 1580 1666 circa,
1594 1581 1772 1684 presenti·

346 1710 416 1785 bns
438 1708 614 1787 iratribus
629 1713 789 1817 Rogerio
810 1712 858 1788 de
878 1714 985 1803 Bort,
1006 1727 1111 1817 patre
1128 1709 1246 1816 ipsius
1259 1709 1382 1797 testis,
1400 1708 1538 1798 milite,
1561 1708 1769 1789 Gnillelmo

346 1841 392 1916 de
415 1842 543 1932 Arsac,
564 1842 736 1920 Dionisio
760 1842 807 1919 de
824 1842 963 1920 Castris
984 1855 1022 1917 et
1040 1843 1185 1918 Boneto
1207 1841 1254 1917 de
1274 1843 1381 1946 Rupe
1407 1837 1671 1928 servientibus,
1695 1840 1771 1917 del-

345 1969 496 2061 lnnetis,
514 1973 553 2046 in
574 1973 676 2048 hunc
696 1973 854 2050 modum
872 2005 880 2047 :
898 2001 985 2047 nam
1006 2000 1091 2048 cnm
1112 1971 1287 2077 peciisset
1306 1998 1346 2045 se
1366 1968 1513 2045 admitti
1534 1971 1582 2046 ad
1601 1969 1772 2047 lratemi·

345 2119 459 2177 tatem
476 2103 629 2196 ordinis,
649 2104 771 2181 dictus
787 2122 967 2210 receptor,
989 2102 1150 2209 prescito
1170 2131 1238 2208 per
1252 2102 1510 2209 juramentum
1531 2101 1578 2178 ab
1599 2130 1643 2180 eo
1664 2102 1770 2208 quod

346 2260 422 2308 non
444 2251 521 2310 erat
541 2234 711 2340 religioni
732 2234 839 2312 alteri
854 2234 911 2310 vel
928 2234 1169 2310 matrimonio
1190 2232 1393 2339 obligatus,
1417 2261 1492 2310 non
1514 2235 1771 2310 excommuni-

345 2379 465 2450 catus,
489 2381 525 2439 et
544 2365 650 2469 quod
670 2393 746 2442 non
767 2365 929 2442 habebat
943 2362 1200 2440 infirmitatem
1216 2363 1412 2450 latentem,
1430 2363 1518 2440 lecit
1533 2392 1620 2439 eum
1636 2392 1768 2442 vovere

345 2510 382 2567 et
402 2494 531 2598 jurare
558 2494 782 2582 castitatem,
813 2494 1093 2579 obedienciam,
1121 2493 1242 2570 vivere
1269 2493 1350 2570 sine
1371 2494 1545 2600 proprio,
1568 2512 1603 2570 et
1623 2500 1768 2571 servare

343 2624 465 2700 bonos
493 2653 583 2701 usus
609 2642 647 2702 et
671 2625 790 2704 bonas
817 2625 1203 2731 consuetudinesque
1223 2641 1314 2700 tunc
1334 2641 1439 2700 erant
1459 2642 1496 2700 et
1516 2624 1555 2700 in
1575 2640 1769 2731 posterum

344 2755 630 2860 imponerentur
649 2757 689 2833 in
709 2758 861 2848 ordine,
885 2774 922 2833 et
942 2785 1084 2833 servare
1104 2755 1205 2832 bona
1226 2773 1262 2832 et
1290 2755 1512 2833 elemosinas
1539 2755 1700 2843 ordinis,
1731 2775 1769 2833 et

342 2885 448 2990 qnod
467 2914 537 2990 pro
557 2914 666 2991 posse
691 2915 760 2995 suo
782 2888 929 2994 juvaret
949 2888 997 2963 ad
1018 2886 1289 2993 acquirendum
1318 2915 1477 2994 regnum
1503 2885 1765 2963 lherosolime.

344 3015 430 3106 Quo
452 3014 547 3093 lacto
566 3016 746 3122 imposuit
765 3017 836 3092 sibi
855 3016 1100 3103 mantellum,
1123 3033 1161 3090 et
1178 3016 1257 3121 ipse
1274 3033 1310 3091 et
1325 3031 1486 3092 astantes
1504 3014 1660 3092 luerunt
1678 3043 1767 3094 eum

347 3145 500 3223 osculati
526 3146 565 3221 in
599 3175 681 3236 ore,
713 3164 750 3222 et
780 3147 956 3222 instruxit
977 3175 1064 3222 eum
1088 3147 1135 3223 de
1155 3145 1362 3252 aliquibns3
1390 3163 1428 3222 et
1448 3146 1495 3221 de
1515 3144 1689 3252 pluribus
1709 3148 1768 3224 in-

344 3277 537 3352 struxisset
553 3304 659 3364 eum,
676 3292 719 3354 ut
744 3276 893 3353 dicebat
916 3278 1018 3355 idem
1043 3293 1227 3382 receptor,
1250 3278 1315 3353 sed
1337 3293 1491 3384 propter
1509 3277 1768 3355 vicecomitem

345 3404 391 3478 de
412 3404 671 3482 Venthedorio
692 3424 730 3483 et
749 3406 890 3484 multos
913 3407 1005 3485 alios
1031 3406 1178 3485 nobiles
1202 3408 1249 3483 de
1270 3406 1360 3484 loris
1381 3424 1615 3513 expectantes
1635 3435 1769 3514 super-

344 3534 451 3610 sedit.
479 3536 649 3643 Precepit
665 3554 793 3614 tamen
815 3539 849 3613 ei
869 3539 975 3644 quod
996 3566 1108 3644 super
1134 3538 1335 3644 quamdam
1362 3567 1510 3614 crucem
1532 3536 1767 3616 metallinam

345 3664 381 3738 in
403 3694 475 3770 qua
503 3683 581 3742 erat
599 3695 732 3774 ymago
750 3669 944 3756 crucifixi,
967 3668 1116 3744 allatam
1137 3668 1191 3745 ibi
1212 3669 1329 3746 nescit
1349 3696 1569 3775 perquem,
1592 3687 1766 3774 spueret3

345 3812 381 3869 et
397 3824 484 3870 cum
496 3796 618 3873 dictus
625 3798 731 3876 testis
746 3815 915 3907 stuperet
930 3799 977 3876 de
992 3800 1073 3890 hoc,
1085 3800 1209 3877 dictus
1221 3815 1394 3906 receptor
1409 3799 1503 3875 dixit
1518 3800 1571 3874 ei:
1587 3836 1598 3866 ι
1612 3799 1770 3878 Faciatis

345 3923 531 4014 audacter,
553 3927 641 4033 quia
661 3929 780 4007 nichil
802 3931 848 4006 de
865 3931 973 4034 (hoc)
996 3946 1155 4016 constat,
1173 3968 1184 3998 ι
1200 3930 1328 4007 dicens
1348 3929 1532 4008 submissa
1552 3956 1641 4007 voce
1661 3929 1768 4035 quod

343 4076 494 4163 spueret
507 4058 613 4165 juxta
633 4089 799 4150 crucem,
823 4078 859 4138 et
879 4078 969 4137 tunc
990 4061 1114 4137 dictus
1132 4060 1240 4137 testis
1259 4060 1360 4167 spuit
1375 4088 1452 4137 non
1469 4087 1580 4166 supra
1597 4087 1767 4148 crucem,

343 4187 409 4263 sed
430 4218 449 4264 a
472 4189 588 4267 latere
613 4190 662 4266 ad
687 4207 837 4266 terram.
867 4191 1085 4297 Requisitus
1109 4192 1140 4266 si
1165 4191 1236 4267 alia
1261 4191 1458 4270 inhonesta
1483 4191 1769 4268 intervenerunt

342 4317 380 4392 in
403 4319 501 4395 dieta
521 4349 588 4397 sua
610 4320 830 4426 recepcione
844 4319 904 4397 vel
923 4339 1026 4427 post,
1048 4320 1244 4427 respondit
1263 4323 1367 4428 quod
1388 4350 1477 4399 non.
1500 4320 1718 4427 Requisitus
1735 4321 1766 4398 si

342 4449 460 4525 eredit
486 4450 590 4556 quod
616 4450 713 4526 dicta
737 4450 882 4556 spuicio
906 4450 1111 4529 confessata
1129 4477 1199 4557 per
1216 4478 1305 4528 eum
1324 4450 1382 4528 vel
1404 4451 1473 4527 alia
1495 4452 1694 4528 inhonesta
1714 4450 1770 4527 in·

341 4595 581 4656 tervenerunt
603 4581 642 4656 in
666 4581 952 4688 recepcionibus
970 4580 1130 4659 aliorum
1152 4581 1209 4658 vel
1235 4599 1337 4689 post,
1359 4581 1555 4688 respondit
1580 4609 1620 4659 se
1648 4581 1767 4660 nichil

342 4707 451 4796 scire,
472 4709 561 4816 quia
586 4738 781 4817 nunquam
805 4712 918 4800 vidit,
944 4712 1011 4788 sed
1036 4712 1155 4790 credit
1176 4713 1281 4819 quod
1302 4713 1445 4817 spnicio
1471 4711 1677 4790 confessata
1697 4740 1769 4820 per

343 4868 430 4914 eum
459 4841 714 4948 preciperetur
738 4843 803 4919 eis.
834 4843 1049 4947 Reqnisitns
1075 4845 1102 4918 si
1130 4844 1273 4920 viderat
1298 4843 1445 4949 aliquos
1470 4843 1563 4919 alios
1589 4843 1704 4950 recipi
1725 4844 1765 4922 in
