4236 5948
341 537 388 608 ss
729 512 924 604 proces
952 532 1044 603 ons
1070 529 1374 602 rnnrnmas

342 675 435 750 dens
455 673 560 779 quod
578 670 638 747 alii
659 670 857 776 presbiteri
877 671 1020 748 ordinis
1042 671 1177 748 eodem
1198 668 1314 745 modo
1333 666 1585 752 celebrarent,
1608 694 1676 743 nec
1696 666 1766 743 luit

342 804 412 882 sibi
439 786 655 881 inhibitum
671 830 741 877 nec
766 801 908 877 audivit
931 801 1012 878 aliis
1034 798 1199 877 inhiberi
1227 800 1333 904 quod
1359 826 1435 874 non
1463 797 1631 873 dicerent
1654 798 1766 876 verba

342 934 506 1011 canonis.
525 932 659 1011 Statim
679 961 748 1038 pro
766 931 941 1037 professis
957 931 1206 1009 habebantur.
1220 929 1462 1007 Clandestine
1474 927 1765 1035 recipiebantur,

343 1094 386 1141 ex
405 1094 480 1170 quo
498 1065 618 1140 credit
633 1064 738 1169 quod
757 1080 853 1139 esset
868 1063 1030 1168 suspicio
1044 1078 1178 1138 contra.
1189 1035 1264 1137 eos.
1282 1059 1459 1138 Cordulis
1476 1059 1578 1135 unde
1592 1058 1769 1137 volebant

343 1194 539 1300 assumptis
555 1192 800 1300 cingebantur
819 1221 931 1297 supra
948 1191 1116 1268 camisias
1136 1221 1223 1268 cum
1239 1190 1380 1297 quibus
1390 1188 1577 1295 jacebant.
1600 1190 1769 1298 injunge

341 1325 454 1400 batur
470 1326 523 1399 eis
542 1324 646 1430 quod
666 1347 744 1399 non
763 1322 971 1398 revelarent
991 1338 1134 1399 secreta
1154 1319 1422 1427 capitulorum,
1446 1320 1495 1394 de
1512 1319 1628 1396 modo
1646 1347 1769 1425 recep

341 1455 460 1531 cionis
480 1452 627 1560 speciali
649 1481 726 1529 non
747 1452 874 1529 habita
893 1453 1105 1529 mancione.
1128 1452 1333 1529 Dicebatur
1357 1447 1411 1526 eis
1431 1449 1537 1556 quod
1557 1449 1768 1527 sacerdotes

342 1584 486 1662 ordinis
504 1582 695 1660 habebant
713 1612 827 1688 super
848 1612 912 1660 eos
927 1583 1109 1690 majorem
1126 1599 1346 1688 potestatem
1371 1609 1485 1686 quarn
1501 1579 1579 1666 alii,
1608 1597 1644 1655 et
1665 1582 1766 1687 quod

343 1716 431 1790 ideo
447 1714 637 1791 debebant
653 1712 706 1790 eis
727 1713 916 1804 confiteri3
939 1732 977 1790 et
990 1713 1067 1820 ipse
1085 1713 1191 1790 testis
1207 1712 1278 1789 suit
1292 1711 1476 1818 receptori
1493 1738 1561 1786 suo
1578 1709 1768 1788 confessus

344 1845 390 1921 de
402 1845 540 1920 illicitis
550 1871 625 1952 que
637 1845 914 1923 intervenerant
926 1846 964 1919 in
979 1846 1151 1922 dictasua
1163 1844 1399 1950 recepcione,
1413 1842 1476 1949 qui
1489 1841 1647 1919 absolvit
1660 1871 1765 1929 eum,

343 1974 516 2081 imposita
536 1975 607 2051 sibi
626 1973 840 2080 penitencia
857 1976 964 2080 quod
982 2003 1059 2051 non
1076 1973 1273 2051 interesset
1288 1973 1465 2078 deinceps
1485 1974 1523 2047 in
1540 1971 1624 2048 loco
1640 1972 1678 2046 in
1693 2001 1768 2078 quo

342 2105 431 2182 talia
451 2106 603 2194 fierent;
622 2121 659 2179 et
679 2103 771 2180 dixit
787 2106 820 2181 ei
837 2106 957 2212 quod,
980 2135 1024 2181 ex
1039 2133 1115 2211 quo
1131 2104 1297 2212 predicta
1315 2103 1452 2180 lecerat
1469 2130 1534 2179 ore
1546 2130 1621 2178 nou
1638 2103 1766 2189 corde,

342 2264 420 2312 non
441 2236 606 2311 multum
626 2253 852 2340 peccaverat.
878 2237 1025 2310 Fratres
1044 2235 1202 2311 scientes
1223 2262 1368 2310 errores
1389 2232 1509 2309 dictos
1529 2232 1684 2308 luerunt
1704 2259 1770 2307 ne-

343 2366 528 2472 gligentes
557 2364 644 2471 quia
672 2393 749 2441 non
776 2381 1017 2442 correxerunt
1047 2393 1111 2442 eos
1141 2393 1209 2441 nec
1240 2363 1562 2441 denunciaverunt
1590 2360 1766 2438 Ecclesia.

342 2494 577 2574 Elemosinas
602 2511 639 2571 et
666 2495 957 2602 hospitalitatem
986 2494 1079 2572 vidit
1108 2493 1373 2572 convenienter
1401 2494 1481 2570 fieri
1514 2510 1552 2570 ct
1578 2493 1712 2570 servari
1730 2493 1768 2567 in

344 2625 521 2703 domibus
537 2628 681 2704 ordinis
696 2627 735 2703 in
751 2626 891 2732 quibus
910 2626 1049 2702 exstitit
1063 2643 1332 2712 commoratus,
1354 2643 1392 2701 et
1410 2624 1482 2701 luit
1498 2626 1531 2700 ei
1549 2640 1768 2732 preceptum

343 2782 410 2860 per
424 2776 657 2863 receptorem
670 2757 776 2864 quod
791 2756 920 2834 debite
934 2757 1143 2864 acquireret
1158 2756 1282 2835 ordini
1297 2755 1439 2862 absque
1453 2756 1606 2832 alterius
1619 2754 1766 2861 injuria.

342 2885 493 2963 Audiuit
521 2887 593 2964 dici
620 2889 724 2994 quod
749 2887 844 2964 clam
871 2915 1003 2964 eorum
1024 2887 1199 2993 capitulia
1218 2889 1457 2974 tenebantur,
1486 2885 1599 2963 nullis
1618 2913 1771 2991 presen-

343 3015 445 3094 tibus
463 3017 534 3093 nisi
549 3016 727 3096 fratribus
747 3017 904 3094 ordinis.
927 3017 1044 3093 Licita
1060 3035 1098 3094 et
1111 3019 1268 3096 honesta
1284 3019 1454 3095 ordinata
1466 3044 1534 3124 per
1549 3017 1768 3123 Magistrum

342 3176 428 3222 cum
458 3165 645 3224 conventu
675 3147 835 3224 fuissent
861 3166 1001 3224 servata
1029 3149 1066 3223 in
1095 3167 1177 3225 toto
1207 3148 1357 3239 ordine,
1380 3165 1508 3226 contra
1531 3176 1647 3254 quern
1667 3176 1770 3225 nunc

343 3275 498 3383 grandia
519 3276 707 3364 scandala,
730 3276 894 3382 suspicio
915 3295 953 3354 et
972 3277 1122 3355 infamia
1144 3296 1231 3355 sunt
1249 3296 1386 3355 exorta.
1405 3279 1537 3357 Credit
1556 3280 1662 3387 quod
1681 3306 1767 3356 con-
1806 3314 1810 3318 ·

344 3406 475 3482 lassata
496 3435 564 3511 per
582 3436 669 3483 eum
692 3426 815 3484 essent
834 3425 922 3485 uota
941 3408 1120 3486 [ratribus
1143 3410 1302 3500 ordinis,
1330 3428 1368 3487 et
1388 3412 1492 3517 quod
1513 3439 1670 3518 magnus
1691 3412 1769 3486 Ma-

343 3537 460 3643 gister
489 3554 526 3613 et
557 3538 617 3613 alii
642 3537 801 3616 confessi
830 3538 972 3615 luerint
999 3539 1061 3616 illa
1088 3568 1161 3647 que
1190 3541 1315 3618 littere
1343 3542 1545 3648 apostolice
1577 3542 1769 3618 continent

344 3695 408 3743 eos
425 3666 614 3746 confessos
629 3667 744 3746 luisse
764 3688 891 3747 contra
910 3671 1103 3760 ordinem,
1123 3672 1170 3747 ad
1187 3671 1294 3781 cujus
1310 3672 1582 3750 deffensionem
1601 3701 1657 3760 sc,
1677 3690 1771 3748 tam-

343 3827 457 3902 quam
474 3799 599 3876 latuus
618 3817 656 3876 et
672 3800 849 3907 simplex,
870 3831 945 3878 una
963 3832 1048 3880 cum
1068 3803 1149 3879 aliis
1167 3803 1371 3894 obtulerat,
1393 3803 1488 3881 sicut
1503 3803 1607 3880 dixit.

400 3930 616 4034 Requisitus
632 3932 662 4007 si
676 3932 729 4008 sic
739 3932 965 4038 deposuerat
979 3963 1106 4040 prece,
1124 3953 1318 4041 precepto,
1335 3934 1486 4025 timore,
1503 3962 1648 4026 amore,
1666 3934 1768 4023 odic,

343 4057 399 4133 vel
415 4061 616 4166 temporali
637 4063 800 4140 comodo
821 4064 950 4140 habito
966 4065 1022 4141 vel
1042 4066 1234 4153 habendo,
1248 4067 1453 4173 respondit
1471 4068 1575 4173 quod
1592 4096 1685 4153 non,
1703 4067 1771 4143 sed

343 4220 412 4295 pro
437 4193 590 4270 veritate
617 4195 794 4285 dicenda,
816 4195 876 4272 cui
903 4193 976 4272 suit
996 4196 1205 4303 injunctum
1235 4198 1342 4306 quod
1368 4227 1445 4276 non
1468 4199 1649 4277 revelaret
1676 4199 1771 4276 hanc

341 4350 446 4398 suam
470 4323 768 4428 deposicionem,
786 4354 986 4433 quousque
1006 4328 1265 4407 attestaciones
1285 4328 1426 4406 fuerint
1444 4329 1645 4435 publicata.

398 4453 488 4528 Acta
498 4451 735 4533 suerunthec
745 4457 807 4549 die
824 4475 860 4534 et
872 4457 956 4535 loco
968 4459 1157 4564 predictis,
1176 4460 1415 4565 presentibus
1425 4462 1601 4569 magistro
1613 4462 1768 4548 Amisia,

342 4607 404 4655 me
424 4581 681 4661 Floriamonte
697 4587 914 4679 Dondedei,
939 4605 975 4666 et
995 4589 1077 4666 aliis
1097 4590 1254 4668 notariis
1270 4620 1380 4698 supra
1398 4591 1535 4669 ultimo
1553 4591 1767 4669 nominatis.

398 4842 485 4918 Post
506 4843 591 4935 hcc,
620 4847 681 4923 die
707 4847 883 4923 Mercurii
905 4848 1095 4954 sequenti,
1127 4879 1201 4955 que
1226 4849 1299 4927 suit
1318 4877 1390 4931 xvn
1416 4851 1498 4929 dies
1514 4852 1604 4930 dicti
1630 4853 1769 4930 mensis
