4236 5948
673 526 870 620 procus
897 546 993 619 nas
1020 546 1322 619 rnurtmns
1665 547 1712 620 rs

279 684 489 792 premissis,
513 684 712 793 abnegavit
730 687 856 766 Deum
888 687 947 765 vel
976 689 1133 765 lhesum
1169 717 1234 767 ore
1262 718 1339 766 non
1371 689 1501 778 corde,
1531 707 1574 766 ut
1606 689 1711 768 dixit.

279 817 427 895 Deinde
447 816 617 923 precepit
633 819 666 894 ei
683 820 789 925 quod
804 839 957 927 spueret
972 850 1084 927 super
1098 821 1304 928 quamdam
1322 849 1473 899 erucem
1495 821 1662 931 ligneam
1672 823 1713 900 in

279 978 349 1056 qua
375 966 456 1026 erat
479 977 615 1057 ymago
637 950 833 1042 Crucifixi,
865 953 1015 1030 allatam
1036 954 1182 1031 ibidem
1200 983 1270 1061 per
1293 953 1438 1031 dictum
1458 970 1711 1062 receptorem,

280 1080 523 1186 exprimendo
542 1079 630 1158 talia
645 1082 783 1161 verba:
806 1085 909 1192 Spue
931 1114 1045 1191 super
1064 1087 1306 1192 prophetam,
1331 1103 1368 1162 et
1389 1085 1470 1190 ipse
1486 1084 1593 1162 testis
1612 1086 1715 1192 spuit

279 1240 353 1290 non
373 1242 488 1319 supra
502 1213 571 1290 sed
584 1214 710 1322 juxta,
731 1217 820 1323 quia
842 1217 935 1295 dixit
951 1218 1056 1324 quod
1075 1235 1153 1294 erat
1167 1218 1215 1295 de
1229 1216 1379 1324 punctis
1397 1215 1556 1306 ordinis,
1579 1246 1714 1295 secun·

281 1345 369 1422 dum
400 1373 476 1452 que
507 1344 627 1422 eciam
655 1365 802 1452 poterat
829 1347 1027 1424 carnaliter
1039 1347 1281 1426 commisceri
1308 1347 1487 1425 fratribus
1509 1348 1654 1427 ordinis
1676 1368 1714 1429 et

281 1477 346 1581 ipsi
368 1504 456 1552 cum
475 1503 544 1564 eo;
565 1477 640 1553 hoc
659 1495 790 1554 tamen
810 1509 887 1555 non
908 1479 997 1558 lecit
1017 1508 1085 1557 nec
1107 1480 1228 1557 credit
1246 1457 1353 1587 q⁸nod
1377 1479 1418 1555 in
1436 1479 1570 1556 ordine
1591 1488 1713 1568 serva·

280 1626 390 1685 retur.
415 1607 519 1683 Dixit
540 1609 658 1684 eciam
683 1610 807 1716 quod,
830 1593 1041 1707 secundnm
1062 1612 1160 1689 dicta
1180 1629 1337 1718 puncta,
1362 1610 1527 1688 debebat
1546 1641 1634 1689 eum
1654 1641 1713 1691 oe

281 1739 393 1817 culari
405 1739 446 1815 in
462 1767 553 1831 ano,
572 1741 639 1817 sed
660 1740 807 1819 dictum
828 1741 1002 1820 osculum
1020 1743 1067 1820 de
1083 1743 1206 1851 gracia
1217 1742 1334 1850 ,quia
1352 1742 1431 1851 ipse
1447 1760 1619 1849 receptor
1634 1762 1714 1822 erat

280 1868 474 1976 presbiter,
488 1871 707 1948 remittebat
723 1873 769 1951 ei.
784 1872 868 1951 Alia
887 1871 1019 1950 illicita
1038 1903 1117 1951 non
1136 1875 1422 1951 intervenerunt
1435 1874 1475 1949 in
1491 1875 1712 1982 recepcions

280 2030 341 2078 sua
373 2000 541 2108 predicta
575 2030 645 2079 nec
677 2021 779 2109 post,
810 2005 969 2083 credens
997 2004 1104 2112 quod
1129 2005 1228 2082 dicta
1252 2004 1384 2082 illicita
1409 2002 1614 2082 confessata
1645 2034 1713 2115 per

279 2160 363 2208 eum
385 2133 656 2248 intervenirent
671 2136 925 2214 communiter
944 2137 985 2213 in
1004 2137 1292 2243 recepcionihus
1312 2135 1488 2228 aliorum,
1512 2137 1600 2243 quia
1619 2137 1713 2243 ridit'

277 2265 390 2370 recipi
410 2262 565 2343 fratrem
589 2267 744 2344 Petrum
774 2268 821 2345 de
848 2268 969 2346 Lenbi
996 2268 1224 2347 servientem·
1246 2267 1508 2347 Noviomensis
1533 2268 1711 2360 dioeces,

274 2425 390 2502 quem
418 2395 539 2474 credit
562 2395 702 2489 vivere,
725 2397 767 2474 in
795 2399 938 2507 capella
959 2399 1098 2476 domus
1119 2397 1271 2504 Templi
1300 2396 1347 2475 de
1367 2396 1536 2503 Oyn'ront
1559 2399 1713 2477 Ambin-

271 2530 401 2607 nensis
422 2527 600 2620 diocesis,
627 2556 696 2633 per
721 2531 875 2604 fratrem
906 2530 1093 2607 Garinum
1123 2529 1170 2603 de
1197 2529 1341 2607 Grandi
1366 2526 1498 2607 Villari
1520 2537 1713 2637 precepto·

266 2687 354 2738 rem
372 2678 465 2737 tunc
482 2657 633 2737 ballivis
653 2660 700 2736 de
716 2660 892 2751 Pontivo,
911 2657 971 2737 rel
986 2687 1054 2766 per
1073 2656 1226 2735 fratrem
1247 2657 1461 2737 lohannem
1481 2660 1529 2738 de
1553 2661 1710 2771 Sernsy,

261 2793 337 2901 qui
370 2790 495 2870 tenuit
522 2790 661 2868 dictam
689 2790 879 2868 balliviam
904 2790 952 2866 de
978 2788 1152 2878 Pontivo,
1179 2789 1394 2894 predictum
1425 2791 1579 2870 fratrem
1606 2795 1713 2873 Gari-

259 2951 386 3010 num,
406 2950 485 3000 non
508 2940 635 3000 tamen
654 2921 754 3000 bene
777 2922 911 3001 recolit
925 2921 1010 3028 quis
1030 2921 1200 3026 ipsorum
1227 2919 1394 2997 duorum
1416 2949 1506 2999 eum
1524 2925 1712 3031 receperit

258 3085 343 3136 nec
364 3085 442 3164 quo
461 3073 654 3162 tempore;
678 3072 715 3132 et
734 3054 940 3134 adsuerunt
960 3053 1095 3132 fratres
1118 3054 1252 3130 Petrus
1278 3052 1328 3130 de
1349 3053 1473 3131 Lenbi
1496 3055 1708 3162 quondsin,

255 3189 483 3269 avunculus
503 3189 594 3267 dieti
618 3189 737 3280 Petri,
763 3205 855 3266 tunc
880 3204 1080 3295 preceptor
1101 3185 1199 3262 dicte
1221 3184 1360 3264 domus
1387 3184 1436 3265 de
1460 3184 1656 3295 Oymont',·
1673 3207 1711 3268 et
1828 3229 1835 3244 ·

253 3321 462 3400 Robertus
482 3321 530 3399 de
552 3319 800 3412 Rembenval,
823 3336 861 3399 et
884 3319 1077 3398 Gerardus
1096 3317 1344 3425 Burgundus,
1371 3316 1420 3397 de
1444 3346 1612 3426 quorum
1637 3321 1711 3399 vitri

253 3455 332 3533 vel
349 3471 475 3532 morte
495 3450 709 3531 nonhabet
730 3451 1021 3541 certitudinem
1045 3467 1082 3526 et
1103 3449 1143 3527 in
1164 3449 1264 3526 dicta
1283 3440 1506 3557 recepcion'e
1526 3451 1621 3530 vidit
1633 3480 1712 3533 ser-

248 3587 347 3664 vari
361 3584 600 3691 modumqui
613 3582 738 3661 fuerat
750 3600 916 3661 servatus
933 3583 973 3661 in
987 3612 1054 3660 sua
1067 3580 1194 3689 quoad
1211 3580 1329 3671 licita,
1350 3596 1389 3659 st
1407 3582 1551 3660 audivit
1568 3584 1648 3692 ipse
1660 3603 1712 3663 te*

245 3717 338 3797 stis
348 3717 546 3825 quomodo
556 3715 751 3823 predictus
765 3733 939 3822 receptor
948 3714 1117 3823 precepit
1128 3713 1255 3791 eidem
1266 3714 1379 3791 Petro
1391 3715 1494 3820 quod
1508 3715 1711 3823 abnegaret

242 3844 399 3928 Deum
416 3864 455 3926 et
466 3848 575 3956 quod
591 3864 745 3958 spueret
764 3875 877 3954 supra
897 3873 1065 3934 crucem,
1084 3861 1121 3922 et
1136 3844 1231 3922 dixit
1244 3844 1280 3921 ei
1295 3842 1402 3949 quod
1421 3861 1570 3950 poterat
1589 3874 1711 3924 carno·

243 3971 360 4059 liter
385 3978 622 4074 commisceri
647 3979 826 4057 fratribus
846 3977 991 4057 ordinis
1009 3993 1048 4054 et
1066 3977 1138 4085 ipsi
1163 4006 1249 4053 cum
1276 4005 1337 4067 eo,
1363 3993 1400 4054 et
1425 3977 1530 4084 quod
1547 3976 1711 4056 debebat

245 4112 422 4189 dictum
448 4130 685 4219 receptorem
710 4110 871 4188 osculari
891 4110 931 4186 in
954 4137 1026 4186 ano
1048 4108 1261 4187 secundum
1276 4124 1416 4215 puncta
1432 4107 1599 4200 ordinis3
1617 4125 1654 4184 et
1669 4108 1709 4185 in

243 4243 469 4347 presencia
488 4242 607 4351 ipsius
625 4242 733 4319 testis
749 4260 787 4319 et
802 4239 1063 4349 predictorum
1085 4240 1207 4323 dictus
1221 4241 1358 4318 Petrus
1372 4238 1569 4347 abnegavit
1582 4239 1709 4317 Deum

245 4393 309 4452 et
333 4376 437 4484 spuit
453 4375 561 4483 juxta
580 4402 756 4465 crucem;
784 4374 854 4453 sed
877 4373 926 4451 ad
946 4399 1077 4479 preees
1098 4388 1137 4449 et
1160 4372 1453 4478 requisicionsm
1480 4370 1570 4449 dicti
1595 4398 1710 4448 avun-

245 4506 349 4584 culi
374 4507 453 4599 sui,
482 4506 615 4584 fuitei
644 4504 847 4583 remissum
879 4502 1054 4583 osculum
1085 4501 1345 4580 inhonestum.
1376 4500 1480 4580 Alios
1511 4529 1588 4578 non
1615 4501 1710 4580 vidit

247 4637 408 4745 recipi,
434 4656 472 4716 et
496 4638 543 4715 de
563 4636 751 4746 predictis.
768 4637 862 4714 dixit
884 4662 925 4713 se
952 4633 1066 4715 brisso
1096 4633 1310 4720 consessum
1339 4632 1439 4710 dicto
1467 4631 1573 4711 fratri
1596 4636 1709 4713 Petro

248 4764 440 4861 Minbot,
464 4771 529 4877 qui
555 4768 698 4875 recepit
722 4797 828 4859 eum,
851 4785 888 4846 et
909 4765 1002 4845 dixit
1022 4766 1056 4843 ei
1077 4765 1201 4874 quod,
1223 4794 1267 4844 ex
1280 4795 1366 4873 ‘quo
1388 4763 1543 4844 dolebat
1561 4765 1610 4843 de
1625 4796 1710 4873 pre·

255 4902 401 4992 dictis,
416 4900 522 4982 Deus
536 4899 752 4979 misericors
766 4900 979 4977 remitteret
993 4898 1045 4991 ei,
1063 4915 1101 4975 et
1111 4897 1278 4978 ,absolvit
1293 4902 1399 4989 eum,
1418 4896 1589 5005 injuncto
1605 4898 1710 5005 quod
