4236 5948
727 506 922 603 nsocns
948 529 1044 603 ons
1069 528 1369 604 rsurusss.
1706 533 1752 606 11

344 669 412 750 sibi
428 667 608 748 omnibus
623 685 661 744 et
674 668 833 778 singulis
846 671 1028 760 articulis,
1044 670 1241 779 respondit
1256 698 1295 748 se
1316 670 1475 756 nescire,
1498 696 1568 746 nec
1587 670 1753 756 credere,

344 827 410 877 nec
429 797 614 877 audivisse
629 796 703 874 dici
724 800 772 877 de
793 802 980 879 contentis
999 802 1038 877 in
1059 802 1113 880 eis
1132 800 1204 878 nisi
1218 801 1322 906 ‹psod
1334 797 1519 906 sequitun
1532 814 1571 875 et
1581 797 1654 876 fuit
1665 828 1755 906 pro«

341 941 495 1005 testatus
519 925 623 1032 quod
649 954 726 1004 non
751 927 914 1007 intendit
938 930 1114 1007 recedere
1139 959 1161 1006 1
1185 927 1425 1034 deposicione
1451 955 1520 1034 per
1544 953 1634 1004 enm
1661 925 1755 1005 isctn

343 1083 467 1134 eornm
491 1055 592 1132 dicto
617 1054 773 1134 domino
802 1059 1080 1166 archiepiscopo
1102 1058 1289 1136 Remensi.
1311 1058 1414 1137 Dixit
1432 1038 1559 1136 autem
1578 1085 1617 1134 sc
1641 1057 1756 1136 fuisse

341 1200 533 1290 receptum
557 1213 626 1291 per
651 1184 803 1265 fratrem
829 1189 1040 1266 lohannern
1065 1188 1112 1265 de
1137 1188 1278 1296 Sernny
1300 1188 1522 1266 servientem
1542 1189 1754 1294 quondam,
1835 1291 1840 1298 .

344 1331 599 1421 preceptorem
625 1333 716 1394 tunc
745 1317 794 1395 de
818 1319 1039 1426 Oysimonte
1068 1317 1328 1397 Ambinnensis
1353 1317 1528 1405 diocesis,
1551 1317 1591 1393 in
1616 1317 1756 1423 capelle

349 1443 446 1521 dicte
472 1443 609 1522 domus
631 1447 679 1523 de
703 1446 924 1556 Oysimonte
950 1450 990 1524 in
1014 1447 1109 1526 festo
1138 1448 1323 1527 Omnium
1338 1449 1565 1527 Sanctorum
1584 1447 1754 1552 proximo

346 1572 697 1676 preterito-luerunt
716 1594 801 1654 octo
820 1579 909 1655 anni
933 1579 991 1656 vel
1017 1577 1131 1666 circa,
1159 1577 1394 1684 presentibus
1419 1576 1597 1654 fratribus
1621 1575 1755 1683 Egidio

347 1700 393 1778 de
418 1703 578 1812 Rotengi
616 1704 826 1811 presbitero
853 1736 964 1814 supra
989 1707 1218 1790 emnrineto,
1250 1707 1402 1786 Nicolso
1426 1707 1475 1783 de
1497 1704 1604 1784 Cella
1634 1733 1757 1811 quon-

344 1829 429 1909 dam
450 1848 668 1938 preceptore
686 1835 786 1912 dicte
806 1835 959 1929 domus,
981 1854 1020 1914 et
1037 1839 1198 1944 Hugone
1217 1836 1266 1913 de
1285 1835 1508 1922 Gnmsches,
1529 1851 1568 1911 et
1586 1835 1758 1911 iohanne

342 1959 562 2067 Burgundo,
576 1962 681 2067 cujus
699 1989 908 2070 cognomen
923 1968 1087 2070 ignorat,
1100 1966 1364 2056 servientibus,
1378 1965 1428 2041 de
1438 1990 1601 2069 quorum
1615 1964 1689 2039 vita
1697 1964 1757 2040 vel

343 2106 463 2165 morte
488 2115 565 2166 non
588 2090 703 2166 habet
726 2093 1014 2182 certitudinem
1036 2122 1056 2168 1
1080 2121 1157 2197 quo
1176 2094 1291 2197 peciit
1311 2108 1372 2167 ter
1388 2117 1523 2195 panem
1545 2109 1584 2166 et
1605 2119 1755 2197 aquam,

343 2218 558 2295 societatem
578 2234 615 2294 et
634 2246 842 2324 pauperem·
862 2220 1038 2297 vestitum
1059 2218 1214 2297 ordinis.
1235 2221 1426 2325 Responso
1448 2234 1576 2295 autem
1597 2219 1631 2296 ei
1651 2222 1757 2325 quod

343 2346 438 2423 bene
456 2345 700 2437 deliberaret,
722 2348 811 2454 quia
831 2365 1023 2454 oporteret
1042 2375 1221 2426 eumaeo
1236 2347 1410 2425 abdicare
1421 2348 1611 2453 proprium
1626 2348 1758 2426 volun·

343 2491 473 2567 tutem,
495 2491 534 2553 ot
552 2473 672 2551 multa
691 2475 786 2552 dura
806 2493 844 2554 et
862 2505 992 2584 aspero
1008 2478 1208 2564 sustinere,
1229 2504 1317 2553 cum
1336 2476 1417 2582 ipse
1435 2475 1545 2554 testis
1559 2479 1758 2582 responde·

344 2621 402 2682 ret
422 2604 675 2710 quodomnia
693 2606 911 2696 sustineret,
933 2607 1090 2715 prestito
1108 2635 1178 2713 per
1190 2606 1450 2714 juramentum
1469 2605 1574 2712 quod
1593 2633 1670 2683 non
1691 2607 1758 2682 bn·

344 2733 456 2812 bobnt
473 2734 731 2814 infirmitatem
760 2737 957 2830 latentem,
983 2765 1054 2814 nec
1079 2753 1157 2814 erat
1177 2735 1534 2826 excommunicatus,
1555 2763 1630 2813 nec
1649 2736 1756 2813 alteri

346 2863 534 2971 religioni,
553 2866 795 2945 matrimonio
815 2895 885 2944 nec
904 2864 1137 2971 debitisque
1156 2892 1234 2942 non
1251 2881 1378 2971 posset
1390 2863 1532 2942 solvere
1555 2863 1755 2972 obligatus,

346 3021 413 3070 nec
425 2993 571 3072 servilis
590 2995 841 3089 condicionis,
862 2994 951 3073 lecit
969 3023 1058 3073 eum
1077 3021 1211 3073 vovere
1231 3010 1269 3071 et
1282 2994 1411 3102 jurare
1430 2992 1650 3084 castitatem,
1668 2991 1759 3070 obe-

346 3120 548 3214 dienciam,
573 3123 695 3203 vivere
722 3126 803 3206 sine
822 3125 991 3231 proprio,
1018 3140 1056 3202 et
1075 3125 1179 3232 quod
1200 3139 1297 3201 esset
1315 3148 1441 3200 servus
1452 3120 1623 3199 esclavns
1641 3125 1757 3200 Terre

347 3250 505 3344 Sanctes
525 3268 563 3329 et
582 3253 759 3360 imposito
775 3254 850 3332 sibi
870 3252 1069 3341 mantello,
1084 3253 1195 3330 nuxit
1215 3279 1303 3329 eum
1326 3267 1427 3329 retro
1446 3250 1578 3343 nltnre,
1598 3250 1680 3330 11111
1698 3280 1758 3329 re-

346 3381 586 3460 manentibus
612 3384 653 3459 in
681 3384 837 3491 capella,
867 3401 906 3461 et
933 3402 1081 3462 ostense
1100 3382 1172 3462 sibi
1192 3381 1354 3489 quedem
1375 3409 1483 3459 cruce
1505 3381 1700 3460 metallina
1719 3383 1757 3459 in

346 3538 419 3616 que
434 3528 513 3589 ernt
526 3540 660 3620 ymago
676 3514 860 3608 crncifixi,
876 3515 1043 3622 precepit
1061 3515 1097 3592 ei
1115 3512 1220 3620 quod
1239 3513 1441 3619 abnegaret
1455 3513 1600 3603 Deum
1618 3529 1758 3591 etcum

346 3639 424 3745 ipse
441 3640 547 3719 testis
565 3644 869 3750 responderetse
889 3644 963 3722 hoo
980 3643 1090 3721 nullo
1116 3644 1234 3720 modo
1260 3641 1465 3734 lecturum,
1492 3642 1587 3719 dixit
1600 3643 1633 3721 ei
1655 3645 1760 3751 quod

348 3768 420 3847 hoc
442 3772 641 3876 oportebat
660 3801 748 3851 enm
769 3773 907 3863 lucere,
930 3774 1018 3880 quin
1039 3789 1119 3851 erut
1137 3773 1186 3850 de
1204 3771 1354 3879 punctis
1377 3772 1537 3863 ordinis,
1559 3789 1598 3849 et
1614 3791 1760 3879 poteret

348 3896 531 4004 abnegare
544 3927 611 3978 ore
625 3929 703 3980 non
716 3904 830 3981 cordo
846 3933 855 3978 :
877 3920 915 3981 et
931 3919 1024 3980 tunc
1035 3903 1118 4009 ipse
1133 3902 1239 3980 testis
1251 3902 1446 4009 abnegavit
1459 3928 1524 3980 ore
1537 3929 1617 3979 non
1632 3902 1757 3979 corde.

348 4026 450 4105 Dixit
466 4029 584 4107 eciam
611 4033 735 4139 quod,
756 4034 860 4140 prius
879 4033 1032 4141 qusrfflo
1053 4032 1218 4111 ostendit
1240 4031 1311 4109 sibi
1332 4031 1471 4108 dictam
1490 4057 1654 4121 enicem,
1675 4059 1761 4136 pre·

350 4155 447 4261 cepit
470 4158 505 4234 ei
529 4161 634 4265 quod
658 4181 811 4267 spueret
837 4191 952 4269 super
976 4190 1076 4249 eam,
1101 4162 1188 4268 quin
1212 4162 1285 4238 hoc
1312 4176 1393 4237 erat
1410 4159 1590 4237 dedistis
1614 4159 1762 4264 punctis

350 4285 514 4379 ordinis;
545 4306 583 4368 et
609 4291 688 4397 ipse
715 4292 821 4370 testis
848 4291 1133 4398 noluitspuere
1152 4316 1279 4396 suprm
1305 4290 1373 4366 sed
1391 4288 1622 4395 spuit-juxto.
1644 4288 1757 4374 ltem,

350 4413 444 4493 dixit
460 4415 619 4524 ei.qnod
637 4417 1505 4526 secundumadictopunctnpotornt-oarusliten
1522 4415 1757 4493 commisceri

350 4543 524 4625 frutribus
544 4548 691 4628 ordinis
706 4567 745 4627 et
762 4549 839 4656 ipsi:
851 4578 939 4627 curn
958 4577 1024 4640 ως
1045 4550 1262 4627 hoctomen
1277 4546 1541 4625 nonfecit-neo
1554 4544 1765 4652 luitrequi·

350 4675 461 4763 situs,
482 4703 552 4754 nec
571 4678 814 4786 credit'quod
832 4680 873 4756 in
891 4681 1027 4758 ordine
1036 4679 1166 4759 lieret.
1191 4680 1304 4765 ltem,
1336 4676 1431 4753 dixit
1447 4675 1571 4783 quod,
1589 4676 1638 4753 de
1658 4701 1763 4751 men·-

352 4803 438 4880 dato
459 4802 548 4883 dieti
570 4808 788 4913 receptoris,
809 4806 883 4886 fuit
898 4837 986 4888 eum
1007 4808 1194 4888 osculatus
1210 4807 1249 4883 in
1265 4833 1375 4883 carne
1387 4805 1508 4897 nudo,
1529 4823 1648 4893 retro,
1666 4802 1763 4880 inter

1608 4978 1637 5040 9.
