4236 5948
348 541 422 611 aas
740 516 937 609 raocns
964 535 1058 606 ons
1084 532 1381 605 ruurnrnas.

347 680 515 765 interlui,
540 694 577 753 et
592 679 739 783 signum
759 705 886 753 meum
906 674 1059 754 solitum
1073 703 1157 758 cum
1173 674 1287 782 signis
1305 692 1342 750 et
1356 673 1700 780 subscripcionibus
1720 676 1774 781 ip

347 838 472 885 sorum
491 807 721 885 notariorum
740 824 889 914 rogatus
908 805 1063 912 apposui
1085 805 1147 881 hic
1166 833 1227 882 me
1247 802 1496 880 subscribens.

404 1074 493 1145 ltem
507 1071 546 1144 in
562 1070 753 1175 presencia
765 1068 928 1174 religiosi
945 1069 1012 1144 viri
1027 1066 1149 1143 fratris
1164 1067 1356 1143 Laurencii
1376 1067 1422 1142 de
1439 1067 1614 1144 Nannetis
1629 1069 1772 1146 ordinis

346 1200 640 1286 Prodicatorum,
665 1199 905 1275 commissarii
928 1198 1018 1275 dicti
1039 1198 1287 1303 inquisitoris,
1305 1215 1475 1274 nostrum
1487 1199 1720 1276 notariorum
1736 1220 1773 1277 et

344 1332 495 1408 testium
519 1330 851 1435 infrascriptarum,
874 1358 989 1415 anno,
1010 1329 1219 1417 indicione,
1243 1357 1389 1416 mense,
1413 1329 1474 1404 die
1495 1345 1532 1404 et
1551 1329 1770 1435 pontificatu

346 1462 537 1565 predictis,
561 1460 670 1536 frater
685 1460 887 1537 Ymbertus
909 1460 955 1535 de
978 1460 1112 1536 Sancto
1132 1459 1234 1535 Iorio
1257 1459 1381 1543 miles,
1401 1459 1505 1534 etatis
1526 1460 1771 1565 quadraginta

344 1591 706 1695 annorum‚juratus
728 1591 863 1667 eodem
882 1590 996 1666 modo
1013 1589 1059 1665 de
1074 1617 1112 1665 se
1133 1607 1171 1665 et
1187 1589 1267 1665 alii-s
1283 1589 1322 1664 in
1338 1617 1445 1664 causa
1466 1588 1556 1665 fidei
1571 1589 1697 1667 dicere
1714 1619 1771 1666 ve-

344 1721 508 1807 ritatem,
537 1738 575 1795 et
596 1721 843 1825 interrogatus
864 1721 911 1795 de
931 1737 1100 1825 ternpore
1123 1736 1161 1795 et
1181 1719 1296 1795 modo
1324 1746 1390 1794 sue
1411 1720 1657 1823 recepcionis,
1678 1720 1770 1796 dixit

343 1881 410 1955 per
424 1853 681 1958 juramentum
707 1880 818 1928 suum
841 1850 945 1957 quod
969 1868 1138 1957 receptus
1160 1850 1230 1927 fuit
1255 1850 1356 1955 apud
1376 1852 1515 1927 Novam
1536 1850 1672 1927 Villam
1699 1851 1768 1927 Ca·

343 1982 594 2060 tbalaunensis
610 1982 786 2074 diocesis,
804 2011 937 2058 novem
957 1983 1043 2058 anni
1065 1982 1123 2058 vel
1137 1983 1234 2059 circa
1254 1998 1357 2070 sunt,
1373 2009 1442 2087 per
1457 1980 1608 2057 fratrem
1628 1981 1768 2060 Ioban·
1895 1989 1902 1992 ’

344 2141 429 2188 nem
454 2112 629 2188 Ademari
651 2112 809 2187 mili-tem
829 2112 918 2187 dicti
939 2112 1099 2199 ordinis,
1123 2113 1170 2187 de
1191 2127 1367 2217 precepto
1387 2108 1509 2186 fratris
1530 2112 1699 2217 Hugouis
1722 2113 1767 2189 de

344 2244 529 2328 Paraudo,
547 2242 782 2347 presentibus
806 2242 915 2318 lratre
936 2243 1115 2318 Ymberto
1136 2242 1183 2317 de
1205 2242 1375 2326 Crimen,
1394 2240 1597 2319 utvidetur
1617 2241 1706 2330 sibi,
1732 2261 1769 2319 et

344 2373 567 2477 quibusdam
588 2371 669 2447 aliis
695 2372 741 2447 de
762 2401 925 2476 quorum
952 2370 1167 2448 nominibus
1187 2400 1263 2446 non
1283 2368 1511 2446 recordatur.
1530 2371 1632 2446 Dixit
1653 2374 1768 2448 eciam

343 2532 410 2606 per
418 2504 675 2608 juramentum
696 2530 806 2576 suum
828 2503 948 2608 quod,
970 2519 1054 2606 post
1073 2501 1209 2577 multas
1223 2500 1488 2605 promissiones
1509 2500 1556 2576 de
1568 2503 1713 2578 statutis
1734 2521 1770 2579 et

343 2633 591 2708 observanciis
615 2631 703 2706 dicti
729 2631 871 2707 ordinis
895 2630 1133 2706 observandis
1160 2630 1272 2707 lactas
1290 2631 1336 2706 ab
1358 2658 1421 2715 eo,
1444 2646 1481 2705 et
1501 2631 1679 2709 mantello
1699 2633 1769 2709 sibi

343 2761 391 2835 ad
411 2761 548 2839 collum
563 2764 706 2868 posito,
727 2765 850 2838 dictus
868 2761 1052 2865 recipiens
1064 2762 1231 2839 ostendit
1247 2763 1319 2838 sibi
1337 2777 1486 2840 crucem
1497 2791 1583 2840 cum
1596 2764 1769 2868 ymagine

342 2891 498 2984 Christi,
520 2912 557 2968 et
583 2894 694 2997 peciit
715 2891 762 2967 ab
788 2921 833 2967 eo
861 2909 990 2968 utrum
1015 2892 1185 2969 crederet
1209 2894 1248 2967 in
1272 2920 1384 2979 eum,
1415 2910 1453 2969 et
1479 2893 1557 2997 ipse
1578 2892 1770 2998 respondit

342 3021 445 3126 quod
465 3022 538 3112 sic,
565 3039 602 3097 et
620 3039 710 3098 tuuc
736 3022 814 3125 ipse
839 3021 932 3097 dixit
948 3022 1053 3126 quod
1073 3020 1121 3098 de
1147 3038 1272 3098 cetero
1297 3048 1374 3097 non
1400 3023 1585 3109 crederet,
1609 3038 1647 3097 et
1665 3022 1771 3126 quod

342 3171 495 3256 spueret
512 3181 621 3257 supra
643 3178 790 3227 crucem
809 3168 847 3226 et
864 3151 1085 3258 imaginem,
1107 3152 1212 3258 quod
1229 3153 1308 3257 ipse
1328 3151 1432 3242 fecit,
1454 3168 1496 3228 ut
1512 3152 1623 3239 dixit,
1643 3169 1769 3228 tamen

342 3283 500 3359 advertit
523 3283 593 3358 sihi
620 3282 723 3387 quod
746 3309 822 3358 non
845 3298 998 3387 spueret
1028 3311 1138 3388 supra
1170 3295 1332 3360 crucem.
1365 3284 1612 3388 Interrogatus
1638 3284 1686 3358 de
1710 3293 1793 3360 ou·'

344 3411 448 3495 culo,
479 3412 571 3486 dixit
595 3441 660 3515 per
674 3413 931 3515 juramentum
956 3439 1068 3487 suum
1094 3412 1196 3517 quod
1225 3412 1348 3488 dictus
1377 3414 1558 3517 recipiens
1583 3411 1767 3487 osculatus

343 3538 414 3613 fuit
430 3567 517 3615 eum
538 3541 576 3615 in
595 3538 670 3615 fine
692 3541 798 3646 spine
817 3541 918 3619 dorsi
937 3557 974 3616 et
993 3541 1032 3618 in
1049 3569 1125 3618 ore.
1145 3544 1396 3647 Interrogatus
1414 3558 1542 3618 utrum
1562 3540 1711 3617 videtur
1731 3557 1767 3617 et

344 3669 463 3745 credit
480 3671 583 3773 quud
608 3669 667 3745 alii
688 3670 753 3747 tali
776 3672 890 3748 modo
910 3670 1152 3777 recipiantur,
1177 3672 1269 3747 dixit
1288 3700 1357 3777 per
1376 3673 1633 3777 juramentum
1652 3698 1764 3747 suum

343 3799 447 3903 quod
467 3801 587 3876 credit
606 3803 710 3905 quod
729 3829 860 3880 omnes
880 3801 940 3878 alii
960 3800 1092 3890 fratres
1111 3802 1339 3907 recipiantur
1358 3802 1494 3878 eodem
1514 3799 1642 3878 modo.

398 3932 612 4036 Requisitus
627 3948 753 4006 utrum
775 3933 823 4021 vi,
843 3932 900 4008 vel
919 3950 1024 4009 metu
1044 3933 1198 4010 carceris
1214 3962 1281 4008 seu
1297 3948 1593 4020 tormentorum,
1614 3948 1680 4008 aut
1696 3931 1765 4009 alia

342 4062 389 4137 de
409 4088 532 4148 causa,
554 4062 718 4167 aliquam
745 4061 940 4139 salsitatem
961 4063 1096 4140 dixerit
1120 4082 1183 4139 aut
1206 4064 1451 4141 immiscuerit
1466 4064 1504 4138 in
1525 4062 1762 4167 deposicione

341 4221 422 4279 sua,
446 4211 509 4269 aut
528 4195 684 4269 tacuerit
708 4193 918 4298 ueritatem,
941 4196 1033 4271 dixit
1052 4225 1120 4300 per
1134 4197 1392 4301 juramentum
1412 4225 1522 4272 suum
1539 4194 1646 4299 quod
1668 4222 1762 4279 non,

342 4350 410 4397 nec
425 4322 546 4427 aliqua
560 4322 739 4399 violencia
753 4323 823 4400 sibi
838 4324 908 4401 luit
922 4308 1034 4413 facta‘,
1058 4326 1124 4402 sed
1138 4354 1270 4430 puram
1289 4327 1482 4402 veritatem
1498 4326 1650 4400 dixerat.

398 4582 488 4657 Item
511 4583 624 4661 lrater
641 4583 829 4661 lohannes
847 4585 894 4661 dc
911 4585 1080 4662 Anisiaco
1102 4604 1298 4692 preceptor
1316 4588 1363 4663 de
1377 4585 1523 4670 Veleia»,
1548 4584 1655 4660 etatis
1674 4611 1762 4688 qua·

342 4712 508 4817 draginta
528 4715 695 4820 quinque
717 4743 916 4806 annorum,
934 4715 1081 4821 juratus
1115 4717 1251 4796 eodem
1277 4717 1390 4793 modo
1421 4717 1468 4791 de
1494 4744 1532 4791 se
1556 4731 1594 4790 et
1618 4712 1701 4789 aliis
1726 4712 1763 4790 in

342 4871 450 4919 causa
474 4843 562 4920 fidei
591 4845 714 4922 dicere
739 4847 955 4938 veritatem,
984 4864 1021 4923 et
1036 4848 1291 4954 ,interrogatus
1317 4849 1364 4924 de
1389 4864 1561 4951 tempore
1588 4861 1626 4922 at
1651 4843 1763 4922 modo
