4236 5948
352 556 424 628 aaa
740 536 933 627 raucas
960 554 1055 625 uas
1081 554 1385 628 ruurxruus

350 726 418 801 pro
434 696 651 800 recepcione
666 694 838 781 fratrum3
856 710 893 768 et
907 692 1009 767 idem
1029 689 1111 768 lieri
1132 693 1323 769 consuevit
1341 691 1379 767 in
1391 692 1496 771 dicta
1515 693 1631 771 domo
1653 697 1770 774 blansi

349 829 435 912 Dei,
456 826 769 931 quandocumque
788 824 888 928 ipsos
903 822 1033 899 fratres
1053 820 1172 898 lacere
1190 823 1376 928 contingat
1393 823 1550 927 capitula
1566 853 1677 930 super
1692 829 1771 931 qui·

349 956 512 1033 buslibet
531 956 690 1042 actibus;
712 957 789 1058 ipse
811 972 951 1042 tamen,
975 971 1017 1028 ut
1037 953 1147 1039 dixit,
1167 981 1244 1040 non
1264 949 1354 1029 vidit
1373 952 1453 1029 fieri
1475 954 1678 1057 capitulum
1699 958 1769 1033 nisi

349 1088 387 1161 in
407 1086 558 1164 ecclesia
577 1086 713 1162 domus
732 1084 849 1161 Mansi
871 1084 951 1160 Dei.

403 1221 651 1322 Interrogatus
675 1245 749 1320 qua
773 1216 865 1291 hora
888 1214 962 1289 diei
989 1215 1060 1317 ipsi
1080 1213 1209 1290 [ratres
1233 1232 1363 1291 teuent
1389 1232 1425 1291 et
1445 1214 1583 1292 l'aciunt
1608 1218 1769 1320 capitula

347 1377 414 1450 pro
434 1347 658 1453 recipiendis
678 1345 869 1432 fratribus,
892 1345 984 1421 dixit
997 1347 1120 1450 quod,
1142 1345 1324 1421 celebrata
1337 1346 1441 1450 prius
1460 1347 1585 1432 missa,
1604 1363 1646 1427 et
1664 1348 1766 1424 invo-

347 1496 424 1552 cata
435 1479 595 1582 Spiritus
605 1478 726 1553 Sancti
735 1476 854 1581 gracia
870 1505 936 1580 per
949 1476 1180 1551 sacerdotem
1192 1476 1256 1578 qui
1271 1476 1419 1550 missam
1431 1476 1769 1565 celebravit‚lrater

347 1608 557 1710 capellanus
570 1608 657 1683 dicti
678 1608 819 1683 ordinis
835 1606 943 1682 dicit:
957 1645 968 1672 α
983 1607 1092 1692 Veni,
1109 1608 1240 1684 Sancte
1248 1606 1429 1710 Spiritus,
1447 1644 1459 1674 ι
1476 1609 1765 1696 commuuione,

346 1742 439 1814 Deus
459 1744 519 1842 qui
544 1740 649 1814 cordo
663 1740 833 1841 fidelium.
868 1738 1016 1830 Quibus
1048 1737 1171 1825 dictis,
1200 1737 1290 1812 dicti
1309 1735 1439 1817 fratres
1463 1755 1652 1840 presentes
1672 1739 1766 1815 inibi

348 1887 383 1942 et
407 1869 578 1945 sedentes
601 1886 731 1944 tenent
754 1897 820 1945 sua
844 1867 1017 1972 capitula,
1040 1885 1077 1943 et
1097 1866 1239 1943 faciunt
1258 1867 1493 1970 receptiones
1518 1866 1673 1943 fratrum
1698 1870 1764 1973 qui

347 1999 550 2103 recipiendi
571 2018 682 2075 sunt:
705 2017 741 2074 et
762 1996 1088 2097 hecviditservari
1108 1998 1263 2073 indicta
1289 1997 1441 2073 ecclesia
1465 1998 1581 2077 Mansi
1606 1999 1676 2075 Dei
1698 1997 1764 2074 de-

346 2131 419 2203 cies
440 2147 475 2203 et
496 2129 648 2232 pluries.

401 2258 458 2332 Ad
478 2285 595 2335 xxxvrr
616 2256 811 2333 articulum
834 2256 1079 2360 respondens,
1116 2256 1206 2333 dixit
1229 2285 1267 2331 se
1299 2256 1440 2333 nescire
1468 2284 1536 2360 pro
1572 2275 1673 2334 cetto
1700 2257 1764 2331 ali-

345 2416 417 2491 qua
450 2387 497 2462 de
528 2386 712 2463 contentis
741 2388 779 2460 in
806 2386 886 2489 ipso
917 2386 1086 2461 articulo.
1117 2387 1217 2462 Dixit
1243 2403 1368 2462 tamen
1402 2415 1441 2463 se
1474 2387 1638 2465 credere
1659 2389 1764 2492 quod

343 2535 472 2620 gentes
499 2546 573 2621 que
598 2517 849 2621 loquebantur
873 2545 988 2621 quare
1015 2516 1065 2591 ita
1092 2536 1232 2593 secrete
1258 2533 1296 2592 et
1322 2516 1454 2592 clausis
1473 2517 1598 2621 januis
1623 2516 1765 2594 fiebant

344 2648 578 2754 recepciones
593 2647 748 2723 fratrum
768 2646 872 2751 quod
888 2647 1068 2723 baberent
1089 2648 1337 2752 suspicionem
1356 2665 1579 2734 contraeas,
1601 2649 1668 2723 sed
1689 2677 1764 2724 nou

337 2779 451 2879 juste.

398 2907 456 2983 Ad
476 2936 607 2985 xxxvm
628 2909 824 2984 articulum
846 2909 1094 3012 respondens,
1123 2909 1216 2985 dixit
1235 2926 1276 2984 ut
1297 2910 1586 3014 supraproxime.

398 3039 456 3114 Ad
475 3040 720 3115 xxxix-xlxix>
732 3037 905 3115 articulos
925 3041 1081 3144 negavit.
1112 3097 1114 3099 .

398 3170 455 3244 Ad
482 3170 573 3245 xlmr
598 3168 792 3245 articulum
817 3169 1066 3275 respondens,
1093 3169 1141 3244 de
1162 3198 1201 3244 se
1221 3171 1302 3273 ipso
1322 3168 1467 3275 negavit
1485 3169 1607 3271 ipsum
1628 3168 1766 3244 articu-

343 3301 418 3374 lum
437 3318 473 3375 et
489 3318 663 3375 contenta
678 3300 716 3374 in
729 3327 786 3373 eo.
805 3300 995 3391 Quantum
1014 3316 1091 3375 erat
1105 3300 1151 3373 ad
1169 3298 1260 3376 alios
1278 3300 1423 3386 fratres,
1444 3298 1535 3371 dixit
1550 3327 1589 3375 se
1605 3299 1761 3386 nescire,

343 3431 418 3504 imo
441 3457 608 3533 expresse
630 3429 721 3501 dixit
741 3456 781 3502 se
802 3428 954 3503 credere
982 3429 1127 3504 nullum
1153 3458 1194 3503 ex
1216 3429 1391 3505 fratribus
1413 3428 1501 3505 dicti
1522 3428 1667 3505 ordinis
1691 3430 1761 3505 hoc

342 3558 488 3643 fecisse,
512 3587 596 3634 cum
613 3559 651 3631 in
671 3557 948 3634 committentes
962 3556 1057 3634 illud
1074 3576 1284 3663 peceatum,
1302 3576 1478 3662 tanquam
1496 3558 1533 3631 in
1550 3556 1649 3631 filios
1663 3557 1763 3632 dilli-

343 3687 485 3775 dentie,
508 3688 712 3764 descendat
732 3705 769 3762 et
787 3689 909 3764 veniat
928 3688 978 3766 ira
1000 3690 1083 3766 Dei.

397 3819 454 3893 Ad
475 3819 532 3894 xlv
549 3819 746 3894 articulum
762 3820 1011 3923 respondens,
1034 3839 1076 3896 ut
1097 3821 1135 3895 iu
1157 3821 1324 3925 proximo
1346 3818 1516 3895 articulo.

396 3948 453 4023 Ad
475 3949 547 4025 xlvr
570 3949 769 4025 articulum
790 3951 1039 4053 respondens,
1066 3951 1210 4056 negavit
1227 3979 1314 4026 eum
1335 3967 1373 4026 et
1397 3948 1520 4024 onmia
1550 3964 1587 4021 et
1611 3948 1761 4052 singula

341 4096 511 4155 contenta
539 4081 577 4154 iu
600 4107 662 4166 e0‚
685 4080 813 4156 dicens
838 4080 954 4156 eciam
975 4110 1014 4156 se
1033 4109 1226 4185 nunquam
1247 4081 1429 4157 audivisse
1458 4079 1531 4153 dici
1562 4077 1687 4182 aliqua
1714 4078 1760 4154 de

341 4210 526 4286 contentis
541 4210 580 4284 in
597 4211 696 4287 dicto
717 4210 886 4287 articulo.

395 4340 453 4416 Ad
472 4340 629 4416 xlvii-l
648 4337 825 4416 articulos
839 4342 995 4445 negavit.

395 4471 452 4546 Ad
468 4470 495 4545 lx
515 4470 711 4547 articulum
725 4471 972 4575 respondens,
996 4472 1086 4548 dixit
1102 4501 1141 4548 se
1157 4473 1203 4548 de
1218 4472 1323 4547 nullo
1341 4472 1492 4548 fratrum
1512 4470 1600 4546 dicti
1615 4469 1762 4547 ordinis

349 4659 356 4673 .
378 4659 384 4673 .
406 4629 444 4674 ‚e
470 4618 641 4677 contenta
662 4603 699 4676 in
720 4601 820 4677 dicto
838 4602 1003 4678 articulo
1024 4631 1190 4708 unquam
1211 4601 1353 4678 fecisse.

395 4730 453 4806 Ad
469 4729 627 4808 lu--lvrr
647 4732 802 4836 negavit.

396 4859 452 4936 Ad
483 4859 559 4938 lvux
586 4862 784 4939 articulum
811 4863 1059 4966 respondeus,
1082 4864 1227 4970 negavit
1256 4880 1426 4941 contenta
1450 4864 1489 4938 in
1510 4891 1572 4950 eo,
1598 4879 1755 4966 excepto

1526 5018 1541 5056 N
