4236 5948
743 527 938 619 eaucss
964 547 1060 619 nus
1086 548 1385 622 ratramnus.
1702 557 1775 629 aas

355 686 514 763 aliorum
525 683 699 774 fratrum,
718 703 754 762 et
767 687 895 792 petivit
908 688 1011 766 abeo
1024 706 1150 765 utrum
1166 690 1335 767 crederet
1350 692 1390 767 in
1408 690 1515 767 illum
1528 690 1633 797 cujus
1644 723 1776 799 ymago

355 833 432 899 erat
446 816 517 905 ibi;
534 832 572 891 et
587 815 665 919 ipse
683 815 775 893 dixit
791 819 892 922 quod
913 820 977 896 sic.
999 821 1045 894 Et
1056 837 1145 895 tunc
1161 820 1253 895 dixit
1270 821 1339 897 sibi
1356 821 1459 927 quod
1473 821 1569 897 male
1584 824 1774 912 credebat,

353 950 442 1057 quia
462 967 540 1026 erat
559 947 749 1054 quoddam
771 947 904 1026 falsum
924 950 1096 1057 ydolum,
1125 967 1162 1026 et
1182 952 1348 1057 precepit
1364 952 1434 1029 sibi
1455 954 1559 1058 quod
1579 953 1779 1060 abnegaret

351 1069 506 1158 Jhesum
527 1079 739 1165 Christum,
763 1080 856 1155 etin
880 1080 1056 1184 despectu
1075 1081 1155 1185 ejus
1173 1099 1324 1186 spueret
1350 1111 1460 1187 supra
1480 1111 1648 1172 crucem;
1674 1086 1776 1190 quod

352 1210 628 1316 aliquantulum
656 1207 774 1285 lacere
801 1210 963 1298 distulit,
994 1211 1061 1287 sed
1090 1210 1332 1315 postmodum
1365 1212 1559 1319 abnegavit
1583 1213 1716 1302 semel,
1742 1232 1777 1289 et

352 1341 458 1417 linxit
477 1368 610 1446 spuere
627 1369 738 1446 supra
759 1369 917 1417 crucem.
936 1341 1038 1418 Dixit
1051 1341 1169 1417 eciam
1184 1371 1252 1448 per
1265 1342 1526 1448 juramentum
1540 1371 1649 1419 suum
1671 1344 1775 1449 quod

353 1470 472 1548 dictus
490 1470 674 1575 recipiens
694 1471 859 1576 precepit
883 1471 951 1547 sibi
978 1452 1083 1577 quod
1109 1499 1196 1547 eum
1221 1472 1448 1549 oscularetur
1467 1472 1506 1547 in
1524 1471 1644 1547 tribus
1665 1471 1773 1560 locis,

351 1599 526 1676 videlicet
545 1602 583 1674 in
604 1599 679 1675 sme
697 1600 801 1703 spine
822 1599 939 1688 dorsi,
963 1601 1000 1675 in
1016 1599 1195 1678 umbilico
1209 1617 1247 1676 et
1262 1601 1300 1676 iu
1321 1629 1404 1689 ore3
1427 1600 1493 1676 sed
1510 1601 1588 1703 ipse
1610 1629 1685 1677 non
1707 1602 1775 1677 suit

352 1731 537 1808 osculatus
558 1759 645 1807 eum
665 1730 735 1807 nisi
761 1730 799 1805 in
819 1730 1000 1808 umbilico
1021 1749 1058 1807 et
1078 1731 1117 1807 in
1146 1758 1222 1806 ore.
1245 1731 1345 1806 Dixit
1366 1732 1482 1807 eciam
1502 1759 1569 1835 per
1583 1732 1776 1836 juramen-

351 1877 433 1937 tum
455 1891 564 1936 suum
584 1861 689 1968 quud
708 1862 916 1967 injunctum
937 1861 1009 1939 luit
1028 1862 1098 1939 sibi
1119 1863 1223 1969 quod
1247 1864 1403 1939 omuino
1424 1862 1630 1938 abstineret
1653 1892 1672 1937 a
1694 1893 1775 1939 mu-

351 1989 521 2079 lieribus,
544 1992 625 2067 etsi
647 2019 731 2068 caro
751 2009 900 2099 urgeret
919 2020 1022 2081 eum,
1040 1991 1145 2097 quod
1166 1992 1423 2068 commisceret
1438 2021 1476 2067 se
1498 1992 1775 2069 cumfratribus

351 2119 437 2196 dicti
460 2121 618 2209 ordinis,
646 2140 684 2198 et
706 2123 779 2198 hoc
800 2122 845 2198 ab
871 2122 951 2199 aliis
977 2121 1150 2199 fratribus
1176 2139 1375 2228 pateretur.
1400 2123 1500 2199 Dixit
1524 2140 1646 2198 tamen
1672 2125 1775 2227 quod

350 2278 541 2357 nunquam
556 2252 657 2340 lecit,
680 2282 749 2329 nec
767 2253 838 2329 fuit
857 2253 1067 2359 requisitus.

404 2384 655 2488 Interrogatus
684 2400 810 2459 utrum
838 2380 981 2487 aliquos
1011 2382 1140 2458 iratres
1169 2381 1303 2458 viderit
1328 2382 1459 2486 recipi,
1484 2383 1576 2459 dixit
1596 2382 1701 2489 quod
1723 2384 1775 2459 sic

348 2513 517 2588 nnumin
535 2512 648 2590 dumo
659 2512 871 2602 Parisiensi3
886 2524 922 2586 et
935 2510 1054 2588 credit
1068 2540 1136 2618 per
1138 2512 1396 2617 juramentum
1410 2540 1522 2588 suum
1538 2512 1643 2617 quod
1659 2513 1772 2587 simili

347 2644 461 2720 modo
480 2662 650 2748 receptus
674 2643 762 2734 suit,
791 2660 828 2718 et
848 2671 978 2720 omnes
998 2642 1061 2718 alii
1078 2642 1125 2718 de
1146 2642 1277 2719 ordine
1298 2642 1542 2746 recipiuntur,
1567 2660 1609 2718 ut
1636 2643 1771 2730 credit,

348 2797 414 2874 per
435 2770 538 2847 illum
560 2772 718 2849 modum
734 2802 801 2878 per
820 2801 935 2878 quem
954 2772 1025 2849 suit
1037 2788 1221 2876 receptus.

403 2904 653 3007 Interrogatus
664 2920 789 2978 utrum
805 2904 851 2989 vi,
868 2903 926 2978 vel
935 2921 1039 2979 metu
1055 2902 1209 2978 carceris
1224 2929 1290 2976 seu
1312 2919 1605 2987 tormentorum,
1624 2919 1687 2976 aut
1701 2901 1772 2976 alia

348 3030 395 3106 de
416 3059 538 3121 causa,
562 3033 725 3137 aliquam
747 3032 881 3109 dixerit
896 3032 1093 3109 falsitatem
1119 3030 1175 3106 vel
1201 3031 1444 3107 immiscuerit
1468 3031 1507 3105 in
1531 3030 1771 3136 deposicione

258 3193 261 3202 ¹
347 3187 428 3246 sua,
452 3161 543 3237 dixit
562 3191 630 3267 per
645 3163 900 3269 juramentum
916 3192 1025 3240 suum
1040 3161 1143 3268 quod
1161 3189 1254 3247 n0u3
1282 3161 1399 3237 immo
1420 3190 1553 3266 puram
1576 3179 1612 3237 et
1631 3190 1771 3238 meram

348 3289 488 3367 dixerat
506 3294 710 3370 veritatem.

300 3633 309 3643 ,
400 3555 493 3628 ltem
512 3552 623 3630 frater
637 3554 752 3630 Fulco
773 3556 819 3629 de
840 3557 986 3640 Trecis,
1011 3555 1115 3630 etatis
1130 3580 1237 3631 xxvm
1258 3582 1443 3630 annorum
1461 3554 1518 3629 vel
1539 3554 1649 3645 circa,
1673 3554 1772 3658 jura-

343 3697 404 3758 tus
425 3681 560 3756 eodem
582 3682 698 3757 modo
717 3681 764 3756 de
785 3711 823 3758 se
845 3700 882 3758 et
897 3682 977 3759 aliis
996 3684 1036 3758 in
1057 3711 1164 3759 causa
1186 3682 1275 3759 fidei
1290 3683 1414 3761 dicere
1428 3684 1640 3772 veritatem,
1664 3701 1701 3759 et
1716 3683 1772 3758 in-

344 3826 554 3918 terrogatus
568 3810 614 3886 de
629 3827 798 3914 tempore
813 3811 972 3887 'etmodo
987 3839 1054 3887 sue
1069 3811 1315 3917 recepcionis,
1333 3811 1425 3888 dixit
1438 3841 1506 3916 per
1513 3813 1770 3917 juramentum

345 3968 455 4017 suum
480 3941 585 4047 quod
611 3939 683 4016 suit
703 3958 875 4045 receptus
895 3941 934 4017 in
954 3942 1069 4022 domo
1095 3941 1141 4018 de
1163 3942 1328 4048 Sanceyo
1340 3941 1445 4046 juxta
1465 3944 1616 4026 Trecas‚
1640 3941 1768 4015 decem

345 4071 430 4146 anni
447 4089 551 4157 sunt,
568 4100 637 4177 per
655 4069 807 4147 fratrem
829 4069 1067 4176 Radulphum
1088 4089 1319 4175 receptorem
1340 4087 1432 4145 tunc
1453 4069 1672 4173 Campania,
1690 4098 1770 4172 pre·

344 4201 511 4278 sentibus
533 4202 645 4279 fratre
665 4202 816 4280 Galtero
837 4201 884 4279 de
904 4202 1034 4278 Paians
1054 4218 1092 4278 et
1111 4200 1221 4278 fratre
1241 4200 1442 4306 Radulpho
1456 4198 1765 4305 deCompendio,

343 4347 381 4407 et
403 4333 630 4437 quibusdam
656 4333 737 4409 aliis
756 4333 803 4409 de
824 4360 986 4437 quorum
1012 4331 1230 4408 nominibus
1259 4359 1335 4407 nou
1359 4329 1501 4407 recolit.
1523 4329 1623 4405 Dixit
1653 4330 1768 4405 eciam

341 4487 409 4563 per
421 4461 679 4567 juramentum
699 4491 811 4540 suum
832 4461 952 4569 quod,
978 4480 1062 4567 post
1081 4461 1213 4540 multas
1234 4461 1500 4568 promissiones
1523 4459 1570 4535 ab
1590 4487 1636 4535 eo
1657 4457 1768 4534 factas

342 4589 388 4665 de
410 4591 649 4669 observandis
674 4592 820 4670 statutis
840 4610 878 4668 et
902 4592 1051 4669 secretis
1072 4593 1160 4669 dicti
1184 4592 1345 4679 ordinis,
1369 4607 1406 4666 et
1426 4588 1604 4666 mantello
1628 4588 1698 4666 sibi
1721 4588 1766 4663 ad

343 4721 479 4797 collum
503 4725 641 4826 posito,
664 4723 817 4829 quidam
838 4721 949 4799 irater
969 4723 1016 4801 de
1033 4723 1138 4830 cujus
1158 4723 1311 4798 nomine
1332 4748 1408 4798 non
1428 4719 1575 4811 recolit,
1605 4720 1768 4796 ostendit

340 4851 409 4928 sibi
430 4853 632 4958 quamdam
648 4883 794 4930 crucem
824 4854 863 4929 in
888 4872 1061 4960 quaerat
1083 4881 1215 4961 ymago
1239 4853 1356 4930 Jhesu
1376 4851 1516 4929 Christi
1544 4851 1705 4956 depicta,
1729 4867 1767 4925 et
