4236 5948
371 531 418 601 so
756 503 952 598 rnocts
978 523 1069 595 ens
1095 521 1397 601 TEMPttERS.

369 664 503 748 cadem
520 660 774 742 communiter
790 660 1060 744 intervenirent
1079 661 1120 738 in
1131 659 1415 767 recepcionibus
1433 657 1594 737 aliorum
1608 658 1667 737 vel
1680 677 1780 766 post;

368 821 460 878 nam,
476 790 570 868 vidit
589 790 704 896 recipi
729 788 882 869 fratrem
900 792 1052 868 Petrum
1066 789 1117 866 de
1137 789 1353 871 Boncherre
1371 788 1614 880 servientem,
1633 787 1784 867 Ambia-

369 921 496 999 nensis
511 919 687 1008 diocesis,
709 937 844 998 testem
868 918 1271 1026 supra-oraminatum,
1291 945 1360 1025 per
1378 917 1521 998 dictum
1541 912 1693 996 fratrem
1712 918 1785 994 Ro-

368 1051 521 1129 bertum
543 1050 592 1131 de
612 1051 748 1130 Sancto
767 1053 890 1140 lusto,
912 1050 953 1135 in
971 1049 1110 1155 capella
1128 1048 1264 1128 domus
1275 1047 1424 1156 Templi
1444 1048 1491 1125 de
1506 1048 1656 1156 Loyson
1671 1047 1785 1126 Mori·

370 1183 502 1265 nensis,
515 1180 691 1273 diocesis,
712 1183 751 1258 in
763 1181 916 1258 instanti
928 1179 1024 1260 sesto
1033 1179 1390 1258 Ascensioniserunt
1401 1195 1487 1256 octo
1502 1177 1590 1255 anni
1603 1177 1661 1255 vel
1672 1178 1782 1265 circa,

368 1308 608 1413 presentibus
630 1308 809 1387 fratribus
832 1308 1039 1392 Guillelmo
1065 1310 1113 1386 de
1134 1305 1281 1398 Platea,
1306 1323 1532 1413 testesupra
1556 1306 1782 1394 examinato,

368 1437 508 1521 burico
527 1438 742 1544 deBofleys
765 1438 974 1546 quondam,
994 1440 1154 1545 Hugone
1180 1437 1431 1545 d’Oysimont‚
1454 1452 1550 1536 teste
1573 1463 1683 1542 supra
1704 1463 1785 1513 exa-

368 1567 529 1656 minato,
546 1565 717 1645 Johanne
732 1566 910 1652 Dulsnna,
924 1565 971 1641 de
990 1566 1098 1670 cujus
1110 1565 1183 1642 vita
1196 1564 1254 1640 vel
1270 1581 1392 1642 morte
1411 1591 1496 1641 non·
1506 1565 1621 1651 habet
1634 1564 1786 1642 certitu·

371 1696 511 1778 dinem.
526 1691 639 1777 Vidit
653 1691 770 1769 eciam
784 1692 899 1798 recipi
915 1691 1068 1769 fiunem
1079 1692 1276 1769 Nicolaum
1292 1693 1340 1768 de
1355 1691 1548 1770 Ambianis
1559 1694 1785 1771 'servientem

369 1822 579 1931 quondam,
595 1848 665 1927 per
678 1819 831 1907 fratrem
852 1819 1062 1899 Gerardum
1083 1820 1131 1897 de
1150 1819 1356 1900 Villaribus
1373 1821 1578 1926 quondam,
1591 1839 1684 1898 tunc
1702 1850 1787 1929 pre-

369 1971 562 2060 ceptorem
580 1950 756 2044 Francis,
776 1951 816 2027 in
833 1950 959 2028 bieme
974 1949 1152 2056 preterita
1170 1947 1325 2032 fuerunt
1341 1975 1475 2026 novem
1496 1949 1582 2027 anui
1594 1949 1651 2025 vel
1670 1951 1783 2038 circa,

369 2085 408 2160 in
438 2081 600 2189 quadam
628 2106 773 2164 camera
794 2079 936 2162 domus·
952 2077 1102 2185 Templi
1122 2077 1169 2156 de
1193 2078 1399 2159 Somorens
1417 2075 1679 2155 Ambianensis
1702 2079 1785 2158 dio-

370 2213 479 2300 cesis,
507 2210 745 2317 presentibus
768 2209 876 2287 dictis
897 2206 1074 2286 fratribus
1092 2206 1292 2314 liudulpho
1318 2207 1366 2284 ds
1389 2207 1544 2313 Sernoy,
1560 2207 1715 2286 Garrico
1737 2210 1784 2286 de

369 2340 550 2420 Nulbiaco
571 2356 610 2416 et
637 2337 848 2418 Guillermo
875 2337 922 2415 de
942 2336 1065 2421 Platea
1091 2336 1355 2422 servientibus,
1375 2335 1540 2415 Roberto
1571 2337 1619 2415 de
1649 2338 1784 2417 Sancto

370 2468 478 2547 Justo
510 2485 549 2544 et
577 2467 746 2551 Auberto
779 2466 826 2544 de
856 2465 1083 2546 Grimenilio
1114 2465 1347 2573 presbiteris,
1376 2465 1593 2556 deffunctis3
1628 2485 1668 2545 et
1698 2497 1784 2546 cum

369 2598 498 2675 omnia
522 2597 623 2675 licite
657 2624 733 2703 que
763 2596 938 2704 deposuit
966 2594 1208 2674 intervenisse
1237 2596 1277 2673 in
1311 2597 1530 2702 recepcione
1558 2598 1708 2703 propria
1733 2598 1786 2674 vi·

371 2724 487 2809 disset
519 2726 761 2804 intervenisse
799 2725 839 2802 in
879 2724 1164 2831 recepcionibus
1194 2724 1451 2831 predictorum
1487 2725 1644 2804 fratrum
1685 2728 1784 2805 Petri

370 2871 408 2940 et
434 2854 573 2931 Nicolai
603 2870 641 2932 et
668 2882 732 2932 eos
760 2852 951 2936 nudatus
974 2852 1125 2944 fuisset,
1160 2853 1313 2934 recessit
1347 2855 1471 2932 dictus
1494 2857 1617 2947 testis,
1647 2857 1785 2936 relictis

371 2983 478 3061 dictis
500 2982 659 3089 receptis
674 3000 713 3060 et
728 2983 990 3088 receptoribus
1008 2982 1232 3064 eorumdem
1246 2983 1286 3060 in
1305 2983 1398 3063 locis
1414 2985 1661 3092 recapcionis3
1681 2989 1784 3065 unde

369 3110 489 3189 credit
503 3112 609 3217 quod
622 3128 725 3199 tunc,
737 3110 915 3217 postejus
925 3137 1115 3188 recessum
1128 3127 1167 3187 ct
1181 3109 1358 3201 aliorum,
1372 3111 1642 3191 intervenirent
1655 3113 1785 3193 illicita

370 3240 590 3346 supradicta.
612 3239 828 3346 Requisitus
846 3266 960 3346 quare
980 3239 1195 3328 recedebat,
1217 3241 1538 3349 responditquod
1554 3244 1785 3350 propterol·

369 3368 453 3445 licia
472 3365 730 3474 quegerebat.
751 3368 864 3459 Item,
886 3368 979 3447 dixit
997 3395 1036 3446 se
1056 3367 1169 3449 luisse
1185 3367 1396 3453 confessum
1416 3370 1465 3448 de
1483 3373 1660 3477 predictis
1682 3399 1785 3450 erro-

370 3495 476 3573 ribus
495 3494 866 3601 predictissratsibus
883 3495 1048 3574 Roberto
1069 3515 1106 3574 et
1119 3497 1305 3588 Aubereo,
1323 3517 1361 3576 et
1373 3499 1590 3582 absolutum
1609 3501 1784 3582 luisseab

371 3625 441 3713 eis,
468 3625 535 3710 scd
553 3622 697 3711 nullam
709 3627 963 3730 penitenciam
981 3642 1135 3733 propter
1161 3628 1235 3707 boc
1253 3629 1520 3734 imposuissent
1538 3631 1675 3711 eidem.
1697 3631 1786 3709 Plu·

371 3755 482 3830 rium.
500 3752 795 3859 receptionibus.
807 3754 909 3836 dixit·
925 3784 964 3834 se
989 3782 1067 3833 non
1095 3755 1269 3840 adbrisse·
1284 3757 1524 3865 ina-capitulis
1547 3759 1785 3866 generalibus

372 3881 607 3961 eorumdem.
622 3883 735 3973 Item,
750 3883 844 3965 dixit
858 3911 901 3963 so
918 3884 1201 3993 crederequod:
1208 3885 1341 3968 batres
1359 3889 1503 3972 ordinis
1517 3890 1713 3968 crederent
1727 3918 1786 3968 eo·

370 4011 591 4095 clesiasticis·
607 4013 863 4104 sacramentis,
880 4014 1113 4121 quibusipse
1131 4014 1324 4104 credebat,
1341 4034 1380 4094 et
1393 4018 1497 4123 quod
1518 4046 1651 4096 eorum
1670 4046 1785 4097 saeer-

371 4138 487 4227 dotes.
500 4140 626 4228 debite
648 4141 894 4226 celebrarent.
916 4143 1050 4223 Statim
1069 4171 1139 4250 pro
1157 4143 1332 4251 professis
1351 4145 1597 4225 habebantur
1626 4147 1786 4227 Glande·

369 4268 467 4355 stine
480 4270 769 4377 recipiebantur.
781 4270 898 4352 nullis
909 4273 1149 4379 presentibus
1163 4274 1235 4355 nisi
1247 4274 1593 4357 fratribus-ordinis.
1609 4276 1786 4357 Cordulis

252 4390 254 4394 ⁸
369 4399 479 4485 unde
496 4398 675 4477 volebant
692 4402 892 4509 assumptis
916 4402 1163 4510 cingebantur
1186 4432 1300 4512 super
1329 4407 1497 4485 camisias
1529 4437 1617 4486 cum
1646 4407 1786 4515 quibus

352 4556 353 4559 ¹
363 4525 548 4630 jacebant.
570 4528 874 4636 tnjuuuomfirit
892 4531 1052 4640 siquod
1070 4532 1782 4643 nonfreseluetzsesretacapitulorum.

370 4653 418 4731 de
439 4655 556 4744 m0d0
574 4658 858 4764 reoepcionibus
872 4661 985 4746 nulla.
997 4657 1147 4768 speciali
1166 4661 1294 4746 hahita
1311 4664 1521 4746 mensione.
1542 4665 1784 4748 Audivistin

236 4783 237 4788 ‘
369 4784 473 4890 quod
493 4785 636 4891 absque
660 4787 816 4870 licencia
835 4820 913 4875 non
930 4807 1113 4900 poterant·
1125 4793 1197 4874 nisi
1217 4794 1477 4876 sacerdotibus·
1496 4795 1650 4876 ordinis.
1667 4795 1785 4876 confi-
