4236 5948
727 561 924 653 esoces
949 578 1045 653 nus
1071 578 1371 651 reuertens.
1686 578 1760 650 ece

339 740 432 811 tem,
459 738 513 809 et,
541 736 689 797 ostensa
708 718 780 796 sibi
800 719 961 826 quadam
983 746 1091 796 cruce
1112 746 1197 795 cum
1216 717 1339 826 effigie
1360 716 1477 795 Jhesu
1503 713 1656 802 Christi,
1679 745 1763 821 pre·
1800 818 1805 827 ·

340 869 521 961 oeperunt
548 852 583 929 ei
608 851 714 958 quod
740 851 941 959 abnegaret
960 851 1168 939 Christum,
1192 868 1228 927 et
1245 865 1397 956 spueret
1412 875 1523 953 supra
1549 875 1698 925 crucem
1726 866 1765 924 et

341 983 503 1092 effigiem
523 981 661 1062 Christi
681 983 720 1059 in
742 1011 785 1060 ea
805 983 1001 1089 depictam.
1029 981 1143 1077 Quod
1168 982 1249 1087 ipse
1269 978 1489 1087 aliquandiu
1517 977 1637 1056 lacere
1655 1006 1764 1055 recu·

340 1116 446 1207 sarit,
474 1133 515 1192 ut
535 1112 643 1204 dixit3
674 1129 712 1190 et
735 1114 889 1192 tandem
911 1112 1172 1218 compulerunt
1191 1141 1279 1189 eum
1308 1112 1488 1219 abnegare
1513 1109 1709 1188 Christum
1726 1129 1763 1185 et

341 1273 473 1352 spuere
494 1272 605 1349 supra
625 1243 762 1321 dictam
784 1272 953 1334 crucem;
970 1245 1076 1350 quod
1095 1271 1171 1321 non
1186 1242 1273 1319 lecit
1287 1243 1416 1330 corde,
1439 1240 1535 1318 sicut
1550 1239 1657 1326 dixit,
1677 1238 1765 1315 licet

342 1404 417 1455 ore.
443 1375 545 1453 Dixit
564 1374 680 1451 eciam
699 1404 768 1480 per
782 1376 1040 1482 juramentum
1060 1403 1173 1452 suum
1206 1374 1312 1480 quod
1338 1372 1462 1450 statim
1488 1370 1674 1448 osculatus
1693 1369 1766 1445 luit

342 1506 481 1585 dictum
502 1504 745 1611 recipientem
760 1506 798 1582 in
818 1505 997 1584 umbilico
1014 1523 1053 1582 et
1067 1505 1107 1581 in
1121 1532 1186 1583 ore
1203 1502 1457 1581 solummodo
1477 1505 1526 1580 Et
1540 1500 1633 1576 dixit
1648 1499 1764 1576 eciam

342 1637 462 1716 dictm
480 1635 593 1713 frater
606 1635 652 1715 G.
673 1636 778 1742 quod
800 1636 922 1715 dictus
942 1635 1125 1742 recipiens
1144 1634 1235 1712 dixit
1255 1634 1326 1712 sibi
1346 1633 1450 1741 quod
1465 1632 1544 1737 ipse
1563 1630 1677 1709 etalii
1695 1631 1767 1706 fra·

341 1784 414 1847 tres
435 1766 621 1845 debebant
640 1794 679 1843 se
702 1767 909 1845 adinvicem
925 1767 1068 1873 juvare.
1091 1766 1307 1871 Requisitus
1331 1764 1378 1841 de
1404 1792 1481 1870 quo
1500 1763 1689 1870 juvamine
1710 1761 1767 1836 in-

341 1898 573 2006 telligebant,
594 1897 686 1975 dixit
705 1927 773 2004 per
784 1900 1042 2006 juramentum
1062 1926 1172 1976 suum
1199 1899 1303 2007 quod
1323 1896 1443 1974 credit
1462 1894 1565 2001 quod
1588 1892 1768 2000 intellige-

342 2027 542 2135 bantqnod
552 2027 834 2131 commiscerent
850 2058 890 2107 se
905 2029 1111 2107 adinvicem
1125 2029 1335 2117 carnaliter3
1357 2045 1482 2103 tamen
1497 2053 1574 2102 non
1585 2024 1768 2134 ¹expressit

343 2158 467 2237 verbe.
483 2159 697 2265 Requisitus
716 2160 747 2236 si
767 2188 935 2266 unquam
955 2160 1046 2236 vidit
1066 2187 1187 2236 unum
1211 2159 1332 2266 capud
1352 2157 1458 2264 quod
1478 2156 1668 2234 consuevit
1683 2183 1769 2260 por-

342 2290 411 2367 tari
428 2289 476 2366 ad
496 2291 657 2396 capitula
676 2308 714 2367 et
735 2290 858 2368 exhibi
877 2290 1068 2378 fratribus,
1092 2290 1183 2367 dixit
1208 2288 1314 2396 qnod
1334 2288 1428 2365 vidit
1447 2288 1571 2393 ipsum
1592 2286 1650 2364 bis
1669 2287 1770 2364 Pari-

344 2420 418 2499 sius
442 2420 493 2497 in.
506 2419 655 2497 duobus
677 2419 864 2525 capitulis,
889 2438 926 2498 et
953 2421 1046 2497 dixit
1067 2448 1135 2524 per
1148 2420 1403 2526 juramentum
1423 2447 1535 2495 snum
1553 2419 1658 2522 quod
1677 2417 1768 2493 vidit

343 2549 436 2630 illud
455 2551 576 2656 capud
594 2579 663 2657 per
680 2550 812 2629 fratres
827 2552 917 2629 dicti
939 2552 1082 2629 ordinis
1102 2550 1260 2629 adorari.

397 2682 649 2788 Interrogatus
664 2683 693 2759 si
712 2712 892 2789 umquam
912 2682 1001 2760 lecit
1018 2683 1076 2759 vel
1095 2683 1234 2787 recepit
1248 2681 1397 2787 aliquos
1414 2680 1545 2756 lratres
1563 2680 1603 2755 in
1616 2682 1766 2769 ordine,

345 2811 436 2888 dixit
458 2840 527 2919 per
549 2813 805 2919 juramentum
833 2843 946 2891 sunm
965 2814 1070 2920 quod
1095 2814 1148 2891 sic
1167 2813 1280 2902 duos,
1312 2839 1475 2918 quorum
1500 2839 1598 2888 unus
1620 2828 1770 2887 vocatur

345 2941 567 3033 Pictavinus,
590 2945 801 3050 presbyten
818 2944 867 3022 de
879 2948 1033 3022 nomine
1048 2944 1199 3023 alterius
1211 2971 1287 3020 non
1302 2943 1520 3020 recordatur
1532 2942 1641 3018 bene.
1658 2943 1770 3019 Inter-

344 3091 492 3180 rogatus
509 3093 637 3152 utrum
655 3074 744 3153 lecit
764 3094 802 3152 et
820 3078 962 3182 recepit
978 3076 1063 3154 illos
1082 3105 1151 3181 per
1170 3075 1279 3154 illum
1298 3074 1458 3152 modum
1476 3101 1544 3180 per
1563 3100 1679 3179 quem
1697 3072 1771 3150 fuit

343 3221 529 3311 receptus,
551 3205 644 3283 dixit
661 3207 766 3312 quod
781 3208 848 3297 sic,
873 3208 961 3314 quia
975 3209 1006 3285 si
1020 3208 1127 3286 aliter
1138 3206 1304 3297 fecisset,
1322 3206 1467 3312 positus
1487 3204 1616 3283 luisset
1633 3205 1672 3281 in
1692 3233 1770 3281 car-

346 3362 428 3412 cere
448 3352 649 3441 perpetuo,
671 3339 702 3414 si
718 3338 781 3415 alii
797 3339 999 3417 scivissent.

397 3465 648 3571 Interrogatus
675 3485 802 3545 utrum
821 3469 873 3560 vi,
900 3469 957 3546 vel
983 3487 1088 3546 metu
1108 3469 1265 3546 carceris
1290 3485 1353 3543 aut
1382 3483 1676 3551 tormentorum,
1706 3484 1769 3542 aut

345 3593 415 3672 elia
428 3594 477 3671 de
491 3624 614 3686 causa,
626 3596 791 3704 aliquam
809 3597 1004 3676 falsitatem
1019 3599 1295 3687 immiscuisset,
1311 3612 1376 3676 aut
1389 3598 1564 3674 tacuisset
1578 3596 1769 3674 veritatem

344 3723 385 3803 in
404 3753 471 3802 sna
494 3726 749 3831 deposicione,
777 3728 867 3805 dixit
890 3758 959 3834 per
973 3731 1230 3836 juramentum
1256 3756 1368 3805 suum
1395 3727 1501 3834 quod
1525 3754 1620 3818 non3
1653 3727 1769 3803 immo

345 3884 476 3960 petram
496 3872 533 3933 et
551 3858 733 3966 integram
751 3858 892 3936 dixerat
911 3861 1105 3938 veritatem
1122 3876 1277 3964 propter
1295 3859 1452 3936 salutem
1472 3858 1594 3935 anime
1614 3885 1693 3934 sue.

399 4119 494 4195 ltem
514 4119 627 4196 lrater
647 4120 880 4199 Guillermns
899 4122 947 4201 de
968 4120 1157 4228 Herbleyo
1177 4119 1459 4198 elemosinarius
1476 4118 1622 4195 domini
1639 4118 1769 4223 Regis,

347 4247 453 4325 etatis
472 4251 715 4356 quadraginta
737 4281 924 4330 annorum
947 4253 1006 4330 vel
1031 4253 1142 4341 circa,
1172 4269 1216 4330 ut
1237 4251 1401 4339 dicebat,
1425 4250 1560 4327 eodem
1579 4248 1695 4325 modo
1708 4249 1774 4354 ju·
1806 4220 1819 4289 ἶ

345 4393 446 4455 ratus
466 4395 504 4454 et
521 4379 769 4489 interrogatus
785 4384 832 4460 de
851 4402 1022 4490 tempore
1043 4399 1081 4461 et
1105 4382 1220 4462 modo
1241 4412 1307 4461 sue
1327 4380 1573 4487 recepcionis,
1596 4376 1776 4484 dixit-per

342 4505 599 4613 juramentum
626 4542 737 4592 snum
757 4516 865 4622 quod
882 4515 953 4593 luit
975 4532 1147 4622 receptus
1165 4515 1294 4622 viginti
1316 4514 1404 4590 anni
1425 4510 1715 4615 lueruntelapsi
1735 4510 1776 4586 -in

346 4637 441 4718 festo
466 4643 582 4719 sancti
608 4645 799 4724 Michaelis
830 4676 950 4753 nuper
977 4647 1173 4754 preterito,
1206 4646 1306 4751 apud
1331 4648 1468 4722 Furcas
1497 4643 1535 4718 in
1564 4640 1776 4720 Gastinesio

348 4767 507 4849 diocesis
526 4773 770 4866 Senonensis,
789 4804 857 4883 per
876 4775 1027 4854 fratrem
1047 4777 1258 4855 Johannem
1280 4776 1327 4854 de
1347 4776 1478 4853 Turno
1497 4773 1773 4851 thesaurarium

348 4901 538 5006 quondum
558 4908 705 5014 Templi
726 4909 903 4998 Parisius,
922 4927 1096 5015 presente
1115 4908 1228 4986 fratre
1249 4908 1414 4988 Roberto
1439 4923 1658 5013 preceptore
1685 4923 1774 4983 tnnc

1188 5045 1191 5049 ’
1575 5053 1625 5114 ss.
