4236 5948
342 563 414 633 302
733 534 928 628 rnocns
954 553 1049 624 ons
1075 552 1374 624 rnurmnns.

403 701 444 778 ln
463 699 601 777 Christi
618 698 772 775 nomine
792 725 911 774 amen.
934 696 1060 772 Pateat
1076 693 1273 784 universis,
1293 723 1360 801 per
1380 692 1453 770 boe
1468 719 1622 799 presens
1639 690 1765 799 publi-

342 861 428 909 cum
450 831 761 916 instrumentum,
787 826 891 934 quod
910 854 1008 903 anno
1036 824 1188 903 Domini
1210 824 1410 902 millesimo
1432 822 1696 902 trecentesimo
1714 852 1767 901 se·

343 964 473 1069 ptimo,
489 962 679 1039 indicione
691 976 801 1048 sexta,
815 957 1054 1063 pontificatus
1071 956 1291 1034 sanctissimi
1299 956 1414 1062 patris
1426 972 1463 1032 et
1470 954 1612 1032 domini
1624 953 1767 1032 domini

342 1093 544 1173 Clementis
569 1092 691 1167 divina
715 1089 947 1196 providentia
967 1117 1061 1197 pape
1086 1088 1207 1195 quinti
1235 1116 1333 1166 anno
1360 1087 1542 1177 secundo,
1571 1086 1633 1164 die
1657 1087 1765 1162 Lnne

343 1241 425 1301 ante
445 1224 582 1301 festum
610 1221 868 1331 apostolorum
887 1221 1061 1328 Symonis
1082 1237 1119 1297 et
1142 1219 1255 1309 lude,
1280 1219 1452 1297 videlicet
1471 1247 1558 1298 xxm
1578 1216 1640 1294 die
1664 1236 1767 1295 octo·

341 1354 436 1443 bris,
458 1353 562 1460 quod
575 1355 614 1429 in
629 1352 848 1430 venerabilis
865 1369 902 1429 et
914 1351 1077 1458 religiosi
1096 1351 1165 1427 viri
1180 1350 1303 1428 lratris
1321 1350 1518 1429 Guillermi
1543 1350 1589 1426 de
1607 1347 1766 1426 Parisios

342 1484 483 1562 ordinis
497 1484 652 1562 sratrum
664 1485 959 1571 Predicatorum,
978 1483 1209 1589 inquisitoris
1221 1482 1384 1559 heretice
1400 1481 1586 1587 pravitatis
1600 1480 1639 1557 in
1650 1508 1765 1586 regno

342 1614 494 1691 Francie
514 1615 730 1691 auctoritate
751 1613 952 1721 apostolica
978 1613 1159 1719 deputati,
1189 1630 1359 1690 nostrum
1384 1611 1618 1689 notariorum
1643 1609 1767 1716 publi-

343 1774 472 1824 corum
495 1763 533 1824 et
552 1746 703 1823 testium
732 1744 1052 1851 infrascriptorum
1081 1745 1288 1850 presencia,
1320 1743 1434 1821 frater
1464 1743 1696 1823 Guillermus
1717 1742 1764 1820 de

343 1878 507 1983 Varnage
523 1877 647 1964 miles,
663 1904 812 1953 morans
830 1877 869 1950 in
885 1876 1000 1953 domo
1014 1873 1060 1951 de
1077 1828 1449 1953 Beldabituricensis
1469 1874 1645 1962 diocesis,
1661 1873 1767 1950 etatis

342 2007 471 2114 viginti
489 2006 652 2084 duorum
668 2007 726 2083 vel
747 2006 873 2113 viginti
888 2008 1004 2083 trium
1020 2034 1206 2083 annorum
1221 2006 1278 2083 vel
1292 2006 1401 2096 circa,
1424 2005 1672 2112 personaliter
1685 2033 1768 2082 con-

344 2138 546 2215 stitutusut
561 2138 608 2214 de
624 2165 663 2213 se
678 2137 769 2214 etde
779 2136 862 2213 aliis
876 2136 1034 2242 predicti
1051 2136 1196 2213 ordinis
1204 2135 1494 2242 milicieTempli
1507 2135 1631 2212 eidem
1646 2134 1769 2240 inqui-

343 2269 449 2345 sitori
463 2266 595 2344 delatis
609 2296 721 2373 super
736 2266 835 2344 dicto
855 2267 1012 2343 crimine
1029 2266 1170 2344 diceret
1181 2266 1392 2356 veritatem,
1408 2283 1446 2343 et
1460 2264 1766 2373 [interrogatusl]

346 2397 393 2472 de
403 2413 573 2503 tempore
585 2415 622 2474 et
635 2397 750 2475 modo
764 2397 992 2503 recepcionis
1005 2425 1088 2486 sue,
1105 2396 1196 2474 dixit
1207 2427 1276 2503 per
1280 2396 1538 2503 juramentum
1546 2424 1658 2474 suum
1667 2395 1768 2502 qnod

343 2527 416 2604 luit
429 2545 601 2633 receptus
621 2530 659 2604 in
677 2529 790 2606 domo
810 2529 856 2607 de
873 2531 1024 2606 Foresta
1038 2529 1143 2635 juxta
1158 2512 1384 2634 Agirandam
1400 2527 1674 2605 Lemovicensis
1689 2526 1769 2604 dio·

346 2660 454 2748 cesis,
475 2688 544 2764 per
562 2658 713 2736 fratrem
737 2659 1001 2766 Raymundum
1024 2661 1071 2734 de
1091 2659 1288 2765 Vassignac
1313 2687 1414 2736 nunc
1438 2674 1695 2765 preceptorem
1722 2658 1767 2734 de

344 2787 475 2879 Belda,
488 2817 550 2865 sex
569 2790 654 2865 anni
669 2789 726 2866 vel
747 2790 842 2866 circa
859 2806 947 2866 suut
961 2788 1091 2896 elapsi,
1108 2789 1344 2896 presentibus
1361 2788 1536 2866 fratribus
1550 2790 1709 2895 Hugone
1723 2788 1767 2864 de

344 2919 380 2994 la
394 2920 541 3025 Depere
564 2937 602 2995 et
615 2919 812 2997 Ymbaudo
832 2922 992 2997 Berruer
1011 2920 1102 2996 dicti
1122 2919 1279 3008 ordinis,
1300 2936 1337 2996 et
1356 2919 1583 3025 quibusdam
1602 2918 1684 2995 aliis
1703 2920 1766 3027 qui

345 3066 435 3127 sunt
447 3051 601 3127 mortui.
623 3052 670 3127 Et
689 3050 780 3128 dixit
799 3079 867 3157 per
876 3051 1132 3156 juramentum
1152 3079 1264 3127 suum
1283 3049 1406 3156 quod,
1425 3078 1470 3127 eo
1485 3065 1656 3156 recepto,
1668 3050 1769 3155 jura-

346 3197 475 3258 mento
495 3180 541 3257 ab
561 3209 607 3258 eo
626 3182 784 3287 prestito
805 3181 902 3258 inter
916 3198 1037 3259 cetera
1051 3181 1098 3257 de
1114 3181 1257 3258 statutis
1273 3198 1310 3258 et
1321 3181 1473 3258 secretis
1487 3180 1631 3257 ordinis
1646 3181 1769 3259 obser-

346 3309 490 3402 vandis,
521 3329 558 3387 et
584 3328 729 3389 ostensa
749 3312 821 3389 sibi
847 3340 955 3388 cruce
978 3340 1066 3388 cum
1090 3310 1213 3419 effigie
1238 3311 1353 3389 Jhesu
1378 3309 1518 3389 Christi
1542 3312 1582 3386 in
1605 3313 1768 3418 quodam

346 3439 444 3518 libro
460 3442 660 3530 existente,
679 3443 861 3546 recipiens
875 3442 1034 3548 quesivit
1048 3441 1094 3518 ab
1111 3470 1157 3518 eo
1171 3441 1276 3548 cujus
1289 3442 1464 3520 credebat
1479 3470 1559 3520 esse
1574 3441 1678 3518 illam
1692 3440 1769 3519 effi-

347 3569 464 3674 giem3
483 3586 520 3646 et
539 3570 619 3675 ipse
638 3572 703 3677 qui
718 3570 885 3678 loquitur
904 3571 1099 3678 respondit
1117 3573 1222 3678 quod
1245 3573 1401 3652 Domini
1421 3573 1536 3650 Jhesu
1551 3572 1703 3651 Christi.
1723 3573 1769 3648 Et

347 3716 435 3775 tunc
464 3700 649 3807 recipiens
675 3702 768 3779 dixit
791 3702 862 3779 sibi
891 3704 997 3811 quod
1026 3704 1224 3811 oportebat
1252 3704 1357 3810 quod
1381 3703 1582 3810 abnegaret
1606 3732 1711 3792 eum,
1734 3719 1769 3779 et

346 3848 498 3935 spueret
511 3861 622 3939 supra
642 3862 789 3910 crucem
805 3852 841 3910 et
855 3836 1065 3941 ymaginem
1079 3835 1262 3940 predictas
1280 3852 1350 3912 ter.
1367 3835 1460 3929 Qui,
1483 3834 1572 3912 licet
1583 3834 1719 3913 invitus
1735 3850 1769 3911 et

345 3964 516 4039 turbatus
528 3962 624 4040 ultra
640 3993 751 4070 quam
764 3951 944 4042 credibile
961 3983 1073 4054 esset,
1089 3966 1283 4072 abnegavit
1297 3995 1383 4043 eum
1400 3965 1532 4055 semel,
1546 3983 1582 4043 et
1597 3966 1698 4071 spuit
1712 3981 1767 4041 ter

346 4120 458 4198 supra
477 4122 626 4170 crucem
646 4112 683 4171 et
699 4096 909 4202 ymaginem
934 4095 1135 4201 predictas3
1161 4095 1234 4173 boc
1256 4094 1413 4186 faciens,
1437 4111 1482 4173 ut
1501 4096 1607 4185 dicit,
1632 4097 1768 4174 timore

346 4223 532 4328 ipsorum3
550 4241 588 4302 et
606 4224 652 4302 de
672 4225 745 4302 hoc
763 4242 909 4302 tantum
923 4227 1044 4305 doluit
1063 4244 1100 4303 et
1119 4226 1191 4303 fuit
1202 4227 1393 4316 turbatus,
1415 4229 1520 4334 quod
1535 4225 1676 4332 pluries
1697 4227 1770 4303 exi·

346 4353 459 4431 visset
466 4355 656 4445 ordinem,
674 4357 745 4432 nisi
762 4374 1012 4463 essetpropter
1025 4358 1202 4435 timorem
1218 4359 1426 4435 amicorum
1443 4386 1617 4445 suorum,
1634 4385 1682 4434 ne
1696 4385 1772 4434 cre·

348 4483 479 4561 darent
508 4486 613 4591 quod
641 4487 719 4592 ipse
744 4487 914 4564 exivisset
934 4488 1106 4566 ordinem
1130 4506 1284 4596 propter
1311 4488 1474 4596 aliquam
1498 4488 1609 4566 aliam
1636 4487 1771 4565 molam

349 4641 509 4691 causam.

403 4744 497 4820 ltem
511 4744 602 4823 dixit
615 4777 682 4852 per
691 4747 948 4853 juramentum
960 4779 1070 4827 suum
1086 4751 1190 4856 quod
1202 4750 1387 4856 recipiens
1404 4751 1565 4859 injunxit
1581 4749 1654 4829 sibi
1669 4749 1772 4858 qnod

347 4873 550 4952 abstineret
563 4905 583 4953 a
598 4877 821 4956 mulieribus
840 4879 1010 4971 omnino,
1030 4899 1068 4958 et
1087 4880 1192 4988 quod
1208 4882 1238 4959 si
1254 4881 1367 4960 vellet
1381 4883 1558 4961 accedere
1573 4883 1622 4961 ad
1642 4881 1772 4960 iratres
