4236 5948
603 505 802 600 eronus
830 527 925 601 nas
952 528 1251 606 reuertens.
1588 538 1632 611 ar

215 664 365 744 instanti
382 685 552 772 tempore
580 665 764 756 Pascbali,
786 667 1024 773 presentibus
1047 671 1224 750 fratribus
1248 669 1455 751 Guillelmo
1478 672 1525 750 de
1548 676 1640 751 Ter-

215 796 316 874 rellis
341 795 480 887 milite,
505 795 675 872 Johanne
695 796 851 903 Anglico
873 799 1065 889 Remensi,
1088 801 1246 879 testibus
1270 831 1381 909 supra
1402 804 1635 894 examinatis,

215 929 383 1006 Jobanue
404 926 452 1003 de
474 925 640 1004 Chesaco
665 929 858 1033 quondam
884 930 1078 1007 serviente.
1100 931 1270 1009 Plurium
1295 934 1579 1040 recepcionibus
1600 964 1638 1015 se

183 1094 184 1098 ¹
216 1086 289 1136 non
305 1056 439 1134 recolit
455 1055 636 1147 adfuisse,
661 1086 731 1134 nec
754 1059 839 1145 scit,
865 1088 936 1137 nee
960 1062 1097 1153 credit,
1123 1091 1191 1140 nec
1214 1064 1356 1141 audivit
1379 1065 1451 1142 dici
1474 1068 1578 1172 quod
1600 1067 1638 1143 in

216 1190 267 1266 eis
283 1188 342 1265 vel
362 1205 447 1295 post
466 1188 708 1266 interveniret
727 1189 871 1298 aliquid
893 1192 1150 1272 inhonestum.

269 1320 485 1427 Requisitus
499 1321 530 1398 si
545 1321 596 1397 sic
610 1320 838 1428 deposuerat
851 1352 981 1429 prece,
993 1343 1186 1432 precept0,
1199 1326 1352 1417 timore,
1365 1354 1509 1415 amore,
1528 1329 1637 1417 odio,

215 1452 271 1530 vel
292 1453 454 1530 comodo
471 1453 668 1559 temporali
690 1453 819 1532 habito
840 1454 901 1532 vel
921 1456 1114 1546 babendo,
1132 1457 1327 1563 respondit
1339 1458 1445 1564 quod
1461 1486 1554 1547 non,
1572 1460 1638 1536 sed

216 1613 282 1691 pro
318 1584 471 1662 veritate
502 1585 679 1673 dicenda,
710 1587 780 1663 cui
794 1584 865 1663 fnit
886 1586 1098 1696 injunctum
1119 1589 1223 1696 quod
1243 1616 1321 1665 non
1341 1588 1522 1665 revelaret
1541 1590 1637 1666 banc

216 1743 318 1791 suam
349 1713 650 1820 deposicionem,
685 1745 884 1822 quousque
919 1719 1179 1796 attestaciones
1204 1718 1346 1797 fuerint
1365 1717 1575 1826 publicate3
1598 1738 1632 1796 et

216 1874 290 1922 non
312 1845 502 1924 obtulerat
522 1876 561 1923 se
581 1847 627 1923 ad
652 1847 925 1924 deffensionem
949 1849 1038 1927 dicti
1063 1848 1227 1940 ordinis,
1264 1866 1301 1927 et
1328 1849 1562 1958 intelligebat
1585 1852 1636 1927 la-

215 1996 348 2054 tinum.

268 2241 398 2317 Frater
411 2241 600 2316 lohannes
613 2238 782 2316 Durandi
798 2243 1072 2320 Lemovicensis
1095 2241 1272 2333 diocesis,
1288 2261 1486 2349 preceptor
1503 2244 1639 2321 domus

215 2368 364 2475 Templi
381 2368 428 2446 de
441 2370 580 2447 Codria
595 2370 817 2448 Pictavensis
833 2371 1010 2463 diocesis,
1028 2373 1132 2450 testis
1146 2401 1257 2479 supra
1267 2372 1431 2480 juratus,
1455 2373 1641 2450 defferens

215 2498 435 2577 mantellum
452 2500 595 2577 ordinis
616 2519 653 2577 et
672 2500 844 2589 barbam,
872 2503 1214 2611 quinquagenarius
1235 2503 1295 2579 vel
1316 2504 1425 2588 circa,
1449 2531 1534 2579 cum
1562 2531 1639 2609 quo

215 2629 435 2738 inquisitum
464 2629 602 2721 fuerat,
630 2630 826 2708 absolutus
853 2649 891 2708 et
917 2632 1178 2711 reconciliatus
1204 2661 1272 2738 per
1300 2631 1497 2711 officialem
1522 2632 1641 2709 Picta-

215 2788 386 2849 vensem;
409 2760 515 2838 lectis
534 2779 572 2838 et
594 2761 797 2867 diligenter
825 2763 1000 2867 expositis
1027 2764 1098 2842 sibi
1119 2763 1297 2840 omnibus
1318 2781 1355 2841 et
1374 2762 1532 2871 singulis
1551 2763 1640 2839 arti·

215 2892 323 2985 culis,
345 2892 542 2999 respondit
560 2919 600 2969 se
623 2892 782 2985 nescire,
805 2921 875 2969 nce
895 2894 1068 2985 credere,
1093 2922 1172 2970 nec¹
1185 2895 1369 2970 audivisse
1391 2893 1464 2969 dici
1486 2895 1532 2970 de
1554 2923 1641 2970 con·

214 3023 327 3101 tentis
351 3023 391 3098 in
413 3022 465 3099 eis
486 3022 557 3098 nisi
579 3024 685 3129 quod
705 3023 887 3129 sequitur.
909 3023 1013 3102 Dixit
1033 3023 1135 3099 enim
1162 3024 1268 3130 quod
1288 3022 1328 3097 in
1354 3021 1638 3128 recepcionibus

215 3183 281 3231 sua
300 3171 339 3233 et
357 3153 519 3232 aliorum
540 3182 636 3261 quos
655 3155 748 3232 vidit
766 3154 883 3260 recipi
903 3183 980 3232 non
1001 3155 1284 3231 intervenerunt
1298 3182 1368 3231 nec
1384 3154 1551 3262 injuncta
1563 3151 1639 3230 fue-

214 3303 304 3361 runt
323 3285 591 3392 abnegaciones
613 3304 651 3362 et
676 3285 1028 3391 dogmatizaciones,
1050 3284 1234 3391 vituperia
1263 3285 1400 3370 crucis,
1427 3282 1554 3361 oscula
1583 3282 1640 3358 in-

215 3416 389 3506 honesta,
412 3419 554 3494 crimen
573 3417 859 3507 sodomiticum,
882 3446 950 3495 nec
970 3415 1064 3493 vidit
1084 3445 1153 3493 nec
1172 3416 1314 3492 audivit
1334 3415 1407 3492 dici
1428 3415 1533 3521 quod
1553 3414 1639 3490 ado-

214 3548 382 3625 raciones
407 3548 477 3624 cati
504 3565 543 3624 et
567 3545 770 3654 ydolorum
794 3547 930 3624 [ierent
955 3548 993 3622 in
1018 3545 1170 3637 ordine,
1193 3575 1263 3621 nec
1283 3545 1545 3622 absoluciones
1572 3571 1640 3649 per

213 3676 325 3756 laicos
346 3707 496 3767 eorum,
519 3707 590 3756 nee
606 3678 713 3785 quod
732 3677 863 3757 fratres
883 3678 1027 3755 ordinis
1043 3694 1167 3755 essent
1182 3675 1370 3754 increduli
1384 3675 1639 3752 ecclesiasticis

213 3810 472 3901 sacramentis,
498 3808 637 3915 quibus
661 3809 739 3915 ipse
762 3809 955 3899 credebat,
978 3838 1048 3884 nec
1068 3809 1174 3914 quod
1198 3837 1331 3886 eorum
1351 3808 1563 3884 sacerdotes
1582 3807 1639 3882 in-

213 3938 340 4017 debite
362 3958 400 4016 et
420 3957 549 4016 contra
568 3938 729 4017 formam
752 3938 918 4016 Ecclesia
942 3938 1191 4027 celebrarent,
1216 3968 1285 4017 nec
1305 3938 1409 4045 quod
1429 3938 1502 4015 hoc
1521 3939 1639 4042 preci-

211 4088 365 4176 peretur
384 4071 449 4148 eis.
468 4069 648 4150 Jurabant
667 4070 841 4147 ordinem
861 4096 938 4146 non
957 4071 1068 4148 exire.
1089 4070 1223 4147 Statim
1244 4097 1312 4175 pro
1332 4068 1507 4174 professis
1522 4065 1637 4142 habe·

211 4201 360 4279 bantur.
382 4200 627 4279 Clandestine
657 4199 944 4306 recipiebantur,
972 4200 1085 4277 nullis
1108 4199 1347 4307 presentibus
1369 4197 1442 4274 nisi
1462 4196 1639 4274 fratribus

213 4333 368 4410 ordinis.
395 4331 575 4411 Cordulis
601 4331 847 4440 cingebantur
880 4331 919 4408 in
948 4332 1099 4439 signum
1130 4331 1307 4410 castitatis
1334 4357 1446 4435 super
1470 4327 1638 4404 camisias

212 4491 300 4540 cum
320 4462 461 4570 quibus
473 4463 665 4570 jacebant,
688 4481 726 4541 et
748 4464 843 4569 ipsas
870 4462 1043 4540 cordulas
1063 4462 1304 4545 assumebant
1323 4460 1427 4537 unde
1447 4458 1634 4537 volebant.

213 4594 428 4701 Requisitus
454 4595 484 4671 si
510 4594 630 4671 credit
654 4593 759 4701 quod
784 4593 916 4671 fratres
944 4593 1089 4671 ordinis
1115 4593 1374 4699 reciperentur
1397 4588 1638 4666 uniformiter

212 4725 252 4801 in
270 4723 421 4815 ordine,
437 4724 633 4832 respondit
647 4726 752 4831 quod
771 4741 857 4803 ante
879 4725 1095 4831 capcionem
1112 4722 1288 4800 credebat
1305 4720 1411 4830 quod
1430 4747 1563 4797 ornnes
1580 4747 1639 4794 re·

212 4856 429 4964 cipereutur
448 4856 688 4936 uniformiter
708 4874 746 4935 et
768 4856 885 4971 bene,
912 4855 1121 4934 secundum
1143 4855 1248 4965 quod
1268 4855 1346 4962 ipse
1367 4851 1440 4930 fuit
1457 4867 1631 4956 receptus

1462 5008 1508 5050 12.
