<?xml version="1.0" encoding="UTF-8"?>
<!DOCTYPE html PUBLIC "-//W3C//DTD XHTML 1.0 Transitional//EN"
    "http://www.w3.org/TR/xhtml1/DTD/xhtml1-transitional.dtd">
<html xmlns="http://www.w3.org/1999/xhtml" xml:lang="en" lang="en">
 <head>
  <title>
</title>
<meta http-equiv="Content-Type" content="text/html;charset=utf-8" />
  <meta name='ocr-system' content='tesseract 3.04.00' />
  <meta name='ocr-capabilities' content='ocr_page ocr_carea ocr_par ocr_line ocrx_word'/>
</head>
<body>
  <div class='ocr_page' id='page_1' title='image "./procsdestemplie00defegoog/procsdestemplie00defegoog_0050.png"; bbox 0 0 4236 5948; ppageno 0'>
   <div class='ocr_carea' id='block_1_1' title="bbox 745 517 1784 619">
    <p class='ocr_par' dir='ltr' id='par_1_1' title="bbox 745 517 1784 619">
     <span class='ocr_line' id='line_1_1' title="bbox 745 517 1784 619; baseline 0.008 -9"><span class='ocrx_word' id='word_1_1' title='bbox 745 517 940 610; x_wconf 76' lang='lat' dir='ltr'>procus</span> <span class='ocrx_word' id='word_1_2' title='bbox 967 538 1063 608; x_wconf 80' lang='lat' dir='ltr'>nus</span> <span class='ocrx_word' id='word_1_3' title='bbox 1091 538 1392 611; x_wconf 79' lang='lat' dir='ltr'>rnrrrmrns.</span> <span class='ocrx_word' id='word_1_4' title='bbox 1735 548 1784 619; x_wconf 82' lang='lat'>29</span> 
     </span>
    </p>
   </div>
   <div class='ocr_carea' id='block_1_2' title="bbox 276 679 1784 5010">
    <p class='ocr_par' dir='ltr' id='par_1_2' title="bbox 276 679 1784 5010">
     <span class='ocr_line' id='line_1_2' title="bbox 354 679 1783 791; baseline 0.005 -36"><span class='ocrx_word' id='word_1_5' title='bbox 354 679 570 785; x_wconf 89' lang='lat' dir='ltr'>capcionem</span> <span class='ocrx_word' id='word_1_6' title='bbox 593 707 743 768; x_wconf 80' lang='lat' dir='ltr'>eorum3</span> <span class='ocrx_word' id='word_1_7' title='bbox 766 709 851 757; x_wconf 89' lang='lat' dir='ltr'>nam</span> <span class='ocrx_word' id='word_1_8' title='bbox 876 679 997 757; x_wconf 84' lang='lat' dir='ltr'>luerat</span> <span class='ocrx_word' id='word_1_9' title='bbox 1017 699 1191 786; x_wconf 89' lang='lat' dir='ltr'>receptus</span> <span class='ocrx_word' id='word_1_10' title='bbox 1209 710 1278 788; x_wconf 89' lang='lat' dir='ltr'>per</span> <span class='ocrx_word' id='word_1_11' title='bbox 1297 682 1450 757; x_wconf 83' lang='lat' dir='ltr'>fratrem</span> <span class='ocrx_word' id='word_1_12' title='bbox 1471 681 1714 791; x_wconf 84' lang='lat' dir='ltr'>Radulphum</span> <span class='ocrx_word' id='word_1_13' title='bbox 1737 687 1783 762; x_wconf 90' lang='lat' dir='ltr'>de</span> 
     </span>
     <span class='ocr_line' id='line_1_3' title="bbox 354 810 1784 923; baseline 0.003 -35"><span class='ocrx_word' id='word_1_14' title='bbox 354 810 447 901; x_wconf 90' lang='lat' dir='ltr'>Gisi,</span> <span class='ocrx_word' id='word_1_15' title='bbox 469 827 605 886; x_wconf 88' lang='lat' dir='ltr'>testem</span> <span class='ocrx_word' id='word_1_16' title='bbox 626 840 736 916; x_wconf 91' lang='lat' dir='ltr'>supra</span> <span class='ocrx_word' id='word_1_17' title='bbox 758 812 1030 899; x_wconf 86' lang='lat' dir='ltr'>examinatum,</span> <span class='ocrx_word' id='word_1_18' title='bbox 1054 811 1099 888; x_wconf 91' lang='lat' dir='ltr'>de</span> <span class='ocrx_word' id='word_1_19' title='bbox 1123 813 1231 920; x_wconf 86' lang='lat' dir='ltr'>cnjus</span> <span class='ocrx_word' id='word_1_20' title='bbox 1251 810 1441 920; x_wconf 80' lang='lat' dir='ltr'>parentela</span> <span class='ocrx_word' id='word_1_21' title='bbox 1463 814 1617 901; x_wconf 91' lang='lat' dir='ltr'>exstitit,</span> <span class='ocrx_word' id='word_1_22' title='bbox 1642 815 1679 890; x_wconf 93' lang='lat' dir='ltr'>in</span> <span class='ocrx_word' id='word_1_23' title='bbox 1699 844 1784 923; x_wconf 89' lang='lat' dir='ltr'>pre-</span> 
     </span>
     <span class='ocr_line' id='line_1_4' title="bbox 353 941 1784 1053; baseline 0.002 -32"><span class='ocrx_word' id='word_1_24' title='bbox 353 941 445 1021; x_wconf 83' lang='lat' dir='ltr'><strong>senti</strong></span> <span class='ocrx_word' id='word_1_25' title='bbox 474 942 789 1051; x_wconf 90' lang='lat' dir='ltr'>Quadragessima</span> <span class='ocrx_word' id='word_1_26' title='bbox 817 944 1140 1034; x_wconf 76' lang='lat' dir='ltr'>sunt1111⁰¹auni,</span> <span class='ocrx_word' id='word_1_27' title='bbox 1168 944 1207 1018; x_wconf 90' lang='lat' dir='ltr'>iu</span> <span class='ocrx_word' id='word_1_28' title='bbox 1236 942 1375 1050; x_wconf 89' lang='lat' dir='ltr'>capella</span> <span class='ocrx_word' id='word_1_29' title='bbox 1397 944 1536 1021; x_wconf 90' lang='lat' dir='ltr'>domus</span> <span class='ocrx_word' id='word_1_30' title='bbox 1557 946 1708 1053; x_wconf 86' lang='lat' dir='ltr'><strong>Templi</strong></span> <span class='ocrx_word' id='word_1_31' title='bbox 1737 949 1784 1024; x_wconf 91' lang='lat' dir='ltr'>de</span> 
     </span>
     <span class='ocr_line' id='line_1_5' title="bbox 353 1073 1783 1182; baseline 0.003 -31"><span class='ocrx_word' id='word_1_32' title='bbox 353 1073 567 1151; x_wconf 89' lang='lat' dir='ltr'>Latinihaco</span> <span class='ocrx_word' id='word_1_33' title='bbox 588 1073 694 1151; x_wconf 87' lang='lat' dir='ltr'>Sicco</span> <span class='ocrx_word' id='word_1_34' title='bbox 715 1074 921 1152; x_wconf 88' lang='lat' dir='ltr'>Meldensis</span> <span class='ocrx_word' id='word_1_35' title='bbox 948 1074 1125 1162; x_wconf 90' lang='lat' dir='ltr'>diocesis,</span> <span class='ocrx_word' id='word_1_36' title='bbox 1147 1074 1388 1182; x_wconf 80' lang='lat' dir='ltr'><strong>presentibus</strong></span> <span class='ocrx_word' id='word_1_37' title='bbox 1413 1075 1591 1155; x_wconf 83' lang='lat' dir='ltr'>fratribus</span> <span class='ocrx_word' id='word_1_38' title='bbox 1608 1078 1783 1156; x_wconf 90' lang='lat' dir='ltr'>Guidone</span> 
     </span>
     <span class='ocr_line' id='line_1_6' title="bbox 354 1205 1784 1314; baseline 0.003 -31"><span class='ocrx_word' id='word_1_39' title='bbox 354 1205 532 1284; x_wconf 87' lang='lat' dir='ltr'>Lescolbe</span> <span class='ocrx_word' id='word_1_40' title='bbox 557 1224 777 1314; x_wconf 85' lang='lat' dir='ltr'>preceptore</span> <span class='ocrx_word' id='word_1_41' title='bbox 804 1206 851 1284; x_wconf 95' lang='lat' dir='ltr'>de</span> <span class='ocrx_word' id='word_1_42' title='bbox 878 1206 1128 1296; x_wconf 89' lang='lat' dir='ltr'>Sabloneriis,</span> <span class='ocrx_word' id='word_1_43' title='bbox 1156 1207 1348 1312; x_wconf 86' lang='lat' dir='ltr'>Stephano</span> <span class='ocrx_word' id='word_1_44' title='bbox 1374 1208 1419 1283; x_wconf 88' lang='lat' dir='ltr'>de</span> <span class='ocrx_word' id='word_1_45' title='bbox 1453 1207 1581 1297; x_wconf 88' lang='lat' dir='ltr'>Sanci,</span> <span class='ocrx_word' id='word_1_46' title='bbox 1612 1209 1784 1289; x_wconf 89' lang='lat' dir='ltr'>Johanne</span> 
     </span>
     <span class='ocr_line' id='line_1_7' title="bbox 354 1337 1783 1444; baseline 0.005 -31"><span class='ocrx_word' id='word_1_47' title='bbox 354 1337 542 1427; x_wconf 87' lang='lat' dir='ltr'>Monacbi‚</span> <span class='ocrx_word' id='word_1_48' title='bbox 567 1355 603 1414; x_wconf 89' lang='lat' dir='ltr'>et</span> <span class='ocrx_word' id='word_1_49' title='bbox 627 1338 728 1416; x_wconf 93' lang='lat' dir='ltr'>dicto</span> <span class='ocrx_word' id='word_1_50' title='bbox 750 1341 913 1416; x_wconf 89' lang='lat' dir='ltr'>Tossanz</span> <span class='ocrx_word' id='word_1_51' title='bbox 935 1339 1200 1427; x_wconf 80' lang='lat' dir='ltr'>servientibus,</span> <span class='ocrx_word' id='word_1_52' title='bbox 1224 1338 1271 1415; x_wconf 89' lang='lat' dir='ltr'>de</span> <span class='ocrx_word' id='word_1_53' title='bbox 1293 1367 1458 1444; x_wconf 89' lang='lat' dir='ltr'>qnorum</span> <span class='ocrx_word' id='word_1_54' title='bbox 1479 1339 1551 1416; x_wconf 90' lang='lat' dir='ltr'>vita</span> <span class='ocrx_word' id='word_1_55' title='bbox 1577 1342 1634 1417; x_wconf 93' lang='lat' dir='ltr'>vel</span> <span class='ocrx_word' id='word_1_56' title='bbox 1662 1362 1783 1420; x_wconf 88' lang='lat' dir='ltr'>morte</span> 
     </span>
     <span class='ocr_line' id='line_1_8' title="bbox 354 1469 1784 1578; baseline 0.005 -34"><span class='ocrx_word' id='word_1_57' title='bbox 354 1471 562 1547; x_wconf 90' lang='lat' dir='ltr'>nonhabet</span> <span class='ocrx_word' id='word_1_58' title='bbox 582 1470 867 1560; x_wconf 82' lang='lat' dir='ltr'>certitudinem,</span> <span class='ocrx_word' id='word_1_59' title='bbox 889 1472 928 1546; x_wconf 90' lang='lat' dir='ltr'>iu</span> <span class='ocrx_word' id='word_1_60' title='bbox 950 1472 1054 1549; x_wconf 92' lang='lat' dir='ltr'>hunc</span> <span class='ocrx_word' id='word_1_61' title='bbox 1073 1470 1233 1548; x_wconf 91' lang='lat' dir='ltr'>modum</span> <span class='ocrx_word' id='word_1_62' title='bbox 1256 1503 1263 1546; x_wconf 92' lang='lat'><strong>:</strong></span> <span class='ocrx_word' id='word_1_63' title='bbox 1286 1499 1373 1546; x_wconf 87' lang='lat' dir='ltr'>nam</span> <span class='ocrx_word' id='word_1_64' title='bbox 1394 1500 1480 1547; x_wconf 90' lang='lat' dir='ltr'>cum</span> <span class='ocrx_word' id='word_1_65' title='bbox 1500 1469 1643 1578; x_wconf 90' lang='lat' dir='ltr'>pluries</span> <span class='ocrx_word' id='word_1_66' title='bbox 1669 1475 1784 1551; x_wconf 89' lang='lat' dir='ltr'>inter-</span> 
     </span>
     <span class='ocr_line' id='line_1_9' title="bbox 352 1601 1783 1711; baseline 0.004 -34"><span class='ocrx_word' id='word_1_67' title='bbox 352 1601 474 1707; x_wconf 90' lang='lat' dir='ltr'>polate</span> <span class='ocrx_word' id='word_1_68' title='bbox 492 1603 746 1709; x_wconf 86' lang='lat' dir='ltr'>requisivisset</span> <span class='ocrx_word' id='word_1_69' title='bbox 766 1632 901 1711; x_wconf 89' lang='lat' dir='ltr'>panem</span> <span class='ocrx_word' id='word_1_70' title='bbox 924 1620 961 1679; x_wconf 91' lang='lat' dir='ltr'>et</span> <span class='ocrx_word' id='word_1_71' title='bbox 981 1632 1128 1709; x_wconf 89' lang='lat' dir='ltr'>aquam,</span> <span class='ocrx_word' id='word_1_72' title='bbox 1152 1602 1368 1678; x_wconf 88' lang='lat' dir='ltr'>societatem</span> <span class='ocrx_word' id='word_1_73' title='bbox 1390 1619 1429 1678; x_wconf 92' lang='lat' dir='ltr'>et</span> <span class='ocrx_word' id='word_1_74' title='bbox 1445 1632 1652 1708; x_wconf 81' lang='lat' dir='ltr'>pauperem</span> <span class='ocrx_word' id='word_1_75' title='bbox 1673 1607 1783 1683; x_wconf 88' lang='lat' dir='ltr'>vesti-</span> 
     </span>
     <span class='ocr_line' id='line_1_10' title="bbox 352 1731 1783 1842; baseline 0.003 -35"><span class='ocrx_word' id='word_1_76' title='bbox 352 1749 431 1808; x_wconf 89' lang='lat' dir='ltr'>tum</span> <span class='ocrx_word' id='word_1_77' title='bbox 445 1734 601 1825; x_wconf 87' lang='lat' dir='ltr'>ordinis,</span> <span class='ocrx_word' id='word_1_78' title='bbox 625 1751 662 1811; x_wconf 89' lang='lat' dir='ltr'>et</span> <span class='ocrx_word' id='word_1_79' title='bbox 678 1735 712 1811; x_wconf 91' lang='lat' dir='ltr'>ei</span> <span class='ocrx_word' id='word_1_80' title='bbox 726 1764 951 1842; x_wconf 90' lang='lat' dir='ltr'>responsum</span> <span class='ocrx_word' id='word_1_81' title='bbox 963 1733 1096 1810; x_wconf 85' lang='lat' dir='ltr'>suisset</span> <span class='ocrx_word' id='word_1_82' title='bbox 1115 1735 1220 1840; x_wconf 93' lang='lat' dir='ltr'>quod</span> <span class='ocrx_word' id='word_1_83' title='bbox 1236 1731 1335 1809; x_wconf 91' lang='lat' dir='ltr'>bene</span> <span class='ocrx_word' id='word_1_84' title='bbox 1353 1731 1601 1825; x_wconf 88' lang='lat' dir='ltr'>deliberaret;</span> <span class='ocrx_word' id='word_1_85' title='bbox 1619 1734 1783 1814; x_wconf 86' lang='lat' dir='ltr'>finaliter</span> 
     </span>
     <span class='ocr_line' id='line_1_11' title="bbox 351 1864 1782 1975; baseline 0.002 -35"><span class='ocrx_word' id='word_1_86' title='bbox 351 1865 505 1970; x_wconf 92' lang='lat' dir='ltr'>prestito</span> <span class='ocrx_word' id='word_1_87' title='bbox 522 1895 590 1974; x_wconf 88' lang='lat' dir='ltr'>per</span> <span class='ocrx_word' id='word_1_88' title='bbox 604 1867 865 1975; x_wconf 88' lang='lat' dir='ltr'>juramentum</span> <span class='ocrx_word' id='word_1_89' title='bbox 886 1868 992 1974; x_wconf 93' lang='lat' dir='ltr'>quod</span> <span class='ocrx_word' id='word_1_90' title='bbox 1012 1896 1089 1943; x_wconf 90' lang='lat' dir='ltr'>non</span> <span class='ocrx_word' id='word_1_91' title='bbox 1111 1882 1190 1942; x_wconf 87' lang='lat' dir='ltr'>erat</span> <span class='ocrx_word' id='word_1_92' title='bbox 1210 1864 1352 1941; x_wconf 89' lang='lat' dir='ltr'>servilis</span> <span class='ocrx_word' id='word_1_93' title='bbox 1368 1865 1610 1955; x_wconf 89' lang='lat' dir='ltr'>condicionis,</span> <span class='ocrx_word' id='word_1_94' title='bbox 1630 1897 1699 1945; x_wconf 89' lang='lat' dir='ltr'>nee</span> <span class='ocrx_word' id='word_1_95' title='bbox 1720 1898 1782 1944; x_wconf 91' lang='lat' dir='ltr'>ex-</span> 
     </span>
     <span class='ocr_line' id='line_1_12' title="bbox 352 1995 1781 2104; baseline 0.003 -34"><span class='ocrx_word' id='word_1_96' title='bbox 352 1997 665 2089; x_wconf 87' lang='lat' dir='ltr'>communicatus,</span> <span class='ocrx_word' id='word_1_97' title='bbox 684 2027 755 2075; x_wconf 91' lang='lat' dir='ltr'>nec</span> <span class='ocrx_word' id='word_1_98' title='bbox 770 1998 1028 2091; x_wconf 90' lang='lat' dir='ltr'>matrimonio,</span> <span class='ocrx_word' id='word_1_99' title='bbox 1047 1996 1154 2074; x_wconf 91' lang='lat' dir='ltr'>alteri</span> <span class='ocrx_word' id='word_1_100' title='bbox 1170 1995 1344 2104; x_wconf 86' lang='lat' dir='ltr'>religioni</span> <span class='ocrx_word' id='word_1_101' title='bbox 1365 2023 1434 2072; x_wconf 91' lang='lat' dir='ltr'>nec</span> <span class='ocrx_word' id='word_1_102' title='bbox 1450 1995 1589 2073; x_wconf 90' lang='lat' dir='ltr'>debitis</span> <span class='ocrx_word' id='word_1_103' title='bbox 1609 2027 1682 2104; x_wconf 90' lang='lat' dir='ltr'>que</span> <span class='ocrx_word' id='word_1_104' title='bbox 1704 2028 1781 2076; x_wconf 92' lang='lat' dir='ltr'>non</span> 
     </span>
     <span class='ocr_line' id='line_1_13' title="bbox 351 2126 1783 2239; baseline 0.002 -36"><span class='ocrx_word' id='word_1_105' title='bbox 351 2145 475 2233; x_wconf 89' lang='lat' dir='ltr'>posset</span> <span class='ocrx_word' id='word_1_106' title='bbox 497 2130 641 2208; x_wconf 88' lang='lat' dir='ltr'>solvere</span> <span class='ocrx_word' id='word_1_107' title='bbox 667 2130 871 2239; x_wconf 87' lang='lat' dir='ltr'>obligatus,</span> <span class='ocrx_word' id='word_1_108' title='bbox 897 2158 968 2208; x_wconf 89' lang='lat' dir='ltr'>nec</span> <span class='ocrx_word' id='word_1_109' title='bbox 996 2128 1159 2206; x_wconf 91' lang='lat' dir='ltr'>habebat</span> <span class='ocrx_word' id='word_1_110' title='bbox 1183 2127 1442 2204; x_wconf 84' lang='lat' dir='ltr'>infirmitatem</span> <span class='ocrx_word' id='word_1_111' title='bbox 1465 2126 1665 2217; x_wconf 86' lang='lat' dir='ltr'>latentem,</span> <span class='ocrx_word' id='word_1_112' title='bbox 1695 2128 1783 2207; x_wconf 81' lang='lat' dir='ltr'>lecit</span> 
     </span>
     <span class='ocr_line' id='line_1_14' title="bbox 352 2258 1781 2370; baseline 0.002 -36"><span class='ocrx_word' id='word_1_113' title='bbox 352 2288 437 2335; x_wconf 89' lang='lat' dir='ltr'>eum</span> <span class='ocrx_word' id='word_1_114' title='bbox 466 2290 599 2338; x_wconf 87' lang='lat' dir='ltr'>vovere</span> <span class='ocrx_word' id='word_1_115' title='bbox 625 2278 662 2339; x_wconf 91' lang='lat' dir='ltr'>et</span> <span class='ocrx_word' id='word_1_116' title='bbox 677 2263 805 2370; x_wconf 89' lang='lat' dir='ltr'>jurare</span> <span class='ocrx_word' id='word_1_117' title='bbox 824 2291 938 2368; x_wconf 89' lang='lat' dir='ltr'>super</span> <span class='ocrx_word' id='word_1_118' title='bbox 958 2260 1164 2369; x_wconf 86' lang='lat' dir='ltr'>quemdam</span> <span class='ocrx_word' id='word_1_119' title='bbox 1183 2258 1326 2335; x_wconf 90' lang='lat' dir='ltr'>librum</span> <span class='ocrx_word' id='word_1_120' title='bbox 1347 2258 1571 2352; x_wconf 85' lang='lat' dir='ltr'>castitatem,</span> <span class='ocrx_word' id='word_1_121' title='bbox 1597 2259 1781 2337; x_wconf 90' lang='lat' dir='ltr'>obedien-</span> 
     </span>
     <span class='ocr_line' id='line_1_15' title="bbox 351 2390 1782 2502; baseline 0.002 -35"><span class='ocrx_word' id='word_1_122' title='bbox 351 2393 455 2482; x_wconf 88' lang='lat' dir='ltr'>ciam,</span> <span class='ocrx_word' id='word_1_123' title='bbox 477 2395 599 2472; x_wconf 84' lang='lat' dir='ltr'>vivere</span> <span class='ocrx_word' id='word_1_124' title='bbox 615 2396 694 2472; x_wconf 91' lang='lat' dir='ltr'>sine</span> <span class='ocrx_word' id='word_1_125' title='bbox 716 2395 887 2502; x_wconf 86' lang='lat' dir='ltr'>proprio;</span> <span class='ocrx_word' id='word_1_126' title='bbox 906 2409 1034 2501; x_wconf 90' lang='lat' dir='ltr'>postea</span> <span class='ocrx_word' id='word_1_127' title='bbox 1049 2392 1230 2498; x_wconf 89' lang='lat' dir='ltr'>imposuit</span> <span class='ocrx_word' id='word_1_128' title='bbox 1247 2391 1317 2469; x_wconf 91' lang='lat' dir='ltr'>sibi</span> <span class='ocrx_word' id='word_1_129' title='bbox 1338 2390 1572 2480; x_wconf 88' lang='lat' dir='ltr'>mantellum,</span> <span class='ocrx_word' id='word_1_130' title='bbox 1597 2393 1726 2498; x_wconf 89' lang='lat' dir='ltr'>etipse</span> <span class='ocrx_word' id='word_1_131' title='bbox 1744 2411 1782 2470; x_wconf 87' lang='lat' dir='ltr'>et</span> 
     </span>
     <span class='ocr_line' id='line_1_16' title="bbox 351 2523 1783 2629; baseline -0.001 -28"><span class='ocrx_word' id='word_1_132' title='bbox 351 2542 509 2604; x_wconf 88' lang='lat' dir='ltr'>astantes</span> <span class='ocrx_word' id='word_1_133' title='bbox 522 2526 677 2604; x_wconf 86' lang='lat' dir='ltr'>osculati</span> <span class='ocrx_word' id='word_1_134' title='bbox 691 2526 847 2603; x_wconf 87' lang='lat' dir='ltr'>suerunt</span> <span class='ocrx_word' id='word_1_135' title='bbox 858 2555 946 2602; x_wconf 92' lang='lat' dir='ltr'>eum</span> <span class='ocrx_word' id='word_1_136' title='bbox 958 2525 997 2600; x_wconf 94' lang='lat' dir='ltr'>in</span> <span class='ocrx_word' id='word_1_137' title='bbox 1009 2553 1091 2615; x_wconf 88' lang='lat' dir='ltr'>ore;</span> <span class='ocrx_word' id='word_1_138' title='bbox 1105 2540 1143 2599; x_wconf 92' lang='lat' dir='ltr'>et</span> <span class='ocrx_word' id='word_1_139' title='bbox 1156 2523 1330 2600; x_wconf 91' lang='lat' dir='ltr'>instruxit</span> <span class='ocrx_word' id='word_1_140' title='bbox 1343 2552 1432 2599; x_wconf 90' lang='lat' dir='ltr'>eum</span> <span class='ocrx_word' id='word_1_141' title='bbox 1446 2524 1783 2629; x_wconf 86' lang='lat' dir='ltr'>quotPoternoster</span> 
     </span>
     <span class='ocr_line' id='line_1_17' title="bbox 352 2653 1781 2765; baseline 0.001 -34"><span class='ocrx_word' id='word_1_142' title='bbox 352 2656 491 2735; x_wconf 90' lang='lat' dir='ltr'>diceret</span> <span class='ocrx_word' id='word_1_143' title='bbox 509 2687 579 2765; x_wconf 90' lang='lat' dir='ltr'>pro</span> <span class='ocrx_word' id='word_1_144' title='bbox 600 2658 706 2735; x_wconf 93' lang='lat' dir='ltr'>horis</span> <span class='ocrx_word' id='word_1_145' title='bbox 724 2657 813 2747; x_wconf 93' lang='lat' dir='ltr'>suis,</span> <span class='ocrx_word' id='word_1_146' title='bbox 836 2676 874 2735; x_wconf 90' lang='lat' dir='ltr'>et</span> <span class='ocrx_word' id='word_1_147' title='bbox 893 2655 1055 2763; x_wconf 90' lang='lat' dir='ltr'>qualiter</span> <span class='ocrx_word' id='word_1_148' title='bbox 1076 2670 1224 2764; x_wconf 89' lang='lat' dir='ltr'>regeret</span> <span class='ocrx_word' id='word_1_149' title='bbox 1244 2683 1282 2730; x_wconf 96' lang='lat' dir='ltr'>se</span> <span class='ocrx_word' id='word_1_150' title='bbox 1302 2655 1341 2730; x_wconf 93' lang='lat' dir='ltr'>in</span> <span class='ocrx_word' id='word_1_151' title='bbox 1357 2653 1503 2731; x_wconf 89' lang='lat' dir='ltr'>ordine.</span> <span class='ocrx_word' id='word_1_152' title='bbox 1524 2654 1673 2732; x_wconf 89' lang='lat' dir='ltr'>Deinde</span> <span class='ocrx_word' id='word_1_153' title='bbox 1699 2656 1781 2733; x_wconf 89' lang='lat' dir='ltr'>aliis</span> 
     </span>
     <span class='ocr_line' id='line_1_18' title="bbox 351 2785 1781 2895; baseline -0.001 -31"><span class='ocrx_word' id='word_1_154' title='bbox 351 2790 633 2868; x_wconf 88' lang='lat' dir='ltr'>remanentibus</span> <span class='ocrx_word' id='word_1_155' title='bbox 659 2791 697 2865; x_wconf 91' lang='lat' dir='ltr'>in</span> <span class='ocrx_word' id='word_1_156' title='bbox 719 2788 859 2895; x_wconf 88' lang='lat' dir='ltr'>capella</span> <span class='ocrx_word' id='word_1_157' title='bbox 884 2816 951 2894; x_wconf 91' lang='lat' dir='ltr'>per</span> <span class='ocrx_word' id='word_1_158' title='bbox 975 2816 1057 2863; x_wconf 88' lang='lat' dir='ltr'>eam</span> <span class='ocrx_word' id='word_1_159' title='bbox 1079 2785 1430 2874; x_wconf 87' lang='lat' dir='ltr'>deambulantibus,</span> <span class='ocrx_word' id='word_1_160' title='bbox 1457 2787 1568 2862; x_wconf 87' lang='lat' dir='ltr'>traxit</span> <span class='ocrx_word' id='word_1_161' title='bbox 1589 2817 1678 2863; x_wconf 82' lang='lat' dir='ltr'>erun</span> <span class='ocrx_word' id='word_1_162' title='bbox 1701 2817 1781 2863; x_wconf 89' lang='lat' dir='ltr'>ver-</span> 
     </span>
     <span class='ocr_line' id='line_1_19' title="bbox 351 2914 1777 3023; baseline -0.002 -26"><span class='ocrx_word' id='word_1_163' title='bbox 351 2951 410 2998; x_wconf 94' lang='lat' dir='ltr'>sus</span> <span class='ocrx_word' id='word_1_164' title='bbox 430 2922 545 2999; x_wconf 87' lang='lat' dir='ltr'>altare</span> <span class='ocrx_word' id='word_1_165' title='bbox 572 2940 609 2998; x_wconf 87' lang='lat' dir='ltr'>et</span> <span class='ocrx_word' id='word_1_166' title='bbox 630 2921 723 2998; x_wconf 83' lang='lat' dir='ltr'>dixit</span> <span class='ocrx_word' id='word_1_167' title='bbox 744 2921 795 3009; x_wconf 90' lang='lat' dir='ltr'>ei,</span> <span class='ocrx_word' id='word_1_168' title='bbox 823 2936 865 2996; x_wconf 95' lang='lat' dir='ltr'>ut</span> <span class='ocrx_word' id='word_1_169' title='bbox 884 2918 1033 2995; x_wconf 88' lang='lat' dir='ltr'>videtur</span> <span class='ocrx_word' id='word_1_170' title='bbox 1055 2916 1126 3022; x_wconf 92' lang='lat' dir='ltr'>ipsi</span> <span class='ocrx_word' id='word_1_171' title='bbox 1152 2917 1257 3007; x_wconf 89' lang='lat' dir='ltr'>testi,</span> <span class='ocrx_word' id='word_1_172' title='bbox 1280 2916 1388 3022; x_wconf 92' lang='lat' dir='ltr'>quod</span> <span class='ocrx_word' id='word_1_173' title='bbox 1413 2914 1616 3023; x_wconf 85' lang='lat' dir='ltr'>abnegaret</span> <span class='ocrx_word' id='word_1_174' title='bbox 1639 2918 1777 2994; x_wconf 88' lang='lat' dir='ltr'>Deum.</span> 
     </span>
     <span class='ocr_line' id='line_1_20' title="bbox 351 3046 1776 3161; baseline -0.004 -31"><span class='ocrx_word' id='word_1_175' title='bbox 351 3055 562 3161; x_wconf 86' lang='lat' dir='ltr'>Requisitus</span> <span class='ocrx_word' id='word_1_176' title='bbox 577 3053 608 3130; x_wconf 90' lang='lat' dir='ltr'>si</span> <span class='ocrx_word' id='word_1_177' title='bbox 623 3071 678 3130; x_wconf 91' lang='lat' dir='ltr'>est</span> <span class='ocrx_word' id='word_1_178' title='bbox 689 3052 786 3129; x_wconf 88' lang='lat' dir='ltr'>bene</span> <span class='ocrx_word' id='word_1_179' title='bbox 799 3070 922 3127; x_wconf 87' lang='lat' dir='ltr'>certus</span> <span class='ocrx_word' id='word_1_180' title='bbox 935 3049 1040 3156; x_wconf 95' lang='lat' dir='ltr'>quod</span> <span class='ocrx_word' id='word_1_181' title='bbox 1054 3048 1087 3124; x_wconf 92' lang='lat' dir='ltr'>ei</span> <span class='ocrx_word' id='word_1_182' title='bbox 1104 3048 1254 3124; x_wconf 81' lang='lat' dir='ltr'>dixisset</span> <span class='ocrx_word' id='word_1_183' title='bbox 1267 3047 1371 3153; x_wconf 93' lang='lat' dir='ltr'>qnod</span> <span class='ocrx_word' id='word_1_184' title='bbox 1384 3046 1587 3154; x_wconf 85' lang='lat' dir='ltr'>abnegaret</span> <span class='ocrx_word' id='word_1_185' title='bbox 1597 3047 1776 3155; x_wconf 89' lang='lat' dir='ltr'>aliquem,</span> 
     </span>
     <span class='ocr_line' id='line_1_21' title="bbox 350 3177 1776 3294; baseline -0.004 -33"><span class='ocrx_word' id='word_1_186' title='bbox 350 3189 544 3293; x_wconf 91' lang='lat' dir='ltr'>respondit</span> <span class='ocrx_word' id='word_1_187' title='bbox 555 3185 660 3294; x_wconf 95' lang='lat' dir='ltr'>quod</span> <span class='ocrx_word' id='word_1_188' title='bbox 674 3185 737 3273; x_wconf 91' lang='lat' dir='ltr'>sic,</span> <span class='ocrx_word' id='word_1_189' title='bbox 762 3201 801 3261; x_wconf 90' lang='lat' dir='ltr'>et</span> <span class='ocrx_word' id='word_1_190' title='bbox 815 3182 886 3260; x_wconf 93' lang='lat' dir='ltr'>sibi</span> <span class='ocrx_word' id='word_1_191' title='bbox 902 3181 1052 3259; x_wconf 89' lang='lat' dir='ltr'>videtur</span> <span class='ocrx_word' id='word_1_192' title='bbox 1069 3179 1175 3286; x_wconf 86' lang='lat' dir='ltr'>quod</span> <span class='ocrx_word' id='word_1_193' title='bbox 1195 3179 1288 3255; x_wconf 89' lang='lat' dir='ltr'>dixit</span> <span class='ocrx_word' id='word_1_194' title='bbox 1302 3178 1407 3284; x_wconf 93' lang='lat' dir='ltr'>qnod</span> <span class='ocrx_word' id='word_1_195' title='bbox 1424 3177 1625 3286; x_wconf 88' lang='lat' dir='ltr'>abnegaret</span> <span class='ocrx_word' id='word_1_196' title='bbox 1639 3181 1776 3271; x_wconf 88' lang='lat' dir='ltr'>Deum,</span> 
     </span>
     <span class='ocr_line' id='line_1_22' title="bbox 350 3311 1780 3427; baseline -0.004 -33"><span class='ocrx_word' id='word_1_197' title='bbox 350 3337 385 3395; x_wconf 90' lang='lat' dir='ltr'>et</span> <span class='ocrx_word' id='word_1_198' title='bbox 411 3321 516 3427; x_wconf 94' lang='lat' dir='ltr'>quod</span> <span class='ocrx_word' id='word_1_199' title='bbox 537 3320 584 3396; x_wconf 91' lang='lat' dir='ltr'>de</span> <span class='ocrx_word' id='word_1_200' title='bbox 604 3319 722 3396; x_wconf 89' lang='lat' dir='ltr'>Jbesu</span> <span class='ocrx_word' id='word_1_201' title='bbox 746 3315 896 3394; x_wconf 87' lang='lat' dir='ltr'>Christo</span> <span class='ocrx_word' id='word_1_202' title='bbox 922 3312 1069 3390; x_wconf 89' lang='lat' dir='ltr'>nullam</span> <span class='ocrx_word' id='word_1_203' title='bbox 1090 3311 1178 3388; x_wconf 80' lang='lat' dir='ltr'>lecit</span> <span class='ocrx_word' id='word_1_204' title='bbox 1201 3312 1235 3387; x_wconf 90' lang='lat' dir='ltr'>ei</span> <span class='ocrx_word' id='word_1_205' title='bbox 1260 3311 1511 3388; x_wconf 89' lang='lat' dir='ltr'>mencionem.</span> <span class='ocrx_word' id='word_1_206' title='bbox 1535 3313 1667 3387; x_wconf 86' lang='lat' dir='ltr'>Postea</span> <span class='ocrx_word' id='word_1_207' title='bbox 1688 3312 1780 3389; x_wconf 90' lang='lat' dir='ltr'>dixit</span> 
     </span>
     <span class='ocr_line' id='line_1_23' title="bbox 349 3441 1779 3557; baseline -0.005 -29"><span class='ocrx_word' id='word_1_208' title='bbox 349 3451 452 3557; x_wconf 94' lang='lat' dir='ltr'>quod</span> <span class='ocrx_word' id='word_1_209' title='bbox 470 3480 546 3529; x_wconf 92' lang='lat' dir='ltr'>non</span> <span class='ocrx_word' id='word_1_210' title='bbox 563 3467 642 3526; x_wconf 87' lang='lat' dir='ltr'>erat</span> <span class='ocrx_word' id='word_1_211' title='bbox 661 3449 760 3526; x_wconf 89' lang='lat' dir='ltr'>bene</span> <span class='ocrx_word' id='word_1_212' title='bbox 779 3463 903 3524; x_wconf 91' lang='lat' dir='ltr'>certus</span> <span class='ocrx_word' id='word_1_213' title='bbox 924 3446 954 3522; x_wconf 92' lang='lat' dir='ltr'>si</span> <span class='ocrx_word' id='word_1_214' title='bbox 976 3443 1047 3522; x_wconf 86' lang='lat' dir='ltr'>sibi</span> <span class='ocrx_word' id='word_1_215' title='bbox 1069 3441 1214 3521; x_wconf 90' lang='lat' dir='ltr'>dixerat</span> <span class='ocrx_word' id='word_1_216' title='bbox 1229 3443 1334 3549; x_wconf 91' lang='lat' dir='ltr'>quod</span> <span class='ocrx_word' id='word_1_217' title='bbox 1356 3441 1558 3550; x_wconf 85' lang='lat' dir='ltr'>abnegaret</span> <span class='ocrx_word' id='word_1_218' title='bbox 1577 3442 1702 3520; x_wconf 89' lang='lat' dir='ltr'>Deum</span> <span class='ocrx_word' id='word_1_219' title='bbox 1721 3444 1779 3521; x_wconf 90' lang='lat' dir='ltr'>vel</span> 
     </span>
     <span class='ocr_line' id='line_1_24' title="bbox 347 3575 1780 3682; baseline -0.005 -23"><span class='ocrx_word' id='word_1_220' title='bbox 347 3584 500 3661; x_wconf 89' lang='lat' dir='ltr'>Jbesum</span> <span class='ocrx_word' id='word_1_221' title='bbox 518 3584 714 3664; x_wconf 89' lang='lat' dir='ltr'>Christum</span> <span class='ocrx_word' id='word_1_222' title='bbox 734 3613 742 3656; x_wconf 91' lang='lat'>:</span> <span class='ocrx_word' id='word_1_223' title='bbox 766 3597 963 3657; x_wconf 88' lang='lat' dir='ltr'>esttamen</span> <span class='ocrx_word' id='word_1_224' title='bbox 986 3595 1110 3656; x_wconf 91' lang='lat' dir='ltr'>certus</span> <span class='ocrx_word' id='word_1_225' title='bbox 1127 3576 1231 3682; x_wconf 93' lang='lat' dir='ltr'>quod</span> <span class='ocrx_word' id='word_1_226' title='bbox 1254 3576 1300 3652; x_wconf 95' lang='lat' dir='ltr'>de</span> <span class='ocrx_word' id='word_1_227' title='bbox 1318 3575 1436 3652; x_wconf 91' lang='lat' dir='ltr'>altero</span> <span class='ocrx_word' id='word_1_228' title='bbox 1459 3604 1591 3654; x_wconf 89' lang='lat' dir='ltr'>eorum</span> <span class='ocrx_word' id='word_1_229' title='bbox 1612 3578 1780 3682; x_wconf 87' lang='lat' dir='ltr'>precepit</span> 
     </span>
     <span class='ocr_line' id='line_1_25' title="bbox 346 3707 1779 3824; baseline -0.004 -32"><span class='ocrx_word' id='word_1_230' title='bbox 346 3717 415 3794; x_wconf 93' lang='lat' dir='ltr'>sibi</span> <span class='ocrx_word' id='word_1_231' title='bbox 432 3716 537 3824; x_wconf 92' lang='lat' dir='ltr'>qnod</span> <span class='ocrx_word' id='word_1_232' title='bbox 555 3715 758 3823; x_wconf 87' lang='lat' dir='ltr'>abnegaret</span> <span class='ocrx_word' id='word_1_233' title='bbox 783 3741 891 3800; x_wconf 88' lang='lat' dir='ltr'>eum;</span> <span class='ocrx_word' id='word_1_234' title='bbox 913 3729 1059 3787; x_wconf 89' lang='lat' dir='ltr'>etcum</span> <span class='ocrx_word' id='word_1_235' title='bbox 1083 3710 1162 3815; x_wconf 89' lang='lat' dir='ltr'>ipse</span> <span class='ocrx_word' id='word_1_236' title='bbox 1181 3708 1285 3784; x_wconf 91' lang='lat' dir='ltr'>testis</span> <span class='ocrx_word' id='word_1_237' title='bbox 1306 3707 1508 3796; x_wconf 89' lang='lat' dir='ltr'>resisteret,</span> <span class='ocrx_word' id='word_1_238' title='bbox 1532 3707 1655 3785; x_wconf 93' lang='lat' dir='ltr'>dictus</span> <span class='ocrx_word' id='word_1_239' title='bbox 1677 3737 1779 3786; x_wconf 91' lang='lat' dir='ltr'>rece·</span> 
     </span>
     <span class='ocr_line' id='line_1_26' title="bbox 346 3838 1778 3954; baseline -0.008 -28"><span class='ocrx_word' id='word_1_240' title='bbox 346 3866 430 3954; x_wconf 90' lang='lat' dir='ltr'>ptor</span> <span class='ocrx_word' id='word_1_241' title='bbox 445 3849 574 3926; x_wconf 90' lang='lat' dir='ltr'>flendo</span> <span class='ocrx_word' id='word_1_242' title='bbox 594 3846 686 3924; x_wconf 90' lang='lat' dir='ltr'>dixit</span> <span class='ocrx_word' id='word_1_243' title='bbox 704 3846 738 3941; x_wconf 83' lang='lat' dir='ltr'>ei</span> <span class='ocrx_word' id='word_1_244' title='bbox 759 3844 864 3952; x_wconf 93' lang='lat' dir='ltr'>quod</span> <span class='ocrx_word' id='word_1_245' title='bbox 879 3844 952 3919; x_wconf 91' lang='lat' dir='ltr'>hoc</span> <span class='ocrx_word' id='word_1_246' title='bbox 968 3841 1167 3950; x_wconf 89' lang='lat' dir='ltr'>oportebat</span> <span class='ocrx_word' id='word_1_247' title='bbox 1183 3870 1271 3918; x_wconf 90' lang='lat' dir='ltr'>eum</span> <span class='ocrx_word' id='word_1_248' title='bbox 1289 3838 1420 3931; x_wconf 84' lang='lat' dir='ltr'>facere,</span> <span class='ocrx_word' id='word_1_249' title='bbox 1441 3841 1529 3946; x_wconf 87' lang='lat' dir='ltr'>qnia</span> <span class='ocrx_word' id='word_1_250' title='bbox 1546 3841 1594 3915; x_wconf 89' lang='lat' dir='ltr'>ita</span> <span class='ocrx_word' id='word_1_251' title='bbox 1611 3841 1778 3917; x_wconf 88' lang='lat' dir='ltr'>servaba-</span> 
     </span>
     <span class='ocr_line' id='line_1_27' title="bbox 346 3972 1777 4088; baseline -0.006 -32"><span class='ocrx_word' id='word_1_252' title='bbox 346 3997 406 4058; x_wconf 90' lang='lat' dir='ltr'>tur</span> <span class='ocrx_word' id='word_1_253' title='bbox 433 3981 474 4056; x_wconf 91' lang='lat' dir='ltr'>in</span> <span class='ocrx_word' id='word_1_254' title='bbox 503 3979 705 4088; x_wconf 88' lang='lat' dir='ltr'>religione,</span> <span class='ocrx_word' id='word_1_255' title='bbox 734 3994 771 4053; x_wconf 90' lang='lat' dir='ltr'>et</span> <span class='ocrx_word' id='word_1_256' title='bbox 794 3993 885 4052; x_wconf 88' lang='lat' dir='ltr'>tnnc</span> <span class='ocrx_word' id='word_1_257' title='bbox 906 3976 986 4082; x_wconf 91' lang='lat' dir='ltr'>ipse</span> <span class='ocrx_word' id='word_1_258' title='bbox 1015 3975 1121 4052; x_wconf 93' lang='lat' dir='ltr'>testis</span> <span class='ocrx_word' id='word_1_259' title='bbox 1150 3973 1346 4079; x_wconf 88' lang='lat' dir='ltr'>abnegavit</span> <span class='ocrx_word' id='word_1_260' title='bbox 1378 3973 1503 4049; x_wconf 90' lang='lat' dir='ltr'>Deum</span> <span class='ocrx_word' id='word_1_261' title='bbox 1531 3972 1589 4049; x_wconf 87' lang='lat' dir='ltr'>vel</span> <span class='ocrx_word' id='word_1_262' title='bbox 1621 3972 1777 4048; x_wconf 86' lang='lat' dir='ltr'>Jbesum</span> 
     </span>
     <span class='ocr_line' id='line_1_28' title="bbox 346 4103 1778 4214; baseline -0.01 -23"><span class='ocrx_word' id='word_1_263' title='bbox 346 4114 556 4205; x_wconf 87' lang='lat' dir='ltr'>Christum,</span> <span class='ocrx_word' id='word_1_264' title='bbox 584 4140 649 4189; x_wconf 89' lang='lat' dir='ltr'>ore</span> <span class='ocrx_word' id='word_1_265' title='bbox 676 4138 754 4186; x_wconf 91' lang='lat' dir='ltr'>non</span> <span class='ocrx_word' id='word_1_266' title='bbox 782 4107 908 4186; x_wconf 87' lang='lat' dir='ltr'>corde.</span> <span class='ocrx_word' id='word_1_267' title='bbox 942 4109 1076 4185; x_wconf 90' lang='lat' dir='ltr'>Postea</span> <span class='ocrx_word' id='word_1_268' title='bbox 1100 4106 1268 4214; x_wconf 91' lang='lat' dir='ltr'>precepit</span> <span class='ocrx_word' id='word_1_269' title='bbox 1296 4105 1337 4184; x_wconf 87' lang='lat' dir='ltr'>ei</span> <span class='ocrx_word' id='word_1_270' title='bbox 1356 4103 1462 4209; x_wconf 92' lang='lat' dir='ltr'>quod</span> <span class='ocrx_word' id='word_1_271' title='bbox 1486 4121 1639 4209; x_wconf 89' lang='lat' dir='ltr'>spueret</span> <span class='ocrx_word' id='word_1_272' title='bbox 1665 4131 1778 4208; x_wconf 88' lang='lat' dir='ltr'>supra</span> 
     </span>
     <span class='ocr_line' id='line_1_29' title="bbox 345 4233 1776 4353; baseline -0.013 -27"><span class='ocrx_word' id='word_1_273' title='bbox 345 4247 548 4353; x_wconf 90' lang='lat' dir='ltr'>quamdam</span> <span class='ocrx_word' id='word_1_274' title='bbox 570 4273 721 4322; x_wconf 88' lang='lat' dir='ltr'>crucem</span> <span class='ocrx_word' id='word_1_275' title='bbox 744 4241 908 4351; x_wconf 88' lang='lat' dir='ltr'>ligneam</span> <span class='ocrx_word' id='word_1_276' title='bbox 929 4241 968 4316; x_wconf 93' lang='lat' dir='ltr'>in</span> <span class='ocrx_word' id='word_1_277' title='bbox 983 4270 1057 4347; x_wconf 88' lang='lat' dir='ltr'>qna</span> <span class='ocrx_word' id='word_1_278' title='bbox 1077 4238 1181 4315; x_wconf 86' lang='lat' dir='ltr'>nulla</span> <span class='ocrx_word' id='word_1_279' title='bbox 1198 4255 1276 4315; x_wconf 89' lang='lat' dir='ltr'>erat</span> <span class='ocrx_word' id='word_1_280' title='bbox 1293 4264 1426 4344; x_wconf 85' lang='lat' dir='ltr'>ymago</span> <span class='ocrx_word' id='word_1_281' title='bbox 1447 4233 1642 4320; x_wconf 83' lang='lat' dir='ltr'>Crucifixi,</span> <span class='ocrx_word' id='word_1_282' title='bbox 1664 4261 1776 4339; x_wconf 90' lang='lat' dir='ltr'>qnam</span> 
     </span>
     <span class='ocr_line' id='line_1_30' title="bbox 346 4364 1774 4484; baseline -0.011 -30"><span class='ocrx_word' id='word_1_283' title='bbox 346 4378 466 4456; x_wconf 92' lang='lat' dir='ltr'>dictus</span> <span class='ocrx_word' id='word_1_284' title='bbox 487 4394 660 4484; x_wconf 90' lang='lat' dir='ltr'>receptor</span> <span class='ocrx_word' id='word_1_285' title='bbox 679 4374 833 4453; x_wconf 90' lang='lat' dir='ltr'>tenebat</span> <span class='ocrx_word' id='word_1_286' title='bbox 856 4374 895 4450; x_wconf 90' lang='lat' dir='ltr'>in</span> <span class='ocrx_word' id='word_1_287' title='bbox 919 4400 1051 4462; x_wconf 90' lang='lat' dir='ltr'>manu,</span> <span class='ocrx_word' id='word_1_288' title='bbox 1068 4400 1143 4478; x_wconf 91' lang='lat' dir='ltr'>qne</span> <span class='ocrx_word' id='word_1_289' title='bbox 1159 4399 1228 4476; x_wconf 91' lang='lat' dir='ltr'>per</span> <span class='ocrx_word' id='word_1_290' title='bbox 1244 4367 1451 4476; x_wconf 88' lang='lat' dir='ltr'>quemdam</span> <span class='ocrx_word' id='word_1_291' title='bbox 1472 4367 1588 4444; x_wconf 89' lang='lat' dir='ltr'>alium</span> <span class='ocrx_word' id='word_1_292' title='bbox 1604 4364 1774 4456; x_wconf 77' lang='lat' dir='ltr'>fratrem,</span> 
     </span>
     <span class='ocr_line' id='line_1_31' title="bbox 276 4495 1776 4617; baseline -0.011 -30"><span class='ocrx_word' id='word_1_293' title='bbox 276 4544 287 4557; x_wconf 28' lang='grc' dir='ltr'><strong>Χ</strong></span> <span class='ocrx_word' id='word_1_294' title='bbox 344 4509 448 4616; x_wconf 91' lang='lat' dir='ltr'>cujus</span> <span class='ocrx_word' id='word_1_295' title='bbox 462 4537 605 4586; x_wconf 91' lang='lat' dir='ltr'>nomen</span> <span class='ocrx_word' id='word_1_296' title='bbox 621 4508 779 4617; x_wconf 89' lang='lat' dir='ltr'>ignorat,</span> <span class='ocrx_word' id='word_1_297' title='bbox 798 4505 920 4583; x_wconf 81' lang='lat' dir='ltr'>luerat</span> <span class='ocrx_word' id='word_1_298' title='bbox 942 4504 989 4581; x_wconf 90' lang='lat' dir='ltr'>de</span> <span class='ocrx_word' id='word_1_299' title='bbox 1005 4520 1106 4580; x_wconf 88' lang='lat' dir='ltr'>retro</span> <span class='ocrx_word' id='word_1_300' title='bbox 1127 4501 1242 4579; x_wconf 89' lang='lat' dir='ltr'>altare</span> <span class='ocrx_word' id='word_1_301' title='bbox 1258 4499 1370 4577; x_wconf 91' lang='lat' dir='ltr'>allata</span> <span class='ocrx_word' id='word_1_302' title='bbox 1389 4499 1513 4575; x_wconf 90' lang='lat' dir='ltr'>eidem</span> <span class='ocrx_word' id='word_1_303' title='bbox 1530 4495 1716 4602; x_wconf 89' lang='lat' dir='ltr'>receptori</span> <span class='ocrx_word' id='word_1_304' title='bbox 1737 4497 1776 4571; x_wconf 91' lang='lat' dir='ltr'>in</span> 
     </span>
     <span class='ocr_line' id='line_1_32' title="bbox 343 4630 1773 4744; baseline -0.01 -25"><span class='ocrx_word' id='word_1_305' title='bbox 343 4642 548 4720; x_wconf 88' lang='lat' dir='ltr'>tradicione</span> <span class='ocrx_word' id='word_1_306' title='bbox 576 4639 761 4728; x_wconf 90' lang='lat' dir='ltr'>mantelli,</span> <span class='ocrx_word' id='word_1_307' title='bbox 794 4654 831 4714; x_wconf 92' lang='lat' dir='ltr'>et</span> <span class='ocrx_word' id='word_1_308' title='bbox 856 4638 935 4744; x_wconf 90' lang='lat' dir='ltr'>ipse</span> <span class='ocrx_word' id='word_1_309' title='bbox 965 4635 1070 4713; x_wconf 89' lang='lat' dir='ltr'>testis</span> <span class='ocrx_word' id='word_1_310' title='bbox 1091 4633 1195 4740; x_wconf 92' lang='lat' dir='ltr'>spuit</span> <span class='ocrx_word' id='word_1_311' title='bbox 1219 4660 1296 4708; x_wconf 92' lang='lat' dir='ltr'>non</span> <span class='ocrx_word' id='word_1_312' title='bbox 1321 4660 1433 4739; x_wconf 90' lang='lat' dir='ltr'>supra</span> <span class='ocrx_word' id='word_1_313' title='bbox 1459 4630 1526 4707; x_wconf 91' lang='lat' dir='ltr'>sed</span> <span class='ocrx_word' id='word_1_314' title='bbox 1546 4631 1654 4738; x_wconf 91' lang='lat' dir='ltr'>juxta</span> <span class='ocrx_word' id='word_1_315' title='bbox 1678 4656 1773 4705; x_wconf 89' lang='lat' dir='ltr'>eam.</span> 
     </span>
     <span class='ocr_line' id='line_1_33' title="bbox 344 4759 1776 4883; baseline -0.012 -33"><span class='ocrx_word' id='word_1_316' title='bbox 344 4774 513 4883; x_wconf 90' lang='lat' dir='ltr'>Precepit</span> <span class='ocrx_word' id='word_1_317' title='bbox 537 4793 664 4850; x_wconf 88' lang='lat' dir='ltr'>tamen</span> <span class='ocrx_word' id='word_1_318' title='bbox 691 4771 762 4850; x_wconf 92' lang='lat' dir='ltr'>sibi</span> <span class='ocrx_word' id='word_1_319' title='bbox 783 4770 889 4879; x_wconf 91' lang='lat' dir='ltr'>quod</span> <span class='ocrx_word' id='word_1_320' title='bbox 913 4769 961 4846; x_wconf 90' lang='lat' dir='ltr'>de</span> <span class='ocrx_word' id='word_1_321' title='bbox 982 4765 1161 4875; x_wconf 89' lang='lat' dir='ltr'>predictis</span> <span class='ocrx_word' id='word_1_322' title='bbox 1185 4762 1328 4840; x_wconf 90' lang='lat' dir='ltr'>nemini</span> <span class='ocrx_word' id='word_1_323' title='bbox 1349 4762 1583 4869; x_wconf 89' lang='lat' dir='ltr'>loqueretur,</span> <span class='ocrx_word' id='word_1_324' title='bbox 1608 4761 1678 4837; x_wconf 94' lang='lat' dir='ltr'>nisi</span> <span class='ocrx_word' id='word_1_325' title='bbox 1704 4759 1776 4835; x_wconf 86' lang='lat' dir='ltr'>sra-</span> 
     </span>
     <span class='ocr_line' id='line_1_34' title="bbox 344 4888 1774 5010; baseline -0.011 -29"><span class='ocrx_word' id='word_1_326' title='bbox 344 4905 464 4986; x_wconf 91' lang='lat' dir='ltr'>tribus</span> <span class='ocrx_word' id='word_1_327' title='bbox 485 4904 628 4983; x_wconf 91' lang='lat' dir='ltr'>ordinis</span> <span class='ocrx_word' id='word_1_328' title='bbox 640 4903 803 5010; x_wconf 90' lang='lat' dir='ltr'>Templi,</span> <span class='ocrx_word' id='word_1_329' title='bbox 822 4901 869 4979; x_wconf 88' lang='lat' dir='ltr'>de</span> <span class='ocrx_word' id='word_1_330' title='bbox 883 4899 965 4978; x_wconf 89' lang='lat' dir='ltr'>aliis</span> <span class='ocrx_word' id='word_1_331' title='bbox 979 4898 1121 4978; x_wconf 89' lang='lat' dir='ltr'>illicitis</span> <span class='ocrx_word' id='word_1_332' title='bbox 1140 4896 1285 4975; x_wconf 89' lang='lat' dir='ltr'>nullam</span> <span class='ocrx_word' id='word_1_333' title='bbox 1302 4893 1373 4972; x_wconf 90' lang='lat' dir='ltr'>sibi</span> <span class='ocrx_word' id='word_1_334' title='bbox 1393 4895 1517 4973; x_wconf 91' lang='lat' dir='ltr'>dictus</span> <span class='ocrx_word' id='word_1_335' title='bbox 1530 4909 1702 4998; x_wconf 89' lang='lat' dir='ltr'>receptor</span> <span class='ocrx_word' id='word_1_336' title='bbox 1717 4888 1774 4965; x_wconf 90' lang='lat' dir='ltr'>vel</span> 
     </span>
    </p>
   </div>
   <div class='ocr_carea' id='block_1_3' title="bbox 0 0 2122 5944">
    <p class='ocr_par' dir='ltr' id='par_1_3' title="bbox 0 0 2122 5944">
     <span class='ocr_line' id='line_1_35' title="bbox 0 0 2122 5944; baseline 0 0"><span class='ocrx_word' id='word_1_337' title='bbox 0 0 2122 5944; x_wconf 95' lang='lat' dir='ltr'> </span> 
     </span>
    </p>
   </div>
  </div>
 </body>
</html>
