4236 5948
599 534 602 540 ’
726 528 922 621 Procas
954 547 1053 619 ons
1085 548 1388 624 renarrans.
1694 553 1762 625 iar

344 708 562 799 preceptore
582 691 629 767 de
646 689 821 797 Rupella,
842 707 938 768 teste
957 718 1068 795 supra
1088 689 1311 778 examinato,
1338 691 1607 769 Bartholomeo
1627 694 1765 801 Saligat

344 841 381 900 et
397 825 507 899 Petro
534 822 726 930 Maynardi
752 821 1015 912 servientibus,
1043 819 1259 913 deffunctis,
1283 822 1322 896 in
1344 822 1448 898 hunc
1475 824 1656 901 modurn:
1679 853 1764 901 nam

343 983 429 1029 cum
442 953 646 1029 instructus
656 951 828 1057 periisset
842 951 1165 1056 instanterpanem
1177 969 1360 1057 etaquam
1374 952 1537 1040 ordinis,
1550 971 1587 1030 et
1597 973 1768 1060 receptor

343 1086 378 1159 ei
404 1084 663 1175 concessisset,
690 1081 779 1160 fecit
793 1111 880 1160 eum
905 1110 1037 1159 vovere
1060 1098 1098 1158 et
1113 1079 1241 1188 jurare
1262 1109 1376 1189 super
1395 1086 1599 1191 quemdam
1623 1085 1764 1163 librum

343 1216 566 1306 castitatem,
592 1214 869 1307 obedienciam,
897 1230 935 1290 et
959 1211 1080 1288 vivere
1110 1213 1190 1290 sine
1218 1214 1394 1319 propri03
1428 1231 1466 1291 et
1493 1215 1669 1323 imposito
1690 1212 1764 1297 sibi

342 1345 542 1434 mantello,
577 1346 656 1451 ipse
685 1362 722 1421 et
741 1361 900 1422 astantes
931 1343 1084 1429 luerunt
1116 1372 1205 1420 eum
1236 1345 1391 1421 osculati
1416 1345 1456 1420 in
1477 1373 1559 1435 ore,
1592 1363 1629 1422 et
1654 1346 1767 1424 lrater

343 1476 502 1552 Michael
526 1476 713 1582 presbiter
739 1476 953 1581 quondam,
985 1475 1051 1580 qui
1081 1475 1196 1550 eciam
1225 1475 1372 1566 aderat,
1406 1475 1554 1554 dicebat
1582 1473 1763 1584 quasdam
1826 1552 1831 1561 .

343 1607 546 1684 oraciones.
564 1606 713 1683 Deinde
733 1606 810 1712 ipse
823 1623 996 1712 receptor
1012 1605 1122 1680 traxit
1139 1605 1263 1711 ipsum
1277 1622 1410 1683 testem
1432 1608 1478 1682 ad
1492 1635 1609 1684 cornu
1625 1609 1762 1698 altaris,

343 1755 378 1812 et
403 1738 495 1813 dixit
521 1738 556 1813 ei
582 1737 766 1814 submissa
795 1764 899 1826 voce,
928 1735 978 1811 ita
1005 1736 1110 1842 quod
1137 1763 1213 1812 non
1245 1736 1364 1813 credit
1394 1738 1496 1843 quod
1517 1736 1579 1813 alii
1604 1755 1763 1816 astantes

345 1868 569 1956 audiverint,
587 1869 690 1974 quod
711 1868 909 1974 oportebat
923 1867 1049 1972 ipsum
1070 1867 1256 1972 abnegare
1275 1867 1431 1943 lhesum
1448 1885 1485 1944 et
1500 1896 1633 1974 spuere
1648 1897 1762 1976 super

343 2027 493 2077 crucem
514 1999 720 2106 quamdam
735 1998 911 2107 ligneam,
929 1998 968 2072 in
988 2026 1061 2104 qua
1080 2025 1157 2073 non
1179 2014 1258 2073 crat
1272 2026 1406 2106 ymago
1425 1999 1620 2089 Crucifixi,
1641 2000 1763 2078 inhibi

342 2131 583 2222 existentem,
615 2145 652 2205 et
672 2129 751 2235 ipse
778 2128 881 2206 testis
905 2126 1031 2205 noluit
1057 2127 1241 2235 abnegare
1266 2156 1336 2204 nec
1360 2157 1512 2234 spuere,
1539 2131 1635 2209 sicut
1654 2131 1762 2219 dixit,

342 2289 411 2336 nec
432 2260 479 2336 de
497 2259 623 2366 aliquo
640 2258 713 2336 alio
734 2258 866 2335 illicito
880 2257 952 2336 luit
968 2259 1000 2334 ei
1023 2257 1115 2334 lacta
1135 2258 1300 2347 mencio,
1319 2276 1355 2335 et
1368 2259 1488 2337 eredit
1506 2261 1611 2367 quod
1632 2263 1763 2339 eadem

344 2391 513 2467 dicerent
540 2390 621 2466 aliis
646 2389 685 2465 in
707 2388 992 2495 recepcionibus
1018 2416 1149 2465 eorum
1175 2387 1232 2465 vel
1264 2406 1368 2494 post,
1394 2406 1433 2466 et
1460 2392 1564 2497 quod
1594 2392 1664 2498 ipsi
1687 2420 1764 2470 non

343 2519 572 2630 abnegarent
584 2548 654 2597 nec
670 2537 865 2626 spuerent,
886 2520 1035 2597 nullum
1047 2536 1175 2596 tamen
1192 2518 1309 2595 alium
1326 2518 1421 2597 vidit
1433 2520 1547 2628 recipi
1562 2521 1601 2597 in
1615 2522 1761 2600 ordine.

342 2652 452 2743 ltem,
475 2649 568 2727 dixit
583 2679 621 2727 se
641 2649 738 2726 bene
760 2650 913 2727 credere
935 2649 1190 2728 ecclesiasticis
1210 2651 1464 2740 sacramentis,
1484 2653 1640 2729 credens
1660 2655 1765 2759 quod

344 2781 403 2858 alii
415 2781 548 2859 fratres
564 2781 707 2858 ordinis
723 2782 859 2858 eodem
881 2783 996 2859 modo
1012 2783 1225 2870 crederent,
1242 2799 1279 2857 et
1290 2783 1395 2887 quod
1408 2811 1540 2859 eorum
1554 2784 1765 2862 sacerdotes

343 2912 469 2990 debite
495 2911 739 2989 celebrarent.
773 2911 906 2990 Statim
937 2940 1006 3018 pro
1034 2909 1212 3018 professis
1240 2910 1486 2989 habebantur.
1523 2913 1765 2992 Clandestine

343 3045 629 3151 recipiebantur,
664 3042 778 3119 nullis
811 3041 1050 3148 presentibus
1081 3041 1152 3119 nisi
1185 3041 1362 3118 fratribus
1393 3042 1547 3120 ordinis.
1586 3043 1764 3122 Cordulis

343 3173 445 3251 unde
472 3173 646 3251 volebant
675 3174 874 3280 assumptis
901 3174 1147 3282 cingebantur
1172 3202 1286 3278 super
1315 3175 1483 3252 camisias
1512 3202 1598 3251 curn
1623 3174 1765 3282 quibus

299 3395 302 3401 ,
338 3305 521 3411 jacebant.
542 3305 812 3412 lnjungebatur
829 3305 882 3383 eis
895 3333 942 3380 ne
955 3304 1165 3383 revelarent
1180 3321 1320 3380 secreta
1338 3305 1601 3410 capitulorum.
1623 3308 1765 3400 Quam-

342 3436 409 3513 diu
428 3435 566 3513 hnbere
587 3453 761 3542 poterant
782 3437 993 3513 sacerdotes
1015 3436 1174 3524 ordinis,
1204 3463 1281 3511 non
1306 3437 1495 3514 debebant
1515 3437 1597 3514 aliis
1621 3438 1762 3543 absque

341 3566 496 3645 licencia
511 3565 693 3643 confiteri.
716 3567 753 3644 Si
775 3568 840 3673 qui
858 3585 963 3644 erant
980 3566 1111 3643 fratres
1131 3566 1291 3645 scientes
1311 3595 1456 3645 errores
1477 3597 1555 3645 esse
1577 3569 1616 3644 in
1630 3569 1762 3645 ordine

343 3697 497 3775 luerunt
512 3697 762 3806 negligentes,
780 3696 868 3803 qnia
893 3724 970 3773 non
995 3715 1237 3775 correxerunt
1265 3725 1330 3775 eos
1355 3725 1425 3776 nec
1445 3700 1767 3777 denunciaverunt

342 3826 517 3904 Ecclesie.
548 3827 590 3903 In
623 3826 799 3903 domibus
831 3826 976 3903 ordinis
1005 3827 1208 3934 inquibus
1239 3828 1359 3905 extitit
1378 3846 1649 3919 commoratus,
1672 3829 1765 3905 vidit

344 3957 565 4035 elemosinas
585 3975 623 4034 et
640 3957 934 4064 hospitalitatem
960 3959 1226 4036 convenienter
1244 3958 1326 4034 fieri
1349 3976 1387 4036 et
1408 3960 1556 4038 servari.
1583 3959 1765 4037 Ordinato

344 4117 410 4192 per
430 4088 649 4196 Magistrum
675 4117 762 4165 curn
799 4106 985 4166 conventu
1012 4106 1192 4167 servasset
1209 4106 1311 4167 totus
1343 4090 1460 4177 ordo,
1492 4106 1620 4166 contra
1647 4116 1763 4196 quem

343 4245 443 4295 nunc
464 4219 619 4326 grandia
644 4218 836 4307 scandala,
866 4219 1030 4325 suspicio
1053 4236 1091 4296 et
1101 4218 1254 4295 infamia
1281 4216 1370 4296 sunt
1398 4237 1542 4309 exorta,
1574 4216 1613 4296 et
1631 4231 1765 4297 ‘contra

344 4376 458 4454 quem
475 4349 597 4427 dictus
609 4350 786 4460 Magister
804 4367 841 4427 et
856 4350 917 4428 alii
931 4351 1057 4458 aliqua
1072 4349 1251 4426 dicuntur
1267 4348 1381 4428 luisse
1398 4349 1576 4439 consessi3
1598 4352 1644 4426 ad
1659 4350 1766 4458 cujus

344 4481 487 4559 ordinis
507 4479 782 4559 deffensionem
804 4510 843 4559 se
864 4481 1063 4559 obtulerat.

398 4613 614 4718 Requisitus
646 4613 677 4690 si
707 4613 759 4690 sic
789 4614 1013 4719 deposuerat
1042 4642 1168 4718 prece,
1201 4629 1395 4719 precepto,
1430 4612 1583 4705 timore,
1618 4639 1762 4704 amore,

344 4743 450 4832 odio,
489 4746 547 4821 vel
571 4745 769 4850 temporali
802 4746 963 4824 comodo
991 4745 1121 4822 habito
1150 4744 1208 4821 vel
1227 4741 1420 4832 habendo,
1442 4746 1638 4851 respondit
1661 4745 1766 4852 qnod

344 4898 436 4966 non,
473 4875 540 4951 sed
579 4903 648 4980 pro
683 4876 835 4953 veritate
876 4875 1058 4964 dicenda3
1094 4876 1153 4952 cui
1192 4874 1264 4952 luit
1304 4874 1514 4983 injunctum
1550 4874 1653 4982 quod
1687 4900 1764 4952 non

1567 5013 1615 5077 alc.
