4236 5948
734 547 929 638 anonas
955 566 1051 638 ons
1077 564 1379 639 nausimus.
1695 567 1768 641 rte

349 702 645 809 Rongemaaille,
676 722 714 780 et
739 705 963 811 quibusdam
987 707 1069 784 aliis
1096 707 1144 785 de
1174 735 1336 814 quorum
1364 706 1585 785 nominibus
1611 736 1685 786 non
1710 738 1770 786 re·
1796 779 1802 794 ,

346 834 445 910 colit.
467 832 570 910 Dixit
590 835 705 911 eciam
725 865 792 942 per
807 837 1062 943 juramentum
1081 862 1192 916 suum
1207 839 1326 946 quod,
1345 855 1429 943 post
1452 837 1591 916 multas
1612 842 1772 944 promis-

346 966 471 1042 siones
495 965 543 1041 de
565 965 803 1044 observandis
823 969 968 1047 statutis
989 987 1026 1046 et
1054 970 1206 1046 secretis
1231 969 1318 1046 dicti
1342 968 1485 1046 ordinis
1508 969 1555 1047 ab
1576 999 1621 1048 eo
1640 969 1768 1061 factas,

346 1095 467 1172 dictus
490 1096 672 1201 recipiens
697 1102 863 1206 precepit
882 1101 954 1179 sibi
975 1101 1079 1205 quod
1103 1100 1333 1178 oscularetur
1356 1127 1443 1176 eum
1466 1117 1566 1177 retro
1586 1100 1626 1176 in
1644 1103 1767 1181 umbi-

344 1223 416 1301 lico
433 1227 522 1301 etin
541 1254 622 1316 ore,
643 1230 775 1334 etipse
791 1229 1013 1338 finxitqnod
1033 1231 1264 1308 oscularetur
1281 1258 1367 1308 eum
1388 1258 1498 1336 supra
1514 1247 1634 1308 vestes
1654 1249 1764 1320 retro,

347 1372 385 1429 et
404 1357 441 1430 in
460 1357 657 1446 umbilico,
675 1377 713 1435 et
734 1377 862 1465 postea
876 1362 1065 1440 osculatus
1089 1360 1161 1439 fuit
1180 1389 1267 1438 eum
1287 1362 1326 1437 in
1347 1390 1427 1439 ore.
1853 1352 1854 1359 ἵ

400 1487 493 1561 Item
517 1488 607 1562 dixit
626 1518 692 1594 per
712 1491 965 1596 juramentum
990 1521 1100 1568 suum
1129 1492 1233 1596 quod
1253 1491 1374 1568 dictus
1400 1492 1583 1595 recipiens
1604 1491 1766 1568 ostendit

344 1615 415 1693 sibi
445 1644 593 1694 crucem
620 1620 802 1709 montelli,
831 1638 868 1696 et
881 1622 1047 1727 precepit
1067 1621 1137 1699 sibi
1162 1621 1269 1726 quod·
1292 1604 1443 1726 spueret
1466 1649 1576 1727 supra
1595 1649 1766 1712 crucem,

344 1749 447 1850 quod
473 1746 573 1837 lecit,
598 1767 634 1826 et
661 1767 790 1856 postea
810 1752 974 1829 ostendit
1000 1751 1071 1827 sibi
1098 1779 1244 1827 crucem
1267 1751 1307 1826 in
1331 1750 1497 1855 quodam
1519 1751 1657 1828 missali
1682 1778 1765 1827 cum

342 1863 511 1984 ymagine
524 1881 640 1957 lbesu
659 1881 815 1970 Christi,
845 1899 882 1958 et
899 1882 1066 1987 precepit
1089 1880 1161 1959 sibi
1181 1881 1286 1987 quod
1300 1879 1502 1987 abnegaret
1518 1881 1642 1959 Deum
1661 1883 1767 1988 cujus

342 2034 476 2114 ymago
492 2027 571 2086 erat
589 2010 659 2100 ibi,
682 2029 719 2087 et
739 2011 826 2089 licet
842 2012 1026 2089 renuisset
1040 2028 1077 2087 et
1094 2011 1219 2099 deret,
1240 2028 1365 2086 tamen
1383 2008 1546 2087 finaliter
1562 2009 1651 2087 fecit
1669 2040 1768 2089 com·

342 2139 483 2242 pulsus.
505 2141 604 2219 Dixit
620 2143 736 2219 eciam
754 2171 823 2249 per
840 2144 1093 2250 juramentum
1111 2168 1238 2230 suum,
1260 2142 1364 2248 quod
1381 2141 1499 2218 credit
1515 2142 1620 2246 quod
1637 2169 1766 2217 omnes

343 2268 406 2345 alii
426 2270 558 2348 fratres
575 2273 625 2346 ita
645 2273 881 2379 recipiantur,
905 2275 971 2350 sed
992 2302 1069 2351 non
1089 2274 1157 2349 scit
1173 2273 1378 2350 veritatem.

399 2402 650 2508 lnterrogatus
664 2419 790 2479 utrum
806 2405 858 2490 vi,
873 2404 929 2480 vel
942 2421 1046 2480 metu
1061 2403 1217 2479 carceris
1232 2431 1299 2479 seu
1312 2419 1604 2491 tormentorum,
1618 2419 1681 2478 aut
1694 2401 1766 2476 alia

345 2529 390 2605 de
413 2559 536 2615 causa,
559 2531 721 2637 aliquam
743 2533 878 2608 dixerit
905 2532 1100 2610 salsitatem
1120 2532 1178 2608 vel
1197 2532 1442 2607 immiscuerit
1466 2533 1505 2606 in
1525 2531 1764 2635 deposicione

342 2689 425 2750 sua,
449 2661 542 2736 dixit
562 2691 627 2765 per
641 2663 896 2769 juramentum
914 2691 1023 2739 suum
1036 2663 1141 2768 quod
1161 2690 1257 2749 non;
1280 2661 1396 2738 immo
1417 2661 1509 2737 dixit
1523 2689 1656 2767 puram
1676 2662 1765 2735 veri-

343 2807 469 2866 tatem.
499 2791 588 2868 Acta
613 2810 698 2869 sunt
728 2794 797 2869 bec
825 2821 943 2881 anno,
975 2785 1180 2881 indicione,
1205 2819 1349 2882 mense,
1378 2791 1456 2882 die,
1481 2790 1698 2896 pontificatu
1729 2809 1766 2864 et

342 2921 424 2998 loco
439 2923 631 3027 predictis,
647 2925 880 3028 presentibus
895 2924 1080 3030 religiosis
1095 2940 1132 3000 et
1143 2923 1308 3001 honestis
1324 2921 1411 2999 viris
1427 2922 1601 2998 tratribus
1618 2920 1766 2999 Gaude-

342 3050 450 3130 fredo
476 3053 691 3143 Leodiensi,
718 3055 889 3132 lobanne
916 3054 1090 3161 Bergensi
1121 3053 1263 3130 ordinis
1288 3052 1585 3138 Predicatorum,
1613 3053 1651 3126 in
1678 3078 1765 3127 con-

344 3201 455 3259 ventu
477 3186 671 3262 Parisiensi
690 3188 943 3276 studentibus,
967 3205 1005 3262 et
1024 3186 1194 3291 pluribus
1216 3185 1296 3261 aliis
1309 3184 1467 3260 testibus
1484 3184 1531 3259 ad
1544 3184 1614 3258 hec
1629 3184 1764 3257 vocatis

343 3314 552 3417 specialiter
576 3333 613 3391 et
633 3317 780 3422 rogatis.

398 3578 445 3650 Et
460 3604 527 3680 ego
538 3578 699 3653 Amisius
711 3578 757 3653 de
772 3578 969 3655 Aureliano
982 3579 1102 3654 dictus
1115 3578 1149 3655 le
1162 3576 1268 3664 Ratis,
1287 3577 1441 3653 clericus
1454 3593 1681 3652 sacrosancte
1696 3576 1766 3650 Ro-

342 3733 450 3778 mane
461 3705 622 3781 Ecclesie
635 3707 853 3782 auctoritate
867 3708 1034 3784 notarius
1049 3707 1239 3812 publicus,
1258 3706 1447 3811 premissis
1462 3703 1764 3782 confessionibus

343 3851 380 3908 et
404 3834 579 3910 omnibus
605 3835 685 3911 aliis
706 3852 742 3910 et
769 3834 941 3942 singulis,
968 3854 1080 3942 prout
1104 3837 1142 3911 in
1172 3838 1239 3912 bac
1271 3854 1307 3913 et
1332 3834 1621 3942 precedentibus
1647 3835 1763 3940 peciis

341 3964 452 4074 simul
471 3965 565 4041 sutis
585 3983 624 4041 et
641 3965 747 4073 signo
763 3993 848 4042 meo
869 3967 1018 4073 signatis
1037 3967 1186 4072 plenius
1206 3966 1455 4055 continentur,
1470 3993 1545 4042 une
1559 3993 1645 4040 cum
1659 3964 1763 4038 testi-

341 4093 412 4171 bus
439 4114 476 4172 et
498 4096 657 4202 publicis
683 4097 970 4203 notariissupra
995 4115 1032 4173 et
1056 4095 1297 4202 infrascriptis
1322 4123 1474 4200 presens
1501 4092 1671 4180 interfui,
1701 4122 1760 4177 ac,

240 4236 245 4241 '
343 4224 389 4301 de
410 4228 583 4303 mandato
602 4227 834 4332 inquisitoris
848 4245 886 4303 et
903 4228 1240 4304 commissariorum
1261 4226 1612 4331 suprascriptorum,
1634 4223 1673 4297 in
1693 4223 1761 4297 bac

342 4373 379 4433 et
405 4356 485 4433 aliis
510 4357 798 4462 precedentibus
822 4359 1079 4435 instrumentis
1105 4385 1166 4433 me
1200 4356 1400 4462 subscripsi
1433 4354 1473 4432 in
1500 4352 1761 4431 testimonium

342 4486 625 4588 premissorum,
648 4517 764 4593 eaque
785 4489 890 4593 signo
906 4516 991 4563 meo
1012 4487 1123 4564 solito
1138 4487 1274 4592 signavi
1296 4498 1458 4592 rogatus.
1484 4513 1488 4521 ·

396 4748 442 4821 Et
468 4775 535 4853 ego
551 4747 711 4824 lacobus
736 4749 782 4824 de
805 4749 952 4826 Virtute
977 4749 1133 4849 clericus
1156 4745 1463 4824 Cathalaunensis
1488 4744 1663 4832 diocesis,
1691 4773 1762 4850 pu-

340 4875 459 4952 blicus
485 4877 665 4985 imperiali
694 4880 911 4956 auctoritate
932 4879 1116 4965 notarius,
1141 4878 1332 4985 premissis
1352 4875 1527 4954 omnibus
1548 4890 1585 4952 et
1607 4872 1761 4980 singulis

1564 5018 1612 5081 53.
1629 5035 1632 5039 ’
