4236 5948
737 545 934 638 enocts
960 564 1056 636 ons
1082 564 1384 638 ruurtrnns.
1700 571 1772 640 aar

315 718 317 726 ⁴
349 737 417 786 sue
436 705 681 810 recepcionis‚
704 705 796 781 dixit
822 735 889 811 pcr
908 706 1164 813 juramentum
1190 735 1301 781 suum
1322 706 1425 811 quod
1445 705 1515 781 tuit
1537 725 1709 811 receptus
1735 710 1771 782 in

350 840 466 917 domo
481 835 527 912 de
536 836 696 912 Prunaio
711 837 871 914 diocesis
878 836 1135 928 Carnotensis‚
1147 836 1185 911 in
1199 836 1348 913 instanti
1362 836 1653 942 Quadragesima
1665 858 1776 915 erant

347 968 478 1077 viginti
499 986 574 1045 tres
590 969 697 1055 anni,
723 997 790 1073 per
809 967 941 1043 fratem
962 967 1163 1074 Symonem
1186 968 1232 1044 de
1256 967 1393 1060 Quinci
1420 985 1676 1072 preceptorem
1696 968 1777 1044 bal-

349 1101 433 1178 lirie
453 1099 500 1175 de
521 1097 698 1188 Prunaio,
725 1099 965 1204 presentibus
990 1097 1100 1175 fratre
1127 1097 1277 1175 Galtero
1304 1098 1352 1173 de
1376 1099 1445 1174 Ete
1475 1116 1628 1174 tenente
1651 1097 1776 1176 locum

350 1229 516 1338 Magistri
538 1229 707 1315 Francis,
733 1246 770 1304 et
791 1229 902 1305 sratre
924 1227 1131 1334 Regiualdo
1152 1226 1392 1333 d'Argeville,
1412 1229 1477 1332 qui
1498 1227 1568 1303 suit
1590 1228 1777 1305 cubicula-

349 1362 428 1437 rius
448 1388 543 1465 pape
559 1359 614 1435 vel
625 1360 817 1447 ostiarius,
836 1377 873 1435 et
888 1359 1116 1465 quibusdam
1129 1358 1209 1434 aliis
1230 1359 1275 1434 de
1291 1386 1453 1463 quorum
1470 1358 1688 1434 nominibus
1700 1389 1776 1435 non

349 1491 579 1568 recordatur.
596 1491 697 1568 Dixit
711 1491 827 1566 eciam
838 1490 1168 1596 perjuramentum
1181 1518 1292 1567 suum
1309 1491 1429 1594 quod,
1441 1507 1525 1594 post
1542 1488 1676 1565 multas
1692 1520 1775 1594 pro-

351 1623 548 1699 missiones
566 1622 613 1697 de
629 1622 779 1699 secretis
793 1639 830 1697 et
846 1620 990 1697 statutis
1006 1620 1095 1696 dicti
1113 1620 1255 1696 ordinis
1268 1618 1315 1695 ab
1330 1646 1376 1695 eo
1392 1619 1503 1696 factas
1518 1618 1771 1711 observandis,

349 1769 388 1828 et
406 1751 585 1828 mantello
607 1752 678 1828 sibi
699 1752 746 1827 ad
763 1751 903 1828 collum
924 1751 1062 1857 posito,
1085 1751 1207 1827 dictus
1224 1749 1407 1854 recipiens
1424 1751 1629 1855 apportavit
1646 1778 1775 1857 quam-

349 1881 435 1957 dam
450 1910 601 1957 crucem
616 1882 655 1956 in
674 1910 746 1986 qua
766 1898 845 1957 erat
858 1909 992 1987 ymago
1009 1880 1125 1957 Jhesu
1135 1880 1272 1958 Christi
1291 1880 1453 1984 depicta,
1468 1897 1506 1954 et
1522 1880 1689 1984 precepit
1703 1881 1773 1955 sihi

348 2011 619 2117 quothesum
640 2011 833 2088 Christum
853 2010 1066 2117 abnegaret,
1088 2027 1126 2087 et
1144 2008 1248 2114 quod
1260 2027 1409 2113 spueret
1425 2038 1536 2113 supra
1552 2039 1719 2094 crucem,
1739 2030 1775 2116 et

348 2169 434 2217 cum
457 2169 535 2216 non
554 2141 667 2217 vellet
680 2141 817 2230 facere,
840 2141 971 2218 fratres
991 2142 1206 2218 assistentes
1221 2139 1394 2215 dixerunt
1413 2137 1483 2217 sibi
1505 2142 1609 2245 quod
1625 2158 1774 2244 oporte-

347 2270 410 2348 bat
421 2272 493 2348 hoc
507 2270 644 2359 facere,
665 2271 721 2348 vei
736 2289 942 2376 poneretur
954 2272 1149 2348 incarcere
1161 2288 1356 2376 perpetuo.
1373 2272 1420 2346 Et
1436 2287 1529 2344 tunc
1544 2299 1624 2355 ore,
1644 2287 1681 2346 et
1697 2298 1772 2346 non

347 2404 477 2490 corde,
506 2402 701 2508 abnegavit
720 2401 874 2477 Jhesum
897 2402 1108 2488 Christum,
1132 2419 1169 2477 et
1194 2399 1378 2476 simulavit
1403 2429 1536 2505 spuere
1558 2430 1668 2504 supra
1689 2431 1773 2477 cru-

347 2560 440 2608 cem.
458 2534 709 2637 interrogatus
723 2533 769 2607 de
786 2529 930 2620 oscu10‚
951 2530 1043 2606 dixit
1057 2559 1125 2634 per
1134 2531 1390 2636 juramentum
1405 2559 1516 2606 suum
1532 2531 1635 2635 quod
1649 2532 1771 2607 dictus

344 2663 527 2767 recipiens
545 2663 733 2740 osculatus
750 2663 822 2737 fuit
836 2663 959 2767 ipsum
978 2662 1017 2736 in
1032 2660 1212 2737 umbilico
1228 2678 1266 2736 et
1281 2661 1319 2735 in
1334 2689 1398 2737 ore
1415 2661 1550 2737 solum.
1567 2663 1772 2769 Interroga-

344 2809 404 2869 tus
425 2794 472 2868 do
494 2793 630 2898 capite,
653 2793 746 2868 dixit
764 2821 832 2896 per
843 2793 1101 2897 juramentum
1121 2819 1230 2867 suum
1255 2790 1358 2895 quod
1378 2790 1457 2895 ipse
1479 2791 1572 2867 vidit
1597 2791 1693 2867 illud
1712 2793 1771 2867 bis

345 2923 505 2999 Parisius
525 2923 563 2997 in
584 2922 747 3029 capitulo
766 2924 902 3026 portari
923 2950 991 3026 per
1011 2921 1163 2997 fratrem
1178 2920 1386 2997 Gerardum
1401 2920 1447 2996 (le
1461 2919 1681 3008 Villaribus,
1705 2924 1771 2997 sed

346 3079 537 3157 nunquam
554 3054 678 3157 potuit
693 3053 895 3129 decernere
914 3051 1008 3157 quid
1029 3067 1123 3138 erat,
1146 3051 1232 3155 quia
1251 3049 1404 3126 sedebat
1424 3051 1588 3156 alonge,
1608 3079 1677 3124 nec
1693 3069 1771 3126 erat
1872 3154 1875 3158 Δ

345 3180 473 3258 iumen
495 3184 533 3257 iu
554 3183 733 3288 capitulo,
756 3184 861 3288 quod
875 3182 1074 3258 tenebatur
1093 3181 1198 3286 quasi
1217 3181 1342 3255 media
1358 3199 1484 3265 nocte,
1507 3181 1577 3258 nisi
1599 3210 1695 3257 unus
1709 3211 1770 3258 ce-

344 3340 432 3389 reus
460 3313 631 3390 modicus
652 3313 805 3400 ardens,
839 3331 877 3387 et
902 3327 1055 3416 propter
1080 3310 1153 3389 hoc
1175 3338 1256 3386 >non
1281 3311 1405 3415 potuit
1428 3309 1526 3386 hene
1554 3312 1646 3386 scire
1677 3313 1771 3416 quid

345 3460 433 3518 erat.
455 3442 557 3519 Dixit
575 3461 700 3518 tamen
720 3442 824 3547 quod
840 3472 915 3519 non
937 3442 1056 3517 credit
1076 3441 1179 3547 quod
1202 3457 1297 3516 esset
1317 3440 1458 3517 bonum
1480 3440 1583 3544 quid.
1611 3443 1771 3517 Interro

343 3591 446 3677 gatus
466 3589 594 3649 utrum
614 3573 723 3647 sciret
738 3573 842 3676 quod
858 3600 989 3648 omnes
1009 3573 1267 3677 reciperentur
1282 3599 1350 3676 per
1365 3571 1471 3647 illum
1489 3572 1663 3659 modum,
1680 3573 1771 3649 dixit

344 3704 446 3808 quod
468 3703 585 3777 nescit
609 3729 678 3806 pro
699 3718 817 3802 certo,
840 3702 927 3806 quia
946 3729 1136 3808 nunquam
1154 3700 1248 3777 vidit
1266 3701 1396 3778 fratres
1415 3703 1550 3805 recipi,
1568 3704 1635 3778 sed
1653 3702 1770 3778 credit

343 3833 447 3938 quod
467 3832 540 3918 sic3
565 3849 602 3907 et
626 3831 697 3905 hoc
727 3828 863 3919 credit,
885 3831 971 3935 quia
992 3859 1068 3908 non
1092 3830 1213 3907 credit
1235 3831 1339 3936 quod
1364 3831 1464 3906 aliud
1488 3830 1600 3907 fuerit
1619 3831 1688 3906 sibi
1717 3832 1769 3905 ia-

343 3979 444 4040 ctum
458 3963 562 4067 quod
577 3961 641 4038 [iat
660 3961 752 4038 aliis.
775 3963 1023 4067 Interrogatus
1038 3979 1166 4039 utrum
1180 3963 1231 4053 vi,
1249 3960 1307 4037 vel
1327 3980 1429 4037 metu
1444 3962 1597 4037 carceris
1613 3988 1681 4034 seu
1692 3978 1768 4035 tor—

343 4112 572 4182 mentorum,
590 4111 655 4169 aut
666 4091 734 4170 alia
747 4094 794 4170 de
811 4121 935 4180 causa,
952 4073 1116 4197 aliquam·
1128 4091 1324 4168 falsitatem
1342 4091 1476 4166 dixerit
1486 4108 1550 4165 aut
1562 4090 1768 4166 immiscue-

343 4224 393 4299 rit
407 4225 445 4298 in
468 4223 712 4329 deposicione
733 4253 815 4313 sua,
838 4240 901 4299 aut
918 4221 1076 4300 tacuerit
1087 4221 1298 4313 veritatem,
1321 4222 1413 4298 dixit
1431 4249 1500 4326 per
1514 4223 1767 4328 juramentum

343 4381 452 4430 suum
473 4354 576 4459 quod
596 4383 688 4441 non,
712 4382 782 4430 nec
802 4352 924 4458 aliqua
944 4353 1117 4430 violentia
1133 4352 1204 4431 sibi
1222 4352 1420 4440 subiecta,
1441 4351 1509 4427 sed
1527 4379 1659 4455 puram
1673 4351 1768 4424 veri-

341 4500 455 4559 tatem
473 4482 627 4562 dixerat.

397 4743 489 4818 ltem
509 4741 622 4818 srater
638 4742 829 4820 Johannes
850 4742 897 4816 de
918 4741 1080 4818 Sivriaco
1099 4742 1306 4849 presbyter,
1330 4741 1436 4816 etatis
1453 4739 1580 4846 viginti
1605 4757 1688 4814 octo
1705 4767 1767 4814 an-

341 4898 477 4949 norum
504 4872 561 4948 vel
589 4874 701 4961 circa,
729 4873 873 4979 juratus
895 4873 1029 4952 eodem
1049 4873 1165 4949 modo
1185 4872 1233 4949 de
1257 4900 1297 4947 se
1318 4888 1356 4947 et
1379 4870 1462 4947 aliis
1481 4871 1520 4945 in
1546 4898 1652 4946 causa
1674 4868 1761 4944 fidei
