4236 5948
734 533 930 621 estoces
956 548 1052 619 DES
1078 549 1376 623 TEMPLIERS.
1695 556 1771 629 ³85

348 688 475 766 Maria.
493 726 504 755 ιι
522 689 567 764 Et
585 704 674 763 tunc
695 688 773 793 ipse
797 690 963 796 precepit
982 689 1051 766 sibi
1069 720 1077 763 :
1096 728 1107 756 a
1124 690 1243 796 Spuas
1264 720 1374 797 supra
1394 691 1507 767 istum
1531 692 1570 768 in
1590 695 1766 799 despectu

348 819 469 927 ejus.»
500 819 545 894 Et
573 835 662 894 tunc
689 819 788 924 spuit
807 837 880 908 ter,
911 819 978 896 sed
1005 819 1152 897 cavebat
1181 838 1364 926 quantum
1384 838 1529 927 poterat
1550 851 1597 900 ne
1617 844 1767 931 spueret

347 977 457 1057 supra
478 978 625 1025 crucem
640 949 696 1024 vel
718 949 945 1026 crucifixum.
960 950 1060 1026 Dixit
1073 950 1188 1027 eciam
1203 980 1270 1056 per
1278 954 1532 1059 juramentum
1543 981 1653 1030 suum
1663 954 1767 1061 quod

347 1078 534 1172 osculatus
554 1077 624 1154 suit
640 1078 880 1183 recipientem
901 1081 939 1156 in
956 1079 1134 1157 umbilico
1154 1099 1189 1156 et
1209 1082 1247 1157 in
1268 1109 1344 1158 ore.
1371 1084 1621 1189 Interrogatus
1638 1102 1767 1162 utrum

345 1210 398 1300 vi,
414 1209 472 1286 vel
492 1227 595 1285 metu
617 1210 772 1285 carceris
792 1239 858 1287 seu
878 1227 1168 1300 tormentorum,
1190 1228 1252 1287 aut
1275 1210 1346 1288 alia
1377 1211 1423 1288 de
1453 1241 1578 1306 causa,
1606 1214 1767 1321 aliquam

347 1340 481 1418 dixerit
500 1339 694 1416 falsitatem
710 1339 767 1416 vel
783 1339 1028 1417 immiscuerit
1045 1341 1083 1415 in
1106 1341 1345 1445 deposicione
1369 1370 1451 1430 sua,
1472 1342 1564 1419 dixit
1580 1372 1648 1450 per
1664 1344 1768 1451 jura-

345 1485 515 1547 mentum
531 1497 641 1547 suum
655 1472 758 1576 quod
779 1498 874 1559 non,
896 1472 1011 1547 immo
1028 1470 1118 1547 dixit
1136 1499 1268 1576 puram
1288 1471 1490 1547 veritatem.

374 1766 380 1775 ·
402 1734 495 1809 ltem
511 1731 622 1808 srater
641 1730 814 1810 Galterus
835 1731 882 1809 de
904 1731 1048 1823 Paians,
1067 1735 1172 1808 etatis
1187 1732 1371 1838 octoginta
1384 1759 1566 1808 annorum
1578 1733 1635 1808 vel
1652 1734 1765 1823 circa,

340 1864 486 1969 juratus
506 1863 641 1939 eodem
660 1861 775 1938 modo
796 1862 844 1939 de
865 1891 903 1939 se
925 1881 962 1939 et
981 1862 1061 1938 aliis
1077 1862 1115 1937 in
1137 1890 1244 1938 causa
1258 1860 1347 1938 fidei
1362 1861 1485 1938 dicere
1504 1861 1715 1954 veritatem,
1732 1882 1769 1940 et

345 1993 594 2098 interrogatus
614 1992 660 2069 de
676 2010 845 2098 tempore
863 2010 900 2069 et
915 1993 1030 2071 modo
1049 2022 1114 2069 sue
1132 1993 1377 2100 recepcionis,
1396 1992 1486 2067 dixit
1499 2021 1568 2097 per
1576 1992 1769 2099 juramen-

344 2139 424 2199 tum
449 2150 562 2199 suum
579 2121 682 2230 quod
702 2123 772 2199 luit
795 2141 968 2229 receptus
992 2123 1031 2198 in
1052 2122 1164 2200 domo
1189 2124 1237 2199 de
1258 2123 1403 2211 Paians,
1425 2121 1578 2228 triginta
1597 2127 1766 2201 seranni

345 2269 453 2330 erunt
469 2253 506 2327 in
521 2253 668 2329 instanti
684 2254 778 2331 sesto
792 2254 994 2331 Natiuitatis
1009 2254 1180 2346 Domini,
1192 2282 1260 2360 per
1274 2253 1427 2330 fratrem
1442 2252 1706 2331 Theobeldum
1718 2254 1764 2333 de

344 2382 524 2471 Breteuil,
552 2386 786 2489 presentibus
806 2384 917 2460 fratre
942 2386 1089 2462 Thomu
1114 2386 1326 2462 Normanno
1348 2403 1386 2462 et
1403 2384 1514 2460 fratre
1536 2384 1699 2489 Symone
1721 2386 1768 2463 de

344 2514 472 2591 Paiaus
493 2532 530 2590 et
547 2515 771 2620 quibusdam
792 2513 874 2591 aliis
899 2514 946 2590 de
972 2541 1134 2621 quomm
1158 2515 1375 2591 nominibus
1399 2541 1474 2590 non
1499 2513 1644 2590 recolit.
1668 2516 1768 2593 Dixit

345 2644 462 2720 eciam
484 2672 553 2749 per
566 2645 821 2751 juramentum
841 2673 952 2721 suum
972 2643 1090 2750 quod,
1115 2661 1198 2751 post
1217 2645 1353 2721 multas
1373 2642 1639 2750 promissiones
1654 2644 1700 2720 ab
1720 2673 1765 2721 eo

343 2772 454 2850 saetas
478 2773 524 2851 de
557 2774 794 2851 observandis
826 2775 969 2852 statutis
994 2792 1030 2850 et
1056 2775 1207 2851 secretis
1228 2773 1317 2850 dicti
1338 2768 1565 2861 ordinis‚'-et
1585 2774 1764 2853 mantello

342 2902 412 2980 sibi
431 2905 479 2980 ad
493 2905 630 2981 collum
642 2905 780 3011 posito,
804 2904 925 2981 dictus
942 2904 1126 3008 recipiens
1141 2903 1303 2980 ostendit
1317 2903 1388 2979 sibi
1403 2904 1604 3011 quamdam
1616 2932 1765 3010 parvam

344 3060 491 3111 crucem
512 3035 550 3111 in
570 3065 643 3142 qua
670 3052 747 3112 erat
772 3063 904 3142 ymago
929 3035 1044 3110 Jbesu
1070 3033 1210 3112 Christi
1236 3032 1415 3122 crucifixi,
1438 3051 1476 3111 et
1494 3035 1625 3140 petivit
1649 3034 1695 3109 ab
1720 3062 1765 3110 eo

342 3179 470 3239 utrum
495 3165 664 3241 crederet
693 3165 796 3272 quod
824 3181 921 3241 esset
939 3192 1071 3272 ymago
1091 3164 1207 3240 lbesu
1229 3162 1386 3253 Christi3
1413 3164 1548 3271 etipse
1572 3162 1767 3269 respondit

342 3293 445 3397 quod
465 3295 527 3371 sic.
551 3296 596 3370 Et
615 3312 706 3372 tunc
723 3296 801 3403 ipse
824 3295 991 3401 precepit
1012 3295 1082 3371 sibi
1103 3293 1205 3400 quod
1225 3311 1377 3401 spueret
1404 3292 1515 3400 supra
1536 3321 1705 3383 crucem3
1729 3311 1766 3369 et

342 3422 441 3525 spuit
461 3426 591 3514 semel,
618 3442 655 3502 ct
675 3426 860 3503 osculatus
887 3425 960 3502 fuit
980 3425 1122 3503 dictum
1144 3423 1387 3531 recipientem
1408 3426 1445 3500 in
1466 3425 1645 3504 umbilico
1667 3442 1704 3500 et
1724 3424 1764 3498 in

342 3579 418 3630 ore.
434 3554 535 3631 Dixit
555 3557 670 3630 eciam
685 3584 753 3660 per
762 3558 1021 3662 juramentum
1034 3583 1145 3632 suum
1163 3555 1268 3661 quod
1282 3554 1404 3634 dictus
1420 3557 1602 3661 recipiens
1618 3555 1690 3633 sibi
1704 3555 1766 3631 de-

342 3684 487 3790 negavit
511 3699 549 3758 et
575 3683 741 3759 inhibuit
761 3686 900 3761 coitum
925 3685 1147 3772 mulierum,
1165 3702 1203 3760 et
1223 3684 1328 3760 dedit
1347 3684 1418 3762 sibl
1439 3686 1633 3763 licenciam
1654 3686 1766 3762 babi-

340 3811 441 3888 tandi
458 3812 651 3888 carnaliter
670 3841 755 3890 cum
771 3813 946 3891 iratribus
959 3814 1049 3889 dicti
1070 3814 1222 3892 ordinis.
1244 3813 1346 3890 Dixit
1356 3832 1482 3892 tamen
1496 3844 1564 3920 per
1571 3817 1766 3924 juramen-

340 3960 422 4019 tum
442 3972 553 4019 suum
573 3944 679 4049 quod
699 3943 818 4020 credit
836 3945 941 4050 quod
966 3972 1096 4021 omnes
1116 3943 1176 4019 alii
1197 3972 1265 4048 per
1289 3945 1452 4021 similem
1480 3947 1638 4021 modum
1669 3947 1765 4022 reci-

341 4072 505 4176 piuntur.
522 4075 772 4180 Interrogatus
792 4091 919 4150 utrum
932 4074 982 4162 vi,
1001 4074 1058 4150 vel
1078 4091 1188 4150 metu.
1201 4075 1358 4151 carceris
1377 4101 1444 4150 seu
1463 4091 1759 4164 tormentorum,

341 4219 405 4279 aut
423 4203 493 4280 alia
514 4205 561 4280 de
580 4233 702 4293 causa,
725 4205 886 4312 aliquam
902 4203 1036 4281 dixerit
1055 4203 1251 4281 falsitatem
1265 4204 1323 4282 vel
1337 4205 1582 4282 immiscuerit
1596 4204 1636 4280 in
1652 4205 1765 4310 depo-

341 4333 478 4410 sicione
494 4363 574 4422 sua,
590 4336 682 4412 dixit
692 4364 760 4441 per
767 4336 1023 4442 juramentum
1034 4365 1143 4412 suum
1158 4337 1264 4443 quod
1277 4364 1371 4425 n0n;
1387 4336 1504 4413 immo
1523 4335 1615 4412 dixit
1629 4363 1763 4442 puram

341 4481 543 4541 veritatem.

394 4729 487 4805 ltem
507 4727 620 4804 srater
635 4729 823 4807 lohannes
844 4731 964 4808 dictus
984 4731 1031 4808 de
1048 4731 1226 4842 Parisios,
1248 4731 1355 4808 etatis
1374 4731 1504 4837 viginti
1523 4747 1686 4836 quatuor
1699 4757 1757 4805 an·

339 4884 491 4946 uorum,
504 4859 651 4964 juratus
671 4861 807 4936 eodem
823 4864 936 4940 modo
957 4862 1004 4940 de
1023 4890 1063 4940 se
1084 4878 1121 4939 et
1139 4861 1219 4939 aliis
1234 4862 1272 4939 in
1286 4890 1396 4940 causa
1416 4861 1652 4939 fidei'dieere
1667 4859 1764 4937 veri-

424 5008 531 5068 raucis
544 5025 597 5066 nes
612 5026 785 5068 reuertens.
797 5044 837 5055 -
848 5028 881 5068 n.
1575 5009 1617 5092 (19
