4236 5948
732 545 928 625 PROCES
953 547 1051 631 DES,
1076 547 1378 623 TEMPLIERS.
1720 559 1769 629 25

345 690 459 778 illata,
487 687 562 766 suit
592 687 784 768 consessus
804 688 1050 794 postmodum
1079 717 1205 766 coram
1237 690 1394 769 domino
1428 691 1604 800 episcopo
1632 695 1772 775 Xanto-

344 821 447 901 nensi
463 819 758 929 abnegacionem
780 838 817 899 et
837 821 1073 927 spuicionem
1090 849 1209 928 prope
1225 851 1388 901 crucem.
1403 824 1622 931 Requisitus
1637 827 1667 904 si
1686 856 1773 908 con-

344 955 485 1034 dixerat
504 981 591 1030 cum
611 951 784 1061 quinque
804 953 966 1031 testibus
984 953 1295 1061 precedentibus,
1318 955 1384 1061 qui
1405 955 1519 1033 simul
1538 957 1586 1034 de
1613 959 1773 1064 Rupella

342 1085 496 1165 adducti
509 1083 680 1176 fuerant,
698 1085 805 1192 quod
824 1085 877 1163 sic
899 1085 1152 1192 deponerent,
1174 1087 1372 1193 respondit
1385 1088 1493 1195 quod
1507 1116 1597 1166 non.

395 1217 612 1324 Requisitns
622 1215 654 1293 si
668 1216 722 1294 sic
737 1217 964 1325 deposuerat
977 1245 1106 1324 prece,
1124 1236 1322 1326 precepto,
1338 1217 1493 1310 timore,
1516 1248 1660 1311 amore,
1682 1224 1772 1302 odio

341 1347 609 1456 veltemporaii
630 1347 793 1427 comodo
813 1348 944 1428 habito
964 1347 1023 1426 vel
1043 1349 1238 1442 habendo,
1253 1350 1453 1457 respondit
1470 1353 1577 1459 quod
1596 1382 1686 1445 non,
1702 1356 1773 1433 sed

341 1482 587 1588 proteritate
613 1481 791 1569 dicenda,
820 1481 880 1558 cui
902 1480 975 1559 suit
998 1479 1213 1589 injunctum
1238 1483 1343 1590 quod
1368 1511 1447 1561 non
1462 1483 1652 1584 ,revelaret
1676 1485 1773 1564 hanc

341 1641 444 1690 suam
465 1611 749 1720 deposicionem
764 1641 964 1720 quousque
981 1613 1242 1691 attestaciones
1257 1611 1400 1691 suerint
1413 1614 1619 1721 publicate3
1642 1635 1681 1695 et
1693 1647 1773 1696 non

342 1744 531 1823 obtulerat
549 1771 588 1821 se
609 1745 658 1821 ad
685 1743 959 1824 deffensionem
987 1743 1143 1823 ordinis.
1174 1745 1423 1824 Postmodum
1452 1746 1622 1837 rediens,
1651 1749 1774 1828 dictus

340 1875 453 1954 frater
480 1878 613 1953 Petrus
635 1875 849 1955 Theobaldi
876 1877 970 1955 dixit
996 1905 1035 1956 se
1060 1875 1275 1955 interfuisse
1299 1877 1512 1984 recepcioni
1534 1878 1625 1956 dicti
1650 1879 1774 1960 fratris

341 2008 508 2086 Arnaudi
519 2008 679 2115 >nepotis
696 2010 766 2087 sui.

394 2139 484 2217 Acta
513 2137 669 2218 fuerunt
692 2141 764 2218 hec
797 2141 860 2219 die
901 2158 940 2218 et
970 2140 1055 2220 loco
1090 2140 1291 2248 predictis,
1322 2144 1563 2249 presentibus
1593 2143 1772 2253 magistro

341 2269 499 2360 Amisio,
522 2287 561 2349 et
579 2300 640 2349 me
661 2270 917 2350 Floriamonte
937 2272 1155 2364 Dondedei,
1177 2289 1217 2349 et
1230 2270 1313 2352 eliis
1330 2275 1485 2354 notariis
1504 2304 1616 2382 supra
1635 2274 1773 2355 ultimo

341 2419 553 2481 nominatis.

394 2668 485 2746 Post
493 2669 580 2757 hec,
597 2665 657 2743 die
669 2666 846 2744 Mercurii
856 2669 1049 2775 sequenti,
1066 2695 1142 2774 que
1155 2667 1259 2747 iuitx
1273 2670 1356 2749 dies
1368 2669 1460 2749 dicti
1474 2670 1612 2750 mensis
1625 2673 1772 2758 Marcii,

341 2797 494 2879 suerunt
516 2799 672 2890 adducti
695 2827 765 2905 pro
786 2799 961 2891 testibus,
986 2798 1034 2875 ad
1056 2801 1288 2907 presenciam
1311 2802 1556 2881 dominorum
1580 2804 1775 2911 episcopo·

342 2958 425 3009 rum
450 2930 683 3010 Mimatensis
708 2948 746 3008 et
765 2928 1063 3020 Lemovicensis,
1088 2947 1129 3009 et
1148 2929 1412 3010 Archidiaconi
1438 2933 1673 3024 Tridentini,
1692 2935 1774 3011 aliis

343 3063 537 3156 excusatis,
565 3065 605 3140 in
635 3062 754 3141 domo
780 3062 949 3169 predicta
977 3061 1136 3140 fratrum
1164 3062 1375 3153 Minorum,
1407 3061 1539 3146 fratres
1567 3064 1698 3142 Petrus
1725 3066 1773 3143 de
1910 3104 1914 3111 ·

343 3192 565 3283 Grimenilio
582 3192 780 3300 presbiter,
796 3211 835 3272 et
850 3194 984 3271 Petrus
995 3197 1084 3272 Janz
1097 3193 1345 3283 Belvacensis,
1359 3192 1591 3274 Guillelmus
1603 3196 1773 3274 Boncelii

342 3325 592 3415 Ebroicensis,
608 3324 837 3433 Bandoynus
855 3324 903 3402 de
918 3324 999 3404 Gisi
1015 3325 1296 3413 Luudunensis,
1317 3342 1355 3403 et
1367 3327 1559 3406 Johannes
1575 3327 1623 3406 de
1637 3329 1776 3407 Ponte-

343 3457 514 3565 Episcopi
533 3457 794 3537 Noviomensis
814 3457 1037 3536 discessum.
1065 3459 1161 3552 Qui,
1183 3459 1364 3565 premissa
1379 3460 1656 3565 protestacione
1669 3462 1776 3568 quod

269 3600 271 3604 ‘
343 3614 417 3667 non
441 3589 694 3668 intendebant
716 3590 896 3666 recedere
916 3618 937 3666 a
965 3589 1273 3696 deposicionibus
1294 3591 1370 3668 suis
1389 3589 1479 3668 alias
1499 3589 1604 3669 iactis
1622 3621 1691 3699 per
1711 3619 1776 3668 eos

344 3748 464 3799 coram
486 3720 687 3799 ordinariis
706 3721 802 3814 suis,
825 3739 864 3799 et
882 3722 989 3828 quod
1008 3723 1039 3799 si
1059 3722 1147 3830 plus
1165 3720 1225 3798 vel
1242 3721 1370 3800 minus
1390 3722 1575 3813 dicerent,
1597 3723 1702 3831 quod
1722 3724 1776 3801 eis

344 3879 418 3930 non
427 3852 649 3960 prejudicet,
658 3854 892 3962 juraverunt,
901 3853 1010 3931 tactis
1020 3881 1124 3931 sacro
1135 3852 1502 3962 sanctisEvangeliis,
1516 3855 1641 3932 dicere
1654 3854 1694 3930 in
1702 3855 1775 3931 isto

345 3981 1077 4094 negocioplenametmersmveritatem,
1089 3983 1777 4092 secundumsormamjuramentialio.

345 4142 427 4193 rum
440 4115 596 4194 testium
609 4117 783 4224 superius
795 4116 1045 4226 registratam,
1063 4117 1268 4226 expositum
1284 4133 1322 4193 et
1333 4115 1595 4223 vulgarizatam
1617 4116 1773 4193 eisdem.

397 4378 486 4472 Quo
501 4377 625 4470 facto,
638 4379 762 4456 dictus
790 4377 907 4457 irater
929 4379 1064 4457 Petrus
1090 4379 1143 4457 de
1165 4379 1368 4459 Grumenil
1390 4381 1596 4488 presbyter,
1624 4377 1777 4487 triginta

345 4535 531 4588 annorum
558 4509 618 4587 vel
648 4511 760 4603 circa,
783 4509 1008 4589 mantellum
1038 4511 1184 4589 ordinis
1211 4540 1291 4589 non
1312 4509 1518 4599 defferens,
1542 4509 1630 4617 quia
1651 4509 1778 4615 ipsum

345 4637 536 4726 dimiserat
555 4642 601 4719 in,
616 4643 777 4722 concilio
796 4644 1026 4732 Senonensi,
1048 4671 1136 4721 curn
1162 4671 1239 4750 quo
1265 4643 1489 4750 inquisitum
1512 4641 1649 4732 fueret,
1671 4641 1780 4720 abso-

344 4768 445 4853 lutus
465 4791 504 4853 et
522 4775 786 4854 reconciliatus
801 4776 841 4853 in
861 4775 963 4853 dicto
984 4775 1162 4866 concilio,
1183 4773 1290 4854 lectis
1319 4792 1358 4852 et
1384 4774 1585 4886 diligenter
1605 4774 1781 4882 expositis

345 4901 414 4983 sibi
441 4907 623 4987 omnibus
649 4925 689 4985 et
707 4906 865 5016 singulis
890 4907 1074 5000 articulis,
1104 4906 1303 5014 respondit
1324 4909 1432 5016 quod
1456 4935 1649 5016 nunquam
1670 4906 1780 4981 inter·
