4236 5948
353 555 426 626 tto
740 535 935 624 PROCES
962 549 1057 622 DES
1082 546 1381 663 TEllPLlERS.

350 711 474 800 geret;
496 692 588 769 dixit
611 709 737 770 tamen
760 720 828 798 per
842 692 1100 798 juramentum
1119 717 1232 766 suum
1256 689 1362 802 quod
1381 713 1575 793 nunquam
1597 684 1709 774 lecit;
1736 701 1776 764 et

351 824 469 901 credit
488 822 594 930 quod
613 822 664 898 it'a
683 821 746 899 fiat
765 820 844 898 aliis
864 822 960 899 sicut
979 820 1052 897 fuit
1069 819 1141 897 sibi
1161 819 1312 897 factum.

406 958 654 1063 Interrogatus
669 969 798 1031 utrum
814 954 865 1042 vi,
883 952 943 1030 vel
959 968 1063 1029 metu
1073 950 1230 1031 carceris
1240 977 1307 1029 seu
1316 966 1612 1036 tormentorum,
1626 963 1691 1024 aut
1705 945 1775 1025 alia

350 1085 398 1162 de
418 1113 543 1176 causa,
574 1084 736 1190 aliquam
757 1084 890 1160 dixerit
908 1081 1107 1160 falsitatem
1127 1083 1185 1159 vel
1199 1080 1446 1159 immiscuerit
1470 1075 1510 1157 in
1534 1077 1774 1184 deposicione

349 1245 429 1306 sua,
458 1216 552 1292 dixit
569 1244 638 1321 per
651 1215 910 1322 juramentum
934 1242 1046 1292 suurn
1065 1212 1169 1318 quod
1189 1241 1286 1302 non3
1307 1212 1424 1289 immo
1448 1210 1540 1288 dixit
1557 1237 1691 1316 puram
1715 1236 1775 1285 ve·

348 1364 507 1424 rrtatem.

406 1614 500 1689 ltem
532 1609 644 1688 lrater
676 1609 722 1718 G.
754 1611 801 1687 de
826 1609 913 1686 Alto
946 1606 1121 1716 Maynillo
1152 1607 1261 1686 miles
1291 1607 1433 1686 ordinis
1459 1607 1636 1715 predicti,
1668 1608 1773 1686 etatis

348 1742 477 1850 triginti
502 1742 672 1848 quinque
696 1769 876 1817 annorum
903 1739 961 1816 vel
985 1739 1097 1827 circa,
1121 1739 1269 1846 juratus
1294 1738 1429 1815 eodem
1453 1737 1569 1818 modo
1599 1738 1647 1815 de
1673 1766 1713 1815 se
1737 1756 1773 1814 et

348 1871 429 1949 aliis
451 1873 489 1948 in
515 1901 622 1949 causa
643 1869 734 1948 fidei
757 1871 882 1950 dicere
901 1871 1115 1959 veritatem,
1138 1887 1176 1946 et
1194 1870 1442 1977 interrogatus
1466 1870 1513 1947 de
1538 1887 1711 1976 tempore
1736 1885 1773 1945 et

348 2004 463 2083 modo
480 2033 548 2082 sue
567 2003 814 2109 recepcionis,
841 2002 933 2079 dixit
951 2030 1019 2108 per
1039 2001 1295 2108 juramentum
1315 2030 1427 2079 suum
1449 2001 1554 2109 quod
1572 2000 1646 2077 fuit
1671 2028 1773 2077 rece-

346 2136 500 2240 ptusiu
525 2134 641 2212 domo
664 2134 710 2211 de
732 2133 858 2210 Lauda
879 2134 927 2210 de
947 2133 1069 2220 Verti,
1089 2149 1165 2209 tres
1189 2133 1276 2209 anni
1298 2149 1408 2210 erunt
1432 2133 1527 2209 circa
1556 2132 1696 2209 instans
1720 2131 1773 2208 f·

347 2282 447 2342 stum
468 2264 672 2342 Natiuitatis
687 2263 862 2352 Domini,
882 2291 951 2369 per
967 2261 1118 2340 fratrem
1133 2262 1348 2342 Gnidonem
1363 2262 1410 2339 de
1427 2263 1578 2340 Forcsta
1591 2261 1769 2352 militem,

347 2413 604 2501 preceptorem
629 2395 726 2472 dicte
757 2395 910 2485 domus,
936 2422 1013 2471 nou
1043 2392 1174 2471 recolit
1203 2393 1251 2470 de
1277 2393 1497 2472 nominibus
1520 2393 1769 2500 presencium.

346 2526 446 2603 Dixit
459 2527 575 2602 eciam
590 2554 659 2632 per
670 2526 924 2633 juramentum
942 2553 1055 2603 suum
1070 2526 1191 2632 quod,
1205 2543 1289 2631 post
1303 2525 1437 2601 multas
1451 2524 1715 2630 promissiones
1725 2524 1772 2602 ab

347 2685 393 2734 eo
416 2656 529 2734 factas
545 2656 592 2734 de
613 2657 852 2734 observandis
872 2655 1018 2733 statutis
1033 2673 1072 2732 et
1090 2657 1240 2733 secretis
1255 2656 1345 2734 dicti
1363 2655 1521 2745 ordinis,
1544 2673 1582 2733 et
1592 2655 1772 2733 mantello

350 2787 422 2866 sibi
442 2788 490 2865 ad
510 2785 647 2865 collum
664 2789 803 2894 posito,
827 2786 949 2864 dictus
969 2786 1152 2893 recipiens
1171 2786 1335 2864 ostendit
1353 2786 1423 2864 sibi
1444 2813 1594 2864 crucem
1612 2785 1773 2864 existen·

345 2935 423 2994 tem
442 2918 482 2994 in
499 2917 695 3007 mantello,
720 2935 758 2994 et
776 2918 943 3023 precepit
962 2917 1034 2994 sibi
1051 2917 1156 3023 quod
1180 2917 1382 3023 abnegaret
1399 2916 1541 3005 Deum,
1564 2932 1605 2992 et·
1619 2933 1773 3023 spueret

346 3077 457 3156 supra
477 3077 627 3127 crucem
647 3049 855 3155 predictam
879 3047 1048 3126 mantelli
1067 3048 1105 3124 in
1126 3039 1305 3154 despectu
1319 3049 1409 3139 Dei,
1427 3065 1465 3125 et
1486 3047 1559 3124 boc
1585 3048 1665 3152 ipse
1685 3045 1773 3124 fecit

346 3205 427 3266 ore,
447 3196 485 3256 et
501 3205 578 3255 non
595 3179 727 3266 corde,
750 3180 818 3255 sed
837 3206 913 3255 non
929 3178 1049 3283 spuit,
1066 3194 1110 3255 ut
1125 3177 1229 3254 dixit.
1243 3178 1346 3255 Dixit
1365 3177 1484 3254 eciam
1503 3204 1571 3282 per
1579 3176 1772 3281 juramen-

344 3325 426 3384 tum
447 3336 560 3385 suum
581 3309 685 3413 quod
699 3308 821 3386 dictus
840 3308 1026 3413 recipiens
1041 3307 1134 3384 dixit
1149 3307 1220 3385 sibi
1239 3307 1344 3415 'quod
1363 3308 1393 3385 si
1413 3307 1648 3414 contingeret
1667 3307 1771 3414 quod

346 3434 446 3515 calor
464 3455 617 3545 urgeret
642 3465 729 3513 eum
752 3437 801 3514 ad
828 3437 1041 3526 libidinem,
1063 3438 1168 3545 quod
1191 3438 1326 3516 melius
1344 3455 1424 3516 erat
1443 3454 1481 3514 et
1499 3436 1584 3543 plus
1603 3437 1772 3543 placebat

345 3565 415 3643 sibi
429 3566 533 3675 quod
547 3567 806 3645 commisceret
819 3595 858 3646 se
874 3597 959 3644 cum
974 3595 1051 3646 uno
1065 3567 1176 3646 lratre
1190 3597 1304 3675 quarn
1317 3599 1404 3647 curn
1420 3567 1657 3646 mulieribus.
1668 3568 1769 3646 Dixit

344 3724 413 3802 per
430 3697 689 3803 juramentum
699 3727 811 3775 suurn
822 3697 926 3805 quod
940 3697 1100 3775 libenter
1115 3699 1284 3777 exivisset
1298 3700 1345 3776 de
1356 3698 1507 3789 ordine,
1523 3699 1554 3776 si
1569 3697 1701 3777 lirisset
1711 3728 1770 3777 au·

345 3855 429 3916 sus;
445 3829 514 3905 sed
528 3857 604 3906 non
618 3847 697 3907 erat
707 3858 837 3920 ausus,
855 3847 1008 3937 propter
1019 3830 1195 3908 timorem
1207 3849 1406 3936 parentum
1423 3858 1599 3921 suorum,
1616 3832 1770 3937 quiere

344 3957 484 4036 debant
502 3959 608 4066 qarod
627 3960 722 4039 erdo
739 3978 837 4038 esset
855 3978 1001 4037 sanctus
1022 3978 1059 4038 et
1076 3960 1216 4052 bonus,
1236 3979 1273 4040 et
1287 3961 1451 4039 fecerant
1466 3988 1617 4069 magnas
1632 3989 1767 4070 expen-

343 4118 400 4167 sas
419 4117 488 4196 pro
503 4091 668 4197 parando
686 4091 810 4197 ipsum
825 4091 873 4168 ad
890 4090 1059 4170 eundum
1077 4091 1174 4169 ultra
1192 4119 1310 4182 mare,
1331 4110 1368 4169 et
1386 4121 1432 4170 ne
1452 4089 1651 4170 crederent
1665 4093 1768 4200 quod

342 4235 497 4328 propter
516 4220 703 4300 defectum
722 4221 845 4299 cordis
862 4221 1042 4299 refutaret
1055 4224 1109 4299 ire
1125 4223 1224 4300 ultra
1242 4251 1344 4300 mare
1355 4286 1363 4313 ,
1374 4242 1422 4305 ‚et
1440 4223 1511 4301 luit
1527 4223 1573 4299 de
1591 4223 1665 4300 hoc
1681 4251 1769 4303 con-

343 4352 461 4430 fessus
480 4351 654 4458 episcopo
675 4352 896 4441 Pictoreum,
918 4353 984 4458 qui
1002 4370 1093 4430 tunc
1112 4355 1293 4459 temporis
1313 4372 1403 4446 erat,
1422 4354 1595 4432 videlicet
1607 4353 1766 4433 domino

342 4481 731 4590 Galter0.Requisitus
745 4501 872 4561 utrum
885 4485 936 4573 vi,
951 4483 1011 4560 vel
1025 4502 1131 4562 metu
1149 4486 1304 4564 carceris
1316 4501 1688 4576 seutormentorum,
1704 4503 1768 4564 aut

341 4613 413 4690 alia
439 4613 635 4703 decanea,
657 4614 820 4722 aliquam
841 4615 975 4692 dixerit
999 4614 1193 4694 falsitatem
1212 4616 1270 4694 vel
1289 4617 1535 4694 immiscuerit
1553 4616 1593 4693 in
1619 4616 1768 4724 deposi-

342 4744 450 4821 cione
466 4771 547 4832 sua,
565 4745 657 4821 dixit
669 4746 1003 4854 perjuramentum
1021 4775 1135 4826 suum
1149 4748 1253 4854 quod
1274 4775 1371 4837 n0u;
1393 4748 1511 4826 immo
1525 4747 1618 4825 dixit
1628 4775 1763 4853 puram

341 4891 380 4953 et
398 4900 542 4952 meram
562 4892 765 4954 veritatem.
