<?xml version="1.0" encoding="UTF-8"?>
<!DOCTYPE html PUBLIC "-//W3C//DTD XHTML 1.0 Transitional//EN"
    "http://www.w3.org/TR/xhtml1/DTD/xhtml1-transitional.dtd">
<html xmlns="http://www.w3.org/1999/xhtml" xml:lang="en" lang="en">
 <head>
  <title>
</title>
<meta http-equiv="Content-Type" content="text/html;charset=utf-8" />
  <meta name='ocr-system' content='tesseract 3.04.00' />
  <meta name='ocr-capabilities' content='ocr_page ocr_carea ocr_par ocr_line ocrx_word'/>
</head>
<body>
  <div class='ocr_page' id='page_1' title='image "./procsdestemplie00defegoog/procsdestemplie00defegoog_0515.png"; bbox 0 0 4236 5948; ppageno 0'>
   <div class='ocr_carea' id='block_1_1' title="bbox 487 543 1511 638">
    <p class='ocr_par' dir='ltr' id='par_1_1' title="bbox 487 543 1511 638">
     <span class='ocr_line' id='line_1_1' title="bbox 487 543 1511 638; baseline -0.005 -2"><span class='ocrx_word' id='word_1_1' title='bbox 487 563 559 636; x_wconf 80' lang='lat' dir='ltr'>sn</span> <span class='ocrx_word' id='word_1_2' title='bbox 873 543 1066 635; x_wconf 81' lang='lat' dir='ltr'>rnocts</span> <span class='ocrx_word' id='word_1_3' title='bbox 1092 562 1187 633; x_wconf 81' lang='lat' dir='ltr'>nas</span> <span class='ocrx_word' id='word_1_4' title='bbox 1213 561 1511 638; x_wconf 80' lang='lat' dir='ltr'>rnurnruus</span> 
     </span>
    </p>
   </div>
   <div class='ocr_carea' id='block_1_2' title="bbox 385 702 1907 1328">
    <p class='ocr_par' dir='ltr' id='par_1_2' title="bbox 385 702 1907 1328">
     <span class='ocr_line' id='line_1_2' title="bbox 484 702 1904 808; baseline 0 -30"><span class='ocrx_word' id='word_1_5' title='bbox 484 705 551 778; x_wconf 91' lang='lat' dir='ltr'>tim</span> <span class='ocrx_word' id='word_1_6' title='bbox 573 704 835 808; x_wconf 85' lang='lat' dir='ltr'>interrogatus,</span> <span class='ocrx_word' id='word_1_7' title='bbox 858 702 1089 807; x_wconf 88' lang='lat' dir='ltr'>respondens</span> <span class='ocrx_word' id='word_1_8' title='bbox 1111 702 1200 778; x_wconf 83' lang='lat' dir='ltr'>dixit</span> <span class='ocrx_word' id='word_1_9' title='bbox 1220 703 1323 807; x_wconf 92' lang='lat' dir='ltr'>quod</span> <span class='ocrx_word' id='word_1_10' title='bbox 1337 704 1493 807; x_wconf 79' lang='lat' dir='ltr'><strong>predicti</strong></span> <span class='ocrx_word' id='word_1_11' title='bbox 1507 704 1573 807; x_wconf 90' lang='lat' dir='ltr'>qui</span> <span class='ocrx_word' id='word_1_12' title='bbox 1594 703 1632 778; x_wconf 91' lang='lat' dir='ltr'>in</span> <span class='ocrx_word' id='word_1_13' title='bbox 1653 703 1818 781; x_wconf 79' lang='lat' dir='ltr'>articulis</span> <span class='ocrx_word' id='word_1_14' title='bbox 1834 703 1904 779; x_wconf 92' lang='lat' dir='ltr'>fra-</span> 
     </span>
     <span class='ocr_line' id='line_1_3' title="bbox 483 830 1904 940; baseline 0.001 -32"><span class='ocrx_word' id='word_1_15' title='bbox 483 851 559 911; x_wconf 84' lang='lat' dir='ltr'>tres</span> <span class='ocrx_word' id='word_1_16' title='bbox 574 850 791 911; x_wconf 86' lang='lat' dir='ltr'>asseruntur</span> <span class='ocrx_word' id='word_1_17' title='bbox 809 830 922 911; x_wconf 88' lang='lat' dir='ltr'>fuisse</span> <span class='ocrx_word' id='word_1_18' title='bbox 942 832 1030 909; x_wconf 91' lang='lat' dir='ltr'>dicti</span> <span class='ocrx_word' id='word_1_19' title='bbox 1058 832 1201 909; x_wconf 84' lang='lat' dir='ltr'>ordinis</span> <span class='ocrx_word' id='word_1_20' title='bbox 1212 833 1374 937; x_wconf 85' lang='lat' dir='ltr'>Templi,</span> <span class='ocrx_word' id='word_1_21' title='bbox 1389 834 1656 940; x_wconf 86' lang='lat' dir='ltr'>cujuscumque</span> <span class='ocrx_word' id='word_1_22' title='bbox 1677 833 1904 911; x_wconf 90' lang='lat' dir='ltr'>conditionis</span> 
     </span>
     <span class='ocr_line' id='line_1_4' title="bbox 483 960 1907 1066; baseline 0.003 -30"><span class='ocrx_word' id='word_1_23' title='bbox 483 960 537 1039; x_wconf 93' lang='lat' dir='ltr'>illi</span> <span class='ocrx_word' id='word_1_24' title='bbox 556 962 694 1039; x_wconf 89' lang='lat' dir='ltr'>fuerint</span> <span class='ocrx_word' id='word_1_25' title='bbox 711 962 776 1066; x_wconf 89' lang='lat' dir='ltr'>qui</span> <span class='ocrx_word' id='word_1_26' title='bbox 798 960 954 1038; x_wconf 82' lang='lat' dir='ltr'>confessi</span> <span class='ocrx_word' id='word_1_27' title='bbox 976 979 1062 1037; x_wconf 90' lang='lat' dir='ltr'>sunt</span> <span class='ocrx_word' id='word_1_28' title='bbox 1082 990 1241 1051; x_wconf 86' lang='lat' dir='ltr'>errores,</span> <span class='ocrx_word' id='word_1_29' title='bbox 1264 963 1417 1039; x_wconf 89' lang='lat' dir='ltr'>crimina</span> <span class='ocrx_word' id='word_1_30' title='bbox 1440 980 1478 1039; x_wconf 90' lang='lat' dir='ltr'>et</span> <span class='ocrx_word' id='word_1_31' title='bbox 1496 963 1588 1038; x_wconf 89' lang='lat' dir='ltr'>vicia</span> <span class='ocrx_word' id='word_1_32' title='bbox 1609 964 1648 1038; x_wconf 94' lang='lat' dir='ltr'>in</span> <span class='ocrx_word' id='word_1_33' title='bbox 1661 964 1824 1040; x_wconf 77' lang='lat' dir='ltr'>articulis</span> <span class='ocrx_word' id='word_1_34' title='bbox 1839 993 1907 1040; x_wconf 90' lang='lat' dir='ltr'>no-</span> 
     </span>
     <span class='ocr_line' id='line_1_5' title="bbox 482 1090 1907 1198; baseline 0.001 -30"><span class='ocrx_word' id='word_1_35' title='bbox 482 1092 636 1180; x_wconf 86' lang='lat' dir='ltr'>minata,</span> <span class='ocrx_word' id='word_1_36' title='bbox 661 1092 751 1168; x_wconf 88' lang='lat' dir='ltr'>dicit</span> <span class='ocrx_word' id='word_1_37' title='bbox 770 1090 855 1168; x_wconf 90' lang='lat' dir='ltr'>illos</span> <span class='ocrx_word' id='word_1_38' title='bbox 874 1119 950 1170; x_wconf 92' lang='lat' dir='ltr'>non</span> <span class='ocrx_word' id='word_1_39' title='bbox 971 1092 1083 1170; x_wconf 87' lang='lat' dir='ltr'>fuisse</span> <span class='ocrx_word' id='word_1_40' title='bbox 1110 1091 1240 1168; x_wconf 87' lang='lat' dir='ltr'>fratres</span> <span class='ocrx_word' id='word_1_41' title='bbox 1259 1092 1423 1198; x_wconf 89' lang='lat' dir='ltr'>Templi,</span> <span class='ocrx_word' id='word_1_42' title='bbox 1452 1093 1519 1168; x_wconf 88' lang='lat' dir='ltr'>sed</span> <span class='ocrx_word' id='word_1_43' title='bbox 1542 1092 1711 1170; x_wconf 88' lang='lat' dir='ltr'>diabolos</span> <span class='ocrx_word' id='word_1_44' title='bbox 1743 1094 1782 1169; x_wconf 94' lang='lat' dir='ltr'>in</span> <span class='ocrx_word' id='word_1_45' title='bbox 1809 1093 1907 1198; x_wconf 87' lang='lat' dir='ltr'>pelle</span> 
     </span>
     <span class='ocr_line' id='line_1_6' title="bbox 385 1221 1905 1328; baseline 0.001 -31"><span class='ocrx_word' id='word_1_46' title='bbox 385 1288 399 1315; x_wconf 60' lang='lat'>.,.</span> <span class='ocrx_word' id='word_1_47' title='bbox 431 1272 437 1321; x_wconf 66' lang='lat'>3</span> <span class='ocrx_word' id='word_1_48' title='bbox 485 1223 679 1300; x_wconf 84' lang='lat' dir='ltr'>hominum</span> <span class='ocrx_word' id='word_1_49' title='bbox 707 1224 930 1311; x_wconf 84' lang='lat' dir='ltr'>incarnatos;</span> <span class='ocrx_word' id='word_1_50' title='bbox 953 1250 997 1300; x_wconf 89' lang='lat' dir='ltr'>eo</span> <span class='ocrx_word' id='word_1_51' title='bbox 1023 1223 1127 1328; x_wconf 91' lang='lat' dir='ltr'>quod</span> <span class='ocrx_word' id='word_1_52' title='bbox 1152 1221 1346 1299; x_wconf 88' lang='lat' dir='ltr'>falsitatem</span> <span class='ocrx_word' id='word_1_53' title='bbox 1372 1223 1410 1298; x_wconf 93' lang='lat' dir='ltr'>in</span> <span class='ocrx_word' id='word_1_54' title='bbox 1436 1221 1611 1301; x_wconf 89' lang='lat' dir='ltr'>omnibus</span> <span class='ocrx_word' id='word_1_55' title='bbox 1633 1239 1670 1297; x_wconf 87' lang='lat' dir='ltr'>et</span> <span class='ocrx_word' id='word_1_56' title='bbox 1695 1251 1763 1326; x_wconf 90' lang='lat' dir='ltr'>per</span> <span class='ocrx_word' id='word_1_57' title='bbox 1782 1224 1905 1299; x_wconf 90' lang='lat' dir='ltr'>omnia</span> 
     </span>
    </p>
   </div>
   <div class='ocr_carea' id='block_1_3' title="bbox 339 1342 1906 1458">
    <p class='ocr_par' dir='ltr' id='par_1_3' title="bbox 339 1342 1906 1458">
     <span class='ocr_line' id='line_1_7' title="bbox 339 1342 1906 1458; baseline -0.001 -27"><span class='ocrx_word' id='word_1_58' title='bbox 339 1342 355 1423; x_wconf 56' lang='lat' dir='ltr'>s</span> <span class='ocrx_word' id='word_1_59' title='bbox 448 1346 457 1437; x_wconf 70' lang='grc'>’,</span> <span class='ocrx_word' id='word_1_60' title='bbox 483 1353 653 1437; x_wconf 85' lang='lat' dir='ltr'>dixerunt</span> <span class='ocrx_word' id='word_1_61' title='bbox 673 1371 709 1428; x_wconf 88' lang='lat' dir='ltr'>et</span> <span class='ocrx_word' id='word_1_62' title='bbox 729 1351 885 1429; x_wconf 81' lang='lat' dir='ltr'>confessi</span> <span class='ocrx_word' id='word_1_63' title='bbox 905 1369 1004 1441; x_wconf 87' lang='lat' dir='ltr'>sunt,</span> <span class='ocrx_word' id='word_1_64' title='bbox 1027 1354 1177 1428; x_wconf 88' lang='lat' dir='ltr'>veritate</span> <span class='ocrx_word' id='word_1_65' title='bbox 1196 1381 1349 1458; x_wconf 90' lang='lat' dir='ltr'>prorsus</span> <span class='ocrx_word' id='word_1_66' title='bbox 1371 1351 1532 1443; x_wconf 88' lang='lat' dir='ltr'>exclusa,</span> <span class='ocrx_word' id='word_1_67' title='bbox 1554 1354 1649 1428; x_wconf 91' lang='lat' dir='ltr'>sicut</span> <span class='ocrx_word' id='word_1_68' title='bbox 1668 1353 1746 1457; x_wconf 84' lang='lat' dir='ltr'>ipse</span> <span class='ocrx_word' id='word_1_69' title='bbox 1765 1352 1830 1458; x_wconf 93' lang='lat' dir='ltr'>qui</span> <span class='ocrx_word' id='word_1_70' title='bbox 1850 1351 1906 1429; x_wconf 88' lang='lat' dir='ltr'>lo-</span> 
     </span>
    </p>
   </div>
   <div class='ocr_carea' id='block_1_4' title="bbox 481 1482 1999 4058">
    <p class='ocr_par' dir='ltr' id='par_1_4' title="bbox 482 1482 1908 2094">
     <span class='ocr_line' id='line_1_8' title="bbox 483 1482 1906 1590; baseline -0.002 -29"><span class='ocrx_word' id='word_1_71' title='bbox 483 1485 610 1590; x_wconf 71' lang='lat' dir='ltr'>quitur</span> <span class='ocrx_word' id='word_1_72' title='bbox 630 1482 788 1559; x_wconf 87' lang='lat' dir='ltr'>firmiter</span> <span class='ocrx_word' id='word_1_73' title='bbox 808 1500 930 1587; x_wconf 82' lang='lat' dir='ltr'>sperat</span> <span class='ocrx_word' id='word_1_74' title='bbox 951 1500 988 1558; x_wconf 89' lang='lat' dir='ltr'>et</span> <span class='ocrx_word' id='word_1_75' title='bbox 1003 1483 1136 1571; x_wconf 87' lang='lat' dir='ltr'>credit,</span> <span class='ocrx_word' id='word_1_76' title='bbox 1155 1482 1250 1559; x_wconf 87' lang='lat' dir='ltr'>salva</span> <span class='ocrx_word' id='word_1_77' title='bbox 1264 1512 1415 1588; x_wconf 88' lang='lat' dir='ltr'>semper</span> <span class='ocrx_word' id='word_1_78' title='bbox 1427 1484 1615 1560; x_wconf 83' lang='lat' dir='ltr'>sanctitate</span> <span class='ocrx_word' id='word_1_79' title='bbox 1632 1499 1670 1558; x_wconf 87' lang='lat' dir='ltr'>ct</span> <span class='ocrx_word' id='word_1_80' title='bbox 1689 1482 1906 1559; x_wconf 88' lang='lat' dir='ltr'>excellentia</span> 
     </span>
     <span class='ocr_line' id='line_1_9' title="bbox 485 1614 1908 1721; baseline -0.001 -31"><span class='ocrx_word' id='word_1_81' title='bbox 485 1615 705 1691; x_wconf 76' lang='lat' dir='ltr'>sanctissimi</span> <span class='ocrx_word' id='word_1_82' title='bbox 727 1614 870 1691; x_wconf 90' lang='lat' dir='ltr'>domini</span> <span class='ocrx_word' id='word_1_83' title='bbox 893 1616 1009 1690; x_wconf 87' lang='lat' dir='ltr'>nostri</span> <span class='ocrx_word' id='word_1_84' title='bbox 1031 1643 1125 1720; x_wconf 90' lang='lat' dir='ltr'>pape</span> <span class='ocrx_word' id='word_1_85' title='bbox 1147 1633 1183 1691; x_wconf 91' lang='lat' dir='ltr'>et</span> <span class='ocrx_word' id='word_1_86' title='bbox 1204 1615 1282 1721; x_wconf 90' lang='lat' dir='ltr'>ejus</span> <span class='ocrx_word' id='word_1_87' title='bbox 1303 1616 1394 1691; x_wconf 90' lang='lat' dir='ltr'>sacri</span> <span class='ocrx_word' id='word_1_88' title='bbox 1417 1615 1643 1703; x_wconf 90' lang='lat' dir='ltr'>consistorii,</span> <span class='ocrx_word' id='word_1_89' title='bbox 1664 1641 1829 1720; x_wconf 90' lang='lat' dir='ltr'>quorum</span> <span class='ocrx_word' id='word_1_90' title='bbox 1845 1615 1908 1689; x_wconf 92' lang='lat' dir='ltr'>ho·</span> 
     </span>
     <span class='ocr_line' id='line_1_10' title="bbox 483 1744 1908 1832; baseline 0 -13"><span class='ocrx_word' id='word_1_91' title='bbox 483 1746 564 1821; x_wconf 91' lang='lat' dir='ltr'>nori</span> <span class='ocrx_word' id='word_1_92' title='bbox 579 1744 791 1821; x_wconf 89' lang='lat' dir='ltr'>nullatcnus</span> <span class='ocrx_word' id='word_1_93' title='bbox 803 1745 961 1821; x_wconf 86' lang='lat' dir='ltr'>intendit</span> <span class='ocrx_word' id='word_1_94' title='bbox 972 1746 1185 1832; x_wconf 82' lang='lat' dir='ltr'>detrahere,</span> <span class='ocrx_word' id='word_1_95' title='bbox 1200 1744 1287 1820; x_wconf 89' lang='lat' dir='ltr'>licet</span> <span class='ocrx_word' id='word_1_96' title='bbox 1303 1745 1395 1820; x_wconf 82' lang='lat' dir='ltr'>dixit</span> <span class='ocrx_word' id='word_1_97' title='bbox 1408 1746 1528 1821; x_wconf 89' lang='lat' dir='ltr'>dictos</span> <span class='ocrx_word' id='word_1_98' title='bbox 1543 1744 1671 1822; x_wconf 87' lang='lat' dir='ltr'>fratres</span> <span class='ocrx_word' id='word_1_99' title='bbox 1686 1744 1908 1821; x_wconf 82' lang='lat' dir='ltr'>confitentes</span> 
     </span>
     <span class='ocr_line' id='line_1_11' title="bbox 482 1874 1908 1979; baseline -0.001 -29"><span class='ocrx_word' id='word_1_100' title='bbox 482 1876 680 1952; x_wconf 87' lang='lat' dir='ltr'>falsitatem</span> <span class='ocrx_word' id='word_1_101' title='bbox 713 1877 844 1951; x_wconf 82' lang='lat' dir='ltr'>dixisse</span> <span class='ocrx_word' id='word_1_102' title='bbox 880 1878 915 1950; x_wconf 92' lang='lat' dir='ltr'>in</span> <span class='ocrx_word' id='word_1_103' title='bbox 936 1876 1012 1952; x_wconf 91' lang='lat' dir='ltr'>suis</span> <span class='ocrx_word' id='word_1_104' title='bbox 1039 1874 1337 1952; x_wconf 84' lang='lat' dir='ltr'>confessionibus</span> <span class='ocrx_word' id='word_1_105' title='bbox 1356 1892 1392 1951; x_wconf 90' lang='lat' dir='ltr'>et</span> <span class='ocrx_word' id='word_1_106' title='bbox 1419 1876 1609 1949; x_wconf 87' lang='lat' dir='ltr'>veritatem</span> <span class='ocrx_word' id='word_1_107' title='bbox 1630 1875 1835 1979; x_wconf 86' lang='lat' dir='ltr'>peremnia</span> <span class='ocrx_word' id='word_1_108' title='bbox 1856 1892 1908 1949; x_wconf 89' lang='lat' dir='ltr'>ta·</span> 
     </span>
     <span class='ocr_line' id='line_1_12' title="bbox 484 2001 833 2094; baseline -0.003 -14"><span class='ocrx_word' id='word_1_109' title='bbox 484 2001 619 2094; x_wconf 86' lang='lat' dir='ltr'>cuisse,</span> <span class='ocrx_word' id='word_1_110' title='bbox 642 2023 683 2081; x_wconf 92' lang='lat' dir='ltr'>ut</span> <span class='ocrx_word' id='word_1_111' title='bbox 704 2004 833 2080; x_wconf 89' lang='lat' dir='ltr'>credit.</span> 
     </span>
    </p>

    <p class='ocr_par' dir='ltr' id='par_1_5' title="bbox 482 2134 1999 3019">
     <span class='ocr_line' id='line_1_13' title="bbox 540 2134 1907 2241; baseline 0.001 -32"><span class='ocrx_word' id='word_1_112' title='bbox 540 2135 596 2209; x_wconf 81' lang='lat' dir='ltr'>hd</span> <span class='ocrx_word' id='word_1_113' title='bbox 617 2134 735 2211; x_wconf 80' lang='lat' dir='ltr'>lxxxvi</span> <span class='ocrx_word' id='word_1_114' title='bbox 752 2134 948 2209; x_wconf 88' lang='lat' dir='ltr'>articulum</span> <span class='ocrx_word' id='word_1_115' title='bbox 966 2134 1160 2238; x_wconf 86' lang='lat' dir='ltr'>diligenter</span> <span class='ocrx_word' id='word_1_116' title='bbox 1174 2136 1434 2241; x_wconf 87' lang='lat' dir='ltr'>interrogatus,</span> <span class='ocrx_word' id='word_1_117' title='bbox 1453 2135 1683 2238; x_wconf 86' lang='lat' dir='ltr'>respondens</span> <span class='ocrx_word' id='word_1_118' title='bbox 1697 2136 1790 2210; x_wconf 89' lang='lat' dir='ltr'>dixit</span> <span class='ocrx_word' id='word_1_119' title='bbox 1804 2134 1907 2240; x_wconf 92' lang='lat' dir='ltr'>quod</span> 
     </span>
     <span class='ocr_line' id='line_1_14' title="bbox 484 2263 1905 2368; baseline 0.003 -32"><span class='ocrx_word' id='word_1_120' title='bbox 484 2264 596 2338; x_wconf 88' lang='lat' dir='ltr'>frater</span> <span class='ocrx_word' id='word_1_121' title='bbox 620 2263 860 2368; x_wconf 84' lang='lat' dir='ltr'>Raymundus</span> <span class='ocrx_word' id='word_1_122' title='bbox 886 2265 932 2337; x_wconf 90' lang='lat' dir='ltr'>de</span> <span class='ocrx_word' id='word_1_123' title='bbox 957 2265 1054 2339; x_wconf 93' lang='lat' dir='ltr'>Baco</span> <span class='ocrx_word' id='word_1_124' title='bbox 1069 2280 1180 2337; x_wconf 41' lang='lat' dir='ltr'>»tunc«</span> <span class='ocrx_word' id='word_1_125' title='bbox 1194 2279 1392 2368; x_wconf 89' lang='lat' dir='ltr'>preceptor</span> <span class='ocrx_word' id='word_1_126' title='bbox 1419 2264 1517 2339; x_wconf 89' lang='lat' dir='ltr'>dicte</span> <span class='ocrx_word' id='word_1_127' title='bbox 1546 2265 1680 2340; x_wconf 92' lang='lat' dir='ltr'>domus</span> <span class='ocrx_word' id='word_1_128' title='bbox 1699 2265 1905 2340; x_wconf 83' lang='lat' dir='ltr'>MansiDei</span> 
     </span>
     <span class='ocr_line' id='line_1_15' title="bbox 484 2391 1907 2497; baseline 0.001 -30"><span class='ocrx_word' id='word_1_129' title='bbox 484 2394 624 2497; x_wconf 89' lang='lat' dir='ltr'>recepit</span> <span class='ocrx_word' id='word_1_130' title='bbox 645 2394 766 2497; x_wconf 87' lang='lat' dir='ltr'>ipsum</span> <span class='ocrx_word' id='word_1_131' title='bbox 788 2391 937 2468; x_wconf 85' lang='lat' dir='ltr'>fratrem</span> <span class='ocrx_word' id='word_1_132' title='bbox 960 2392 1025 2496; x_wconf 93' lang='lat' dir='ltr'>qui</span> <span class='ocrx_word' id='word_1_133' title='bbox 1047 2393 1215 2496; x_wconf 88' lang='lat' dir='ltr'>loquitur</span> <span class='ocrx_word' id='word_1_134' title='bbox 1235 2393 1272 2467; x_wconf 94' lang='lat' dir='ltr'>in</span> <span class='ocrx_word' id='word_1_135' title='bbox 1291 2392 1442 2468; x_wconf 88' lang='lat' dir='ltr'>fratrem</span> <span class='ocrx_word' id='word_1_136' title='bbox 1463 2395 1550 2469; x_wconf 86' lang='lat' dir='ltr'>dicti</span> <span class='ocrx_word' id='word_1_137' title='bbox 1573 2393 1730 2480; x_wconf 87' lang='lat' dir='ltr'>ordinis,</span> <span class='ocrx_word' id='word_1_138' title='bbox 1753 2394 1815 2470; x_wconf 89' lang='lat' dir='ltr'>die</span> <span class='ocrx_word' id='word_1_139' title='bbox 1832 2396 1907 2470; x_wconf 93' lang='lat' dir='ltr'>Do-</span> 
     </span>
     <span class='ocr_line' id='line_1_16' title="bbox 484 2522 1999 2630; baseline 0.001 -33"><span class='ocrx_word' id='word_1_140' title='bbox 484 2525 617 2598; x_wconf 87' lang='lat' dir='ltr'>minica</span> <span class='ocrx_word' id='word_1_141' title='bbox 638 2524 755 2628; x_wconf 92' lang='lat' dir='ltr'>prima</span> <span class='ocrx_word' id='word_1_142' title='bbox 780 2540 864 2626; x_wconf 90' lang='lat' dir='ltr'>post</span> <span class='ocrx_word' id='word_1_143' title='bbox 893 2522 1025 2597; x_wconf 90' lang='lat' dir='ltr'>festum</span> <span class='ocrx_word' id='word_1_144' title='bbox 1053 2523 1168 2598; x_wconf 88' lang='lat' dir='ltr'>sancti</span> <span class='ocrx_word' id='word_1_145' title='bbox 1194 2525 1342 2600; x_wconf 84' lang='lat' dir='ltr'>Andree</span> <span class='ocrx_word' id='word_1_146' title='bbox 1366 2526 1532 2628; x_wconf 89' lang='lat' dir='ltr'>proxime</span> <span class='ocrx_word' id='word_1_147' title='bbox 1553 2525 1720 2630; x_wconf 88' lang='lat' dir='ltr'>preteriti</span> <span class='ocrx_word' id='word_1_148' title='bbox 1754 2522 1908 2599; x_wconf 88' lang='lat' dir='ltr'>fuerunt</span> <span class='ocrx_word' id='word_1_149' title='bbox 1995 2535 1999 2543; x_wconf 86' lang='grc'><em>“</em></span> 
     </span>
     <span class='ocr_line' id='line_1_17' title="bbox 484 2652 1906 2759; baseline 0 -31"><span class='ocrx_word' id='word_1_150' title='bbox 484 2680 549 2728; x_wconf 88' lang='lat' dir='ltr'>xxx</span> <span class='ocrx_word' id='word_1_151' title='bbox 570 2655 657 2728; x_wconf 88' lang='lat' dir='ltr'>anni</span> <span class='ocrx_word' id='word_1_152' title='bbox 679 2654 792 2757; x_wconf 89' lang='lat' dir='ltr'>clapsi</span> <span class='ocrx_word' id='word_1_153' title='bbox 812 2652 868 2729; x_wconf 90' lang='lat' dir='ltr'>vel</span> <span class='ocrx_word' id='word_1_154' title='bbox 886 2655 998 2740; x_wconf 90' lang='lat' dir='ltr'>circa,</span> <span class='ocrx_word' id='word_1_155' title='bbox 1017 2655 1053 2727; x_wconf 92' lang='lat' dir='ltr'>in</span> <span class='ocrx_word' id='word_1_156' title='bbox 1074 2654 1214 2758; x_wconf 89' lang='lat' dir='ltr'>capella</span> <span class='ocrx_word' id='word_1_157' title='bbox 1231 2655 1328 2729; x_wconf 90' lang='lat' dir='ltr'>dicte</span> <span class='ocrx_word' id='word_1_158' title='bbox 1350 2653 1485 2731; x_wconf 91' lang='lat' dir='ltr'>domus</span> <span class='ocrx_word' id='word_1_159' title='bbox 1503 2656 1620 2731; x_wconf 91' lang='lat' dir='ltr'>Mansi</span> <span class='ocrx_word' id='word_1_160' title='bbox 1640 2655 1728 2741; x_wconf 90' lang='lat' dir='ltr'>Dei,</span> <span class='ocrx_word' id='word_1_161' title='bbox 1754 2682 1906 2759; x_wconf 88' lang='lat' dir='ltr'>presen-</span> 
     </span>
     <span class='ocr_line' id='line_1_18' title="bbox 482 2781 1904 2888; baseline 0.002 -32"><span class='ocrx_word' id='word_1_162' title='bbox 482 2782 582 2859; x_wconf 87' lang='lat' dir='ltr'>tibus</span> <span class='ocrx_word' id='word_1_163' title='bbox 594 2801 630 2859; x_wconf 91' lang='lat' dir='ltr'>et</span> <span class='ocrx_word' id='word_1_164' title='bbox 640 2781 781 2858; x_wconf 90' lang='lat' dir='ltr'>ibidem</span> <span class='ocrx_word' id='word_1_165' title='bbox 797 2782 1003 2858; x_wconf 86' lang='lat' dir='ltr'>astantibus</span> <span class='ocrx_word' id='word_1_166' title='bbox 1014 2782 1152 2858; x_wconf 90' lang='lat' dir='ltr'>Jacobo</span> <span class='ocrx_word' id='word_1_167' title='bbox 1167 2783 1213 2859; x_wconf 87' lang='lat' dir='ltr'>de</span> <span class='ocrx_word' id='word_1_168' title='bbox 1229 2783 1380 2871; x_wconf 79' lang='lat' dir='ltr'>Oleniis,</span> <span class='ocrx_word' id='word_1_169' title='bbox 1399 2786 1507 2859; x_wconf 86' lang='lat' dir='ltr'>Petro</span> <span class='ocrx_word' id='word_1_170' title='bbox 1525 2785 1572 2860; x_wconf 91' lang='lat' dir='ltr'>de</span> <span class='ocrx_word' id='word_1_171' title='bbox 1588 2784 1904 2888; x_wconf 88' lang='lat' dir='ltr'>Camporotund0,</span> 
     </span>
     <span class='ocr_line' id='line_1_19' title="bbox 482 2911 1847 3019; baseline 0 -32"><span class='ocrx_word' id='word_1_172' title='bbox 482 2930 520 2988; x_wconf 88' lang='lat' dir='ltr'>et</span> <span class='ocrx_word' id='word_1_173' title='bbox 542 2914 705 2990; x_wconf 84' lang='lat' dir='ltr'>Jordano</span> <span class='ocrx_word' id='word_1_174' title='bbox 727 2912 773 2987; x_wconf 88' lang='lat' dir='ltr'>de</span> <span class='ocrx_word' id='word_1_175' title='bbox 794 2911 1025 3001; x_wconf 90' lang='lat' dir='ltr'>Pulcrovisu,</span> <span class='ocrx_word' id='word_1_176' title='bbox 1049 2931 1086 2988; x_wconf 92' lang='lat' dir='ltr'>et</span> <span class='ocrx_word' id='word_1_177' title='bbox 1100 2911 1272 3019; x_wconf 93' lang='lat' dir='ltr'>pluribus</span> <span class='ocrx_word' id='word_1_178' title='bbox 1288 2913 1369 2989; x_wconf 93' lang='lat' dir='ltr'>aliis</span> <span class='ocrx_word' id='word_1_179' title='bbox 1389 2913 1564 2990; x_wconf 88' lang='lat' dir='ltr'>fratribus</span> <span class='ocrx_word' id='word_1_180' title='bbox 1583 2914 1673 2990; x_wconf 88' lang='lat' dir='ltr'>dicti</span> <span class='ocrx_word' id='word_1_181' title='bbox 1693 2914 1847 2989; x_wconf 88' lang='lat' dir='ltr'>ordinis.</span> 
     </span>
    </p>

    <p class='ocr_par' dir='ltr' id='par_1_6' title="bbox 483 3043 1907 3408">
     <span class='ocr_line' id='line_1_20' title="bbox 538 3043 1907 3149; baseline -0.001 -29"><span class='ocrx_word' id='word_1_182' title='bbox 538 3044 729 3124; x_wconf 69' lang='lat' dir='ltr'>Dra-modo</span> <span class='ocrx_word' id='word_1_183' title='bbox 745 3060 871 3122; x_wconf 88' lang='lat' dir='ltr'>autem</span> <span class='ocrx_word' id='word_1_184' title='bbox 893 3072 960 3119; x_wconf 89' lang='lat' dir='ltr'>sue</span> <span class='ocrx_word' id='word_1_185' title='bbox 984 3045 1212 3148; x_wconf 86' lang='lat' dir='ltr'>recepcionis</span> <span class='ocrx_word' id='word_1_186' title='bbox 1237 3063 1274 3119; x_wconf 91' lang='lat' dir='ltr'>et</span> <span class='ocrx_word' id='word_1_187' title='bbox 1294 3044 1596 3149; x_wconf 87' lang='lat' dir='ltr'>contingentibus</span> <span class='ocrx_word' id='word_1_188' title='bbox 1617 3043 1790 3131; x_wconf 90' lang='lat' dir='ltr'>eandem,</span> <span class='ocrx_word' id='word_1_189' title='bbox 1814 3044 1907 3119; x_wconf 83' lang='lat' dir='ltr'>dixit</span> 
     </span>
     <span class='ocr_line' id='line_1_21' title="bbox 483 3173 1903 3277; baseline 0 -28"><span class='ocrx_word' id='word_1_190' title='bbox 483 3174 583 3249; x_wconf 88' lang='lat' dir='ltr'>idem</span> <span class='ocrx_word' id='word_1_191' title='bbox 603 3176 642 3248; x_wconf 89' lang='lat' dir='ltr'>in</span> <span class='ocrx_word' id='word_1_192' title='bbox 665 3174 801 3250; x_wconf 85' lang='lat' dir='ltr'>effectu</span> <span class='ocrx_word' id='word_1_193' title='bbox 825 3175 921 3249; x_wconf 88' lang='lat' dir='ltr'>sicut</span> <span class='ocrx_word' id='word_1_194' title='bbox 938 3173 1051 3249; x_wconf 88' lang='lat' dir='ltr'>frater</span> <span class='ocrx_word' id='word_1_195' title='bbox 1070 3175 1355 3251; x_wconf 89' lang='lat' dir='ltr'>Bartholomeus</span> <span class='ocrx_word' id='word_1_196' title='bbox 1385 3176 1431 3251; x_wconf 89' lang='lat' dir='ltr'>de</span> <span class='ocrx_word' id='word_1_197' title='bbox 1460 3176 1598 3260; x_wconf 86' lang='lat' dir='ltr'>Turre,</span> <span class='ocrx_word' id='word_1_198' title='bbox 1620 3174 1763 3277; x_wconf 87' lang='lat' dir='ltr'>primus</span> <span class='ocrx_word' id='word_1_199' title='bbox 1783 3175 1903 3259; x_wconf 89' lang='lat' dir='ltr'>testis,</span> 
     </span>
     <span class='ocr_line' id='line_1_22' title="bbox 483 3302 1382 3408; baseline 0.003 -33"><span class='ocrx_word' id='word_1_200' title='bbox 483 3302 574 3377; x_wconf 88' lang='lat' dir='ltr'>dixit</span> <span class='ocrx_word' id='word_1_201' title='bbox 592 3321 629 3378; x_wconf 92' lang='lat' dir='ltr'>et</span> <span class='ocrx_word' id='word_1_202' title='bbox 648 3303 820 3408; x_wconf 89' lang='lat' dir='ltr'>deposuit</span> <span class='ocrx_word' id='word_1_203' title='bbox 840 3304 877 3377; x_wconf 89' lang='lat' dir='ltr'>in</span> <span class='ocrx_word' id='word_1_204' title='bbox 899 3302 969 3378; x_wconf 93' lang='lat' dir='ltr'>hoc</span> <span class='ocrx_word' id='word_1_205' title='bbox 990 3305 1124 3378; x_wconf 91' lang='lat' dir='ltr'>eodem</span> <span class='ocrx_word' id='word_1_206' title='bbox 1145 3303 1312 3379; x_wconf 87' lang='lat' dir='ltr'>articulo.</span> <span class='ocrx_word' id='word_1_207' title='bbox 1379 3384 1382 3391; x_wconf 14' lang='lat'>¹</span> 
     </span>
    </p>

    <p class='ocr_par' dir='ltr' id='par_1_7' title="bbox 483 3431 1904 3669">
     <span class='ocr_line' id='line_1_23' title="bbox 541 3431 1904 3539; baseline -0.003 -31"><span class='ocrx_word' id='word_1_208' title='bbox 541 3433 596 3508; x_wconf 83' lang='lat' dir='ltr'>Ad</span> <span class='ocrx_word' id='word_1_209' title='bbox 616 3432 749 3510; x_wconf 80' lang='lat' dir='ltr'>lxxxvii</span> <span class='ocrx_word' id='word_1_210' title='bbox 776 3450 812 3509; x_wconf 86' lang='lat' dir='ltr'>et</span> <span class='ocrx_word' id='word_1_211' title='bbox 833 3433 978 3508; x_wconf 83' lang='lat' dir='ltr'>lxxxviii</span> <span class='ocrx_word' id='word_1_212' title='bbox 1000 3450 1038 3508; x_wconf 89' lang='lat' dir='ltr'>et</span> <span class='ocrx_word' id='word_1_213' title='bbox 1058 3433 1233 3510; x_wconf 87' lang='lat' dir='ltr'>ultimum</span> <span class='ocrx_word' id='word_1_214' title='bbox 1253 3434 1426 3510; x_wconf 87' lang='lat' dir='ltr'>articulos</span> <span class='ocrx_word' id='word_1_215' title='bbox 1444 3434 1643 3539; x_wconf 85' lang='lat' dir='ltr'>diligenter</span> <span class='ocrx_word' id='word_1_216' title='bbox 1663 3449 1700 3509; x_wconf 91' lang='lat' dir='ltr'>et</span> <span class='ocrx_word' id='word_1_217' title='bbox 1718 3431 1904 3538; x_wconf 88' lang='lat' dir='ltr'>sigillatim</span> 
     </span>
     <span class='ocr_line' id='line_1_24' title="bbox 483 3562 1831 3669; baseline 0.001 -33"><span class='ocrx_word' id='word_1_218' title='bbox 483 3563 747 3669; x_wconf 89' lang='lat' dir='ltr'>interrogatus,</span> <span class='ocrx_word' id='word_1_219' title='bbox 770 3562 998 3667; x_wconf 87' lang='lat' dir='ltr'>respondens</span> <span class='ocrx_word' id='word_1_220' title='bbox 1020 3562 1111 3638; x_wconf 88' lang='lat' dir='ltr'>dixit</span> <span class='ocrx_word' id='word_1_221' title='bbox 1131 3592 1170 3638; x_wconf 85' lang='lat' dir='ltr'>sc</span> <span class='ocrx_word' id='word_1_222' title='bbox 1190 3562 1304 3639; x_wconf 89' lang='lat' dir='ltr'>nichil</span> <span class='ocrx_word' id='word_1_223' title='bbox 1324 3563 1416 3639; x_wconf 92' lang='lat' dir='ltr'>scire</span> <span class='ocrx_word' id='word_1_224' title='bbox 1436 3564 1482 3638; x_wconf 92' lang='lat' dir='ltr'>de</span> <span class='ocrx_word' id='word_1_225' title='bbox 1504 3565 1688 3639; x_wconf 88' lang='lat' dir='ltr'>contentis</span> <span class='ocrx_word' id='word_1_226' title='bbox 1709 3563 1748 3637; x_wconf 93' lang='lat' dir='ltr'>in</span> <span class='ocrx_word' id='word_1_227' title='bbox 1765 3563 1831 3637; x_wconf 90' lang='lat' dir='ltr'>eis.</span> 
     </span>
    </p>

    <p class='ocr_par' dir='ltr' id='par_1_8' title="bbox 481 3691 1905 4058">
     <span class='ocr_line' id='line_1_25' title="bbox 542 3691 1905 3798; baseline -0.001 -30"><span class='ocrx_word' id='word_1_228' title='bbox 542 3693 661 3796; x_wconf 90' lang='lat' dir='ltr'>Super</span> <span class='ocrx_word' id='word_1_229' title='bbox 673 3691 848 3769; x_wconf 87' lang='lat' dir='ltr'>aliisvero</span> <span class='ocrx_word' id='word_1_230' title='bbox 858 3692 1349 3798; x_wconf 88' lang='lat' dir='ltr'>tamcircumstanciisquam</span> <span class='ocrx_word' id='word_1_231' title='bbox 1360 3694 1625 3771; x_wconf 90' lang='lat' dir='ltr'>coherentibus</span> <span class='ocrx_word' id='word_1_232' title='bbox 1639 3694 1728 3798; x_wconf 90' lang='lat' dir='ltr'>ipsis</span> <span class='ocrx_word' id='word_1_233' title='bbox 1743 3693 1905 3768; x_wconf 87' lang='lat' dir='ltr'>articulis</span> 
     </span>
     <span class='ocr_line' id='line_1_26' title="bbox 483 3821 1903 3928; baseline 0.001 -32"><span class='ocrx_word' id='word_1_234' title='bbox 483 3821 681 3927; x_wconf 89' lang='lat' dir='ltr'>diligenter</span> <span class='ocrx_word' id='word_1_235' title='bbox 695 3821 957 3928; x_wconf 86' lang='lat' dir='ltr'>interrogatus,</span> <span class='ocrx_word' id='word_1_236' title='bbox 976 3822 1068 3899; x_wconf 87' lang='lat' dir='ltr'>dixit</span> <span class='ocrx_word' id='word_1_237' title='bbox 1080 3851 1119 3899; x_wconf 90' lang='lat' dir='ltr'>se</span> <span class='ocrx_word' id='word_1_238' title='bbox 1139 3823 1282 3900; x_wconf 90' lang='lat' dir='ltr'>nescire</span> <span class='ocrx_word' id='word_1_239' title='bbox 1301 3822 1407 3926; x_wconf 92' lang='lat' dir='ltr'>plura</span> <span class='ocrx_word' id='word_1_240' title='bbox 1428 3852 1496 3898; x_wconf 90' lang='lat' dir='ltr'>nec</span> <span class='ocrx_word' id='word_1_241' title='bbox 1511 3824 1663 3900; x_wconf 86' lang='lat' dir='ltr'>credere</span> <span class='ocrx_word' id='word_1_242' title='bbox 1678 3822 1783 3899; x_wconf 88' lang='lat' dir='ltr'>aliter</span> <span class='ocrx_word' id='word_1_243' title='bbox 1803 3823 1903 3927; x_wconf 89' lang='lat' dir='ltr'>quod</span> 
     </span>
     <span class='ocr_line' id='line_1_27' title="bbox 481 3952 946 4058; baseline 0.002 -30"><span class='ocrx_word' id='word_1_244' title='bbox 481 3954 652 4058; x_wconf 88' lang='lat' dir='ltr'>superius</span> <span class='ocrx_word' id='word_1_245' title='bbox 668 3970 724 4029; x_wconf 88' lang='lat' dir='ltr'>est</span> <span class='ocrx_word' id='word_1_246' title='bbox 743 3952 946 4029; x_wconf 88' lang='lat' dir='ltr'>confessus.</span> 
     </span>
    </p>
   </div>
   <div class='ocr_carea' id='block_1_5' title="bbox 480 4213 1902 4841">
    <p class='ocr_par' dir='ltr' id='par_1_9' title="bbox 480 4213 1902 4841">
     <span class='ocr_line' id='line_1_28' title="bbox 536 4213 1901 4320; baseline -0.002 -29"><span class='ocrx_word' id='word_1_247' title='bbox 536 4214 695 4319; x_wconf 88' lang='lat' dir='ltr'>Explicit</span> <span class='ocrx_word' id='word_1_248' title='bbox 713 4215 905 4320; x_wconf 88' lang='lat' dir='ltr'>inquisitio</span> <span class='ocrx_word' id='word_1_249' title='bbox 925 4242 992 4319; x_wconf 83' lang='lat' dir='ltr'>per</span> <span class='ocrx_word' id='word_1_250' title='bbox 1008 4242 1077 4290; x_wconf 89' lang='lat' dir='ltr'>nos</span> <span class='ocrx_word' id='word_1_251' title='bbox 1097 4213 1295 4291; x_wconf 85' lang='lat' dir='ltr'>Elnensem</span> <span class='ocrx_word' id='word_1_252' title='bbox 1317 4215 1534 4319; x_wconf 84' lang='lat' dir='ltr'>episcopum</span> <span class='ocrx_word' id='word_1_253' title='bbox 1556 4231 1658 4320; x_wconf 91' lang='lat' dir='ltr'>cepta</span> <span class='ocrx_word' id='word_1_254' title='bbox 1681 4233 1807 4290; x_wconf 89' lang='lat' dir='ltr'>contra</span> <span class='ocrx_word' id='word_1_255' title='bbox 1828 4243 1901 4318; x_wconf 87' lang='lat' dir='ltr'>pre·</span> 
     </span>
     <span class='ocr_line' id='line_1_29' title="bbox 481 4343 1901 4449; baseline 0.001 -29"><span class='ocrx_word' id='word_1_256' title='bbox 481 4345 600 4422; x_wconf 91' lang='lat' dir='ltr'>dictos</span> <span class='ocrx_word' id='word_1_257' title='bbox 619 4344 749 4421; x_wconf 90' lang='lat' dir='ltr'>fratres</span> <span class='ocrx_word' id='word_1_258' title='bbox 769 4344 907 4420; x_wconf 92' lang='lat' dir='ltr'>milicie</span> <span class='ocrx_word' id='word_1_259' title='bbox 928 4344 1093 4448; x_wconf 88' lang='lat' dir='ltr'>Templi,</span> <span class='ocrx_word' id='word_1_260' title='bbox 1112 4373 1155 4421; x_wconf 89' lang='lat' dir='ltr'>ex</span> <span class='ocrx_word' id='word_1_261' title='bbox 1171 4345 1436 4421; x_wconf 89' lang='lat' dir='ltr'>commissione</span> <span class='ocrx_word' id='word_1_262' title='bbox 1452 4345 1559 4421; x_wconf 92' lang='lat' dir='ltr'>nobis</span> <span class='ocrx_word' id='word_1_263' title='bbox 1575 4343 1669 4420; x_wconf 88' lang='lat' dir='ltr'>facta</span> <span class='ocrx_word' id='word_1_264' title='bbox 1684 4373 1752 4449; x_wconf 90' lang='lat' dir='ltr'>per</span> <span class='ocrx_word' id='word_1_265' title='bbox 1765 4344 1901 4421; x_wconf 90' lang='lat' dir='ltr'>Sedem</span> 
     </span>
     <span class='ocr_line' id='line_1_30' title="bbox 481 4474 1901 4580; baseline -0.003 -29"><span class='ocrx_word' id='word_1_266' title='bbox 481 4475 739 4579; x_wconf 88' lang='lat' dir='ltr'>apostolicam,</span> <span class='ocrx_word' id='word_1_267' title='bbox 763 4503 875 4580; x_wconf 89' lang='lat' dir='ltr'>super</span> <span class='ocrx_word' id='word_1_268' title='bbox 895 4474 1055 4551; x_wconf 85' lang='lat' dir='ltr'>articulis</span> <span class='ocrx_word' id='word_1_269' title='bbox 1073 4504 1094 4550; x_wconf 88' lang='lat' dir='ltr'>a</span> <span class='ocrx_word' id='word_1_270' title='bbox 1115 4474 1212 4552; x_wconf 91' lang='lat' dir='ltr'>dicta</span> <span class='ocrx_word' id='word_1_271' title='bbox 1234 4475 1331 4552; x_wconf 87' lang='lat' dir='ltr'>Sede</span> <span class='ocrx_word' id='word_1_272' title='bbox 1352 4476 1462 4553; x_wconf 90' lang='lat' dir='ltr'>nobis</span> <span class='ocrx_word' id='word_1_273' title='bbox 1474 4474 1696 4551; x_wconf 89' lang='lat' dir='ltr'>transmissis</span> <span class='ocrx_word' id='word_1_274' title='bbox 1711 4492 1750 4550; x_wconf 90' lang='lat' dir='ltr'>et</span> <span class='ocrx_word' id='word_1_275' title='bbox 1765 4503 1784 4549; x_wconf 90' lang='lat' dir='ltr'>a</span> <span class='ocrx_word' id='word_1_276' title='bbox 1797 4503 1901 4549; x_wconf 88' lang='lat' dir='ltr'>reve-</span> 
     </span>
     <span class='ocr_line' id='line_1_31' title="bbox 480 4603 1902 4712; baseline -0.001 -33"><span class='ocrx_word' id='word_1_277' title='bbox 480 4604 599 4681; x_wconf 91' lang='lat' dir='ltr'>rendo</span> <span class='ocrx_word' id='word_1_278' title='bbox 612 4608 650 4680; x_wconf 94' lang='lat' dir='ltr'>in</span> <span class='ocrx_word' id='word_1_279' title='bbox 664 4606 815 4683; x_wconf 88' lang='lat' dir='ltr'>Christo</span> <span class='ocrx_word' id='word_1_280' title='bbox 835 4623 937 4711; x_wconf 88' lang='lat' dir='ltr'>patre</span> <span class='ocrx_word' id='word_1_281' title='bbox 953 4621 991 4681; x_wconf 90' lang='lat' dir='ltr'>et</span> <span class='ocrx_word' id='word_1_282' title='bbox 1005 4605 1157 4683; x_wconf 91' lang='lat' dir='ltr'>domino</span> <span class='ocrx_word' id='word_1_283' title='bbox 1174 4606 1307 4712; x_wconf 90' lang='lat' dir='ltr'>Egidio</span> <span class='ocrx_word' id='word_1_284' title='bbox 1322 4622 1445 4681; x_wconf 89' lang='lat' dir='ltr'>sancte</span> <span class='ocrx_word' id='word_1_285' title='bbox 1459 4605 1736 4683; x_wconf 87' lang='lat' dir='ltr'>Narbonnensis</span> <span class='ocrx_word' id='word_1_286' title='bbox 1750 4603 1902 4679; x_wconf 89' lang='lat' dir='ltr'>ecclesie</span> 
     </span>
     <span class='ocr_line' id='line_1_32' title="bbox 480 4735 1902 4841; baseline -0.001 -32"><span class='ocrx_word' id='word_1_287' title='bbox 480 4736 776 4841; x_wconf 84' lang='lat' dir='ltr'>archiepiscopo,</span> <span class='ocrx_word' id='word_1_288' title='bbox 793 4737 856 4841; x_wconf 89' lang='lat' dir='ltr'>qui</span> <span class='ocrx_word' id='word_1_289' title='bbox 873 4737 1091 4812; x_wconf 86' lang='lat' dir='ltr'>auctoritate</span> <span class='ocrx_word' id='word_1_290' title='bbox 1115 4753 1344 4813; x_wconf 85' lang='lat' dir='ltr'>sacrosancte</span> <span class='ocrx_word' id='word_1_291' title='bbox 1366 4737 1474 4814; x_wconf 88' lang='lat' dir='ltr'>Sedis</span> <span class='ocrx_word' id='word_1_292' title='bbox 1496 4736 1661 4841; x_wconf 87' lang='lat' dir='ltr'>predicte</span> <span class='ocrx_word' id='word_1_293' title='bbox 1684 4735 1902 4811; x_wconf 85' lang='lat' dir='ltr'>litteratorie</span> 
     </span>
    </p>
   </div>
   <div class='ocr_carea' id='block_1_6' title="bbox 481 4864 1908 4982">
    <p class='ocr_par' dir='ltr' id='par_1_10' title="bbox 481 4864 1908 4982">
     <span class='ocr_line' id='line_1_33' title="bbox 481 4864 1908 4982; baseline 0.001 -43"><span class='ocrx_word' id='word_1_294' title='bbox 481 4865 763 4972; x_wconf 83' lang='lat' dir='ltr'>inquisitionem</span> <span class='ocrx_word' id='word_1_295' title='bbox 776 4865 872 4942; x_wconf 90' lang='lat' dir='ltr'>hanc</span> <span class='ocrx_word' id='word_1_296' title='bbox 889 4894 1034 4971; x_wconf 87' lang='lat' dir='ltr'>paruos</span> <span class='ocrx_word' id='word_1_297' title='bbox 1049 4869 1215 4971; x_wconf 88' lang='lat' dir='ltr'>precepit</span> <span class='ocrx_word' id='word_1_298' title='bbox 1230 4865 1328 4957; x_wconf 88' lang='lat' dir='ltr'>lieri,</span> <span class='ocrx_word' id='word_1_299' title='bbox 1345 4885 1459 4973; x_wconf 91' lang='lat' dir='ltr'>prout</span> <span class='ocrx_word' id='word_1_300' title='bbox 1470 4868 1516 4941; x_wconf 91' lang='lat' dir='ltr'>de</span> <span class='ocrx_word' id='word_1_301' title='bbox 1530 4867 1602 4942; x_wconf 89' lang='lat' dir='ltr'>hiis</span> <span class='ocrx_word' id='word_1_302' title='bbox 1617 4894 1659 4941; x_wconf 91' lang='lat' dir='ltr'>ex</span> <span class='ocrx_word' id='word_1_303' title='bbox 1675 4864 1908 4982; x_wconf 30' lang='lat' dir='ltr'>preambulis.</span> 
     </span>
    </p>
   </div>
   <div class='ocr_carea' id='block_1_7' title="bbox 0 0 2122 5943">
    <p class='ocr_par' dir='ltr' id='par_1_11' title="bbox 0 0 2122 5943">
     <span class='ocr_line' id='line_1_34' title="bbox 0 0 2122 5943; baseline 0 0"><span class='ocrx_word' id='word_1_304' title='bbox 0 0 2122 5943; x_wconf 95' lang='lat' dir='ltr'> </span> 
     </span>
    </p>
   </div>
  </div>
 </body>
</html>
