4236 5948
491 544 564 617 ars
877 521 1074 616 raeces
1100 541 1196 613 oss
1222 538 1522 614 reurnrens.

488 687 535 763 Et
550 684 743 793 ipsedixit
755 715 763 759 :
777 656 790 751 i
804 681 963 788 Oportet
976 684 1082 788 quod
1098 699 1140 759 tu
1158 709 1269 786 spuas
1283 700 1321 758 et
1339 683 1509 788 abneges.
1520 682 1734 788 eum,.quia
1750 680 1834 758 telis
1859 698 1915 758 est

379 871 380 875 η
487 813 783 893 modus-ordinis
799 813 931 900 nostri,
950 829 986 889 et
1001 811 1052 891 ita
1065 811 1298 917 recipiuntur
1313 811 1386 890 alii.
1404 813 1535 890 ·Tun0
1550 813 1664 890 dixit:
1680 813 1914 906 aQnomodo

487 946 649 1023 facerem
667 944 741 1022 hoe
762 943 947 1051 egolveni
966 942 1042 1019 hue
1060 959 1103 1019 ut
1123 941 1300 1020 salvarem
1320 943 1645 1031 animammeam,
1668 959 1706 1019 et
1724 969 1788 1019 vos
1803 942 1914 1018 vultis

486 1076 592 1184 quod
603 1076 786 1183 abnegem
800 1102 889 1151 eum
905 1073 971 1180 qui
985 1102 1047 1150 me
1061 1074 1207 1151 creavit.
1221 1073 1429 1152 Detismilri
1445 1051 1778 1159 deliberacionem,
1794 1091 1833 1150 et
1844 1103 1913 1181 ego
1973 1088 1979 1100 '

488 1205 657 1312 cogitabo
671 1203 766 1311 quid
780 1203 924 1282 faciam.
942 1205 1109 1282 ·Ettunc
1124 1204 1297 1283 dixerimt
1309 1233 1441 1282 omnes
1456 1221 1615 1304 astantes
1631 1203 1682 1280 ibi
1693 1204 1798 1308 quod
1808 1230 1915 1309 opon

488 1335 588 1414 tebat
605 1337 709 1443 quod
726 1333 879 1426 faceret,
902 1335 990 1441 quia
1010 1363 1141 1434 omnes
1160 1334 1222 1412 ali-i
1242 1335 1293 1411 ita
1311 1335 1552 1442 recipiuntur,
1575 1351 1613 1410 et
1631 1333 1737 1439 quod
1754 1333 1839 1409 talis
1861 1350 1916 1408 est

488 1466 599 1553 ordo;
627 1482 665 1541 et
686 1482 777 1541 tune
803 1466 883 1571 ipse
912 1464 1050 1542 invitus
1072 1465 1173 1571 spuit
1194 1494 1307 1572 supra
1335 1494 1484 1542 erucem
1509 1464 1676 1541 manselli
1697 1464 1786 1541 dicti
1811 1492 1916 1541 rece·

486 1599 619 1701 ptoris,
640 1614 677 1673 et
700 1597 896 1706 abnegavit
921 1625 986 1673 ore
1009 1614 1047 1673 et
1070 1625 1148 1673 non
1168 1597 1293 1674 corde.
1319 1597 1419 1675 Dixit
1442 1589 1567 1679 eciam
1578 1625 1645 1703 per
1658 1597 1914 1705 juramentum

485 1728 588 1833 quod
612 1728 659 1804 de
680 1727 753 1805 hoe
774 1727 847 1804 luit
865 1726 1056 1805 coufessus
1076 1728 1224 1804 cuidam
1244 1727 1513 1833 penitenciario
1534 1728 1697 1833 episcopi
1715 1729 1914 1805 Trecensis

486 1859 550 1964 qui
570 1877 662 1935 tunc
681 1876 772 1935 erat.
799 1859 900 1936 Dixit
920 1858 1037 1936 eciam
1057 1886 1125 1964 per
1145 1859 1403 1966 juramentum
1426 1887 1535 1936 suum
1554 1858 1658 1964 quod
1678 1857 1802 1935 dietus
1820 1858 1914 1935 reci-

485 1989 591 2094 piens
617 1990 784 2095 precepit
804 1989 875 2066 sibi
896 1989 1001 2095 quod
1025 1986 1259 2066 oscularetur
1278 2017 1365 2068 eum
1387 1988 1427 2064 in
1449 1990 1647 2095 posteriori
1667 2006 1771 2095 parte
1793 1989 1911 2074 dorsi,

415 2142 420 2153 '
485 2122 524 2195 in
544 2119 723 2196 umbilico
744 2137 781 2195 et
802 2120 841 2194 in
863 2148 944 2208 ore,
962 2121 1030 2196 sed
1050 2120 1098 2196 ad
1114 2146 1244 2225 preces
1261 2119 1455 2226 cujusdam
1469 2107 1654 2225 capellani·
1666 2118 1753 2196 dicti
1771 2120 1913 2196 ordinis

484 2250 651 2357 pepercit
675 2249 746 2326 sibi
766 2266 948 2355 quantum
969 2250 1017 2326 ad
1044 2248 1261 2326 inferiorem
1286 2249 1427 2337 locum,
1450 2250 1518 2326 sed
1535 2250 1720 2327 osculatus
1737 2249 1813 2327 luit
1827 2277 1912 2326 eum

484 2381 523 2455 in
544 2379 725 2457 umbilico
747 2394 784 2454 et
804 2380 843 2454 in
864 2407 941 2463 ore.

544 2512 633 2586 ltem
652 2508 744 2584 dixit
762 2537 830 2614 per
845 2511 1101 2616 juramentum
1128 2538 1239 2585 suum
1264 2510 1368 2616 quod
1398 2511 1519 2587 dictus
1547 2511 1734 2617 recipiens
1759 2510 1853 2585 dixit
1877 2529 1913 2586 et

484 2641 651 2746 precepit
669 2639 739 2716 sibi
759 2640 864 2745 quod
882 2640 913 2715 si
934 2667 1011 2716 non
1037 2656 1163 2745 posset
1184 2639 1377 2717 continere
1394 2669 1415 2715 a
1432 2640 1609 2728 libidine,
1632 2641 1735 2745 quod
1755 2641 1912 2717 commi-

484 2788 604 2846 sceret
623 2798 662 2847 se
678 2768 953 2848 cumfratribus
967 2770 1057 2845 dicti
1079 2769 1238 2856 ordinis,
1255 2786 1298 2845 et·
1308 2769 1403 2846 alios
1417 2768 1547 2846 fratres
1559 2769 1608 2847 ad
1622 2771 1695 2848 boc
1709 2772 1910 2876 reciperet,

483 2903 510 2976 si
535 2929 621 2977 eum
648 2901 895 3006 requirerent.
917 2900 1018 2976 Dixit
1037 2917 1161 2976 tamen
1178 2928 1246 3004 per
1266 2899 1523 3006 juramentum
1543 2903 1653 2977 suum
1679 2901 1783 3006 quod
1801 2930 1913 2977 num·

484 3060 595 3136 quam
608 3030 715 3118 fecit,
733 3058 804 3106 nec
820 3029 892 3106 luit
908 3030 1120 3135 requisitus.
1136 3030 1270 3107 Omnia
1291 3031 1358 3105 ista
1376 3030 1566 3107 consessus
1583 3028 1756 3107 fuit'cum
1769 3033 1913 3138 magnis

485 3161 654 3266 suspiriis
675 3177 712 3236 et
731 3160 903 3237 lacrimis.

540 3293 790 3396 Interrogatus
805 3308 932 3367 utrum
947 3291 998 3376 vi,
1012 3290 1067 3367 vel
1083 3307 1186 3367 metu
1201 3291 1358 3368 carceris
1377 3319 1443 3367 seu
1462 3308 1752 3381 tormentorum,
1766 3311 1831 3370 aut
1843 3295 1914 3371 alia

486 3421 532 3496 de
557 3448 683 3510 causa,
707 3418 872 3524 aliquam
895 3419 1028 3495 dixerit
1051 3418 1248 3496 falsitatem
1272 3419 1328 3497 vel
1350 3421 1593 3498 immiscuerit
1611 3423 1650 3498 in
1672 3423 1912 3527 deposicione

485 3580 569 3643 sua,
592 3550 685 3627 dixit
702 3578 771 3655 per
779 3548 1035 3655 juramentum
1058 3579 1166 3627 suum
1187 3551 1289 3657 quod
1310 3580 1403 3640 n0n3
1426 3553 1542 3630 immo
1560 3583 1694 3658 puram
1713 3569 1751 3631 et
1771 3584 1912 3632 meram

487 3681 628 3757 dixerat
645 3680 852 3757 veritatem.
1779 3666 1784 3673 ⁵

540 3943 633 4018 ltem
645 3940 793 4017 fraterl.
808 3941 983 4019 deDom0
989 3943 1060 4018 Dei
1068 3940 1350 4030 monachorum,
1366 3943 1524 4020 diocesis
1535 3943 1752 4036 Meldensis,
1764 3946 1915 4051 dispen-

486 4088 583 4148 sator
594 4071 734 4148 domus
747 4073 794 4148 de
807 4071 1042 4150 Sablonieres
1054 4073 1159 4179 juxta
1171 4073 1346 4154 Castrum
1357 4072 1602 4162 Theudorici,
1620 4076 1725 4152 etatis
1743 4103 1836 4155 xxxv
1850 4105 1914 4153 an·

486 4230 622 4278 norum
644 4201 709 4278 vel·
727 4203 838 4291 eirca,
860 4219 902 4278 ut
930 4202 1135 4291 dicebatur,
1158 4204 1306 4310 juratus
1332 4204 1467 4280 eodem
1487 4205 1602 4282 modo
1629 4205 1677 4281 de
1699 4235 1740 4282 se
1766 4225 1804 4282 et
1832 4207 1914 4284 aliis

486 4333 525 4406 in
541 4332 653 4409 causa
673 4329 764 4408 fidei
781 4332 908 4409 dicere
926 4333 1135 4422 'veritatem
1156 4349 1194 4409 et
1208 4337 1460 4440 interrogatus
1480 4335 1528 4411 de
1547 4352 1716 4441 tempore
1740 4354 1778 4414 et
1796 4336 1913 4415 modo

487 4491 553 4540 sue
580 4462 827 4568 receptionis,
855 4462 947 4539 dixit
965 4492 1034 4569 per
1046 4465 1303 4572 juramentum
1327 4493 1437 4541 suum
1456 4467 1561 4573 quod
1581 4465 1653 4543 fuit
1676 4484 1849 4573 receptus
1873 4467 1913 4543 in

489 4592 603 4670 domo
633 4591 680 4668 dc
713 4593 968 4683 Huberoourt,
1001 4595 1040 4669 in
1073 4596 1222 4672 instanti
1253 4594 1349 4674 festo
1378 4598 1582 4675 Natiuitatis
1611 4597 1764 4675 Domini
1802 4616 1913 4674 erunt

488 4747 524 4799 vr
544 4723 628 4799 anni
650 4722 708 4799 vel
729 4741 872 4830 septem
892 4727 996 4813 anni,
1022 4753 1089 4830 per
1106 4725 1257 4804 fratrem
1273 4730 1315 4804 R.
1340 4727 1387 4803 de
1407 4728 1487 4807 Gisi
1507 4746 1740 4835 receptorem
1755 4728 1931 4834 Campe·

490 4851 575 4942 nie,
600 4853 837 4959 presentibus
864 4853 1040 4932 fratribus
1063 4830 1173 4933 Petro
1200 4875 1415 4963 preceptore
1441 4858 1541 4937 dicte
1566 4860 1718 4949 domus,
1741 4876 1779 4936 et
1797 4859 1911 4952 Petro
