4236 5948
493 525 565 600 iss
878 508 1073 598 procus
1099 526 1194 597 oss
1220 525 1516 597 rnusmsss,

487 665 650 747 Arnaldo
671 667 813 755 Bocha‚
838 665 1040 743 Guillelmo
1061 664 1281 753 Marturelli,
1304 668 1413 744 Petro
1434 666 1584 756 Rube0,
1605 667 1743 746 Jacobo
1765 667 1813 743 dc
1828 669 1910 746 Ro·

488 826 618 904 sergue
640 814 677 874 et
696 796 867 902 pluribus
886 796 969 872 aliis
989 781 1166 872 fratribus
1184 797 1272 877 dicti
1294 796 1449 874 ordinis.

489 967 491 970 >
544 928 600 1003 De
620 926 733 1004 modo
755 943 880 1002 autem
900 953 966 1002 sue
985 926 1213 1031 reccpcionis
1234 927 1338 1003 etde
1359 927 1431 1002 hiis
1454 954 1528 1032 que
1548 928 1680 1003 servari
1703 926 1845 1005 debent
1864 928 1910 1006 ab

488 1058 560 1133 hiis
578 1059 642 1163 qui
661 1056 893 1160 recipiuntur
912 1055 959 1132 ad
979 1056 1103 1162 ipsum
1126 1057 1316 1145 ordinem,
1342 1057 1433 1134 dixit
1452 1057 1547 1134 sicut
1566 1057 1716 1162 plenius
1735 1059 1911 1164 deposuit

488 1186 599 1262 irater
612 1185 894 1264 Bartholomeus
910 1187 957 1262 de
970 1188 1107 1276 Turre,
1127 1187 1269 1292 primus
1285 1187 1401 1273 testis.

544 1317 602 1392 Ad
623 1317 754 1394 lxxxvu
775 1336 810 1393 et
830 1318 974 1395 lxxavru
998 1334 1035 1394 ct
1052 1318 1227 1394 ultimum
1252 1316 1427 1395 articulos
1448 1317 1646 1425 diligenter
1665 1335 1703 1394 ct
1721 1314 1909 1424 sigillatim

488 1450 749 1554 interrogatus,
771 1447 964 1553 respondit
983 1475 1021 1523 se
1038 1448 1179 1524 nescire
1195 1476 1265 1523 nec
1285 1447 1437 1523 credere
1455 1447 1579 1553 aliqua
1599 1446 1647 1523 de
1668 1448 1909 1525 contentisin

488 1578 552 1653 eis.
574 1578 649 1652 Nec
667 1578 736 1654 scit
750 1605 818 1653 nec
838 1606 1005 1683 ¹unquam
1026 1576 1181 1664 audivit,
1202 1595 1246 1658 ut
1265 1576 1373 1664 dixit,
1394 1605 1513 1683 usque
1530 1605 1630 1653 nunc
1649 1577 1731 1653 fieri
1750 1579 1911 1657 mentio-

486 1737 572 1784 nem
594 1708 633 1784 in
653 1708 785 1785 ordine
800 1708 954 1813 Templi
975 1707 1032 1784 vel
1051 1708 1139 1784 alibi
1161 1707 1207 1785 de
1229 1707 1336 1785 dictis
1359 1693 1566 1799 erroribus,
1587 1710 1777 1785 necunde
1798 1711 1909 1818 origi-

488 1866 575 1914 nem
587 1837 816 1926 habuernnt,
831 1865 905 1912 <nec
924 1866 944 1912 a
964 1865 1041 1943 quo
1060 1837 1119 1914 vel
1137 1866 1158 1913 a
1173 1837 1327 1943 quibus3
1346 1866 1415 1914 nec
1431 1838 1498 1913 seit
1514 1838 1580 1915 ubi
1600 1838 1710 1945 ydola
1722 1838 1780 1916 vel
1788 1840 1910 1946 capita

488 1968 536 2044 de
557 1968 694 2074 quibus
713 1969 835 2075 agitur
855 1968 894 2042 in
916 1967 1078 2044 articulis
1095 1968 1184 2055 sint,
1203 1996 1308 2044 neca
1327 1996 1402 2074 quo
1418 1968 1619 2058 custodita3
1639 1997 1709 2045 nec
1728 1970 1801 2047 scit
1819 1971 1909 2076 quid

488 2098 535 2172 sit
554 2096 726 2203 ydolum,
742 2125 813 2172 nec
831 2125 997 2202 unquam
1014 2096 1155 2173 audivit
1171 2096 1223 2173 de·
1235 2096 1348 2205 ydolo
1368 2097 1425 2174 vel
1447 2096 1567 2203 ydolis
1581 2098 1743 2203 aliquem
1759 2099 1910 2177 fratrem

488 2227 544 2301 vel
561 2226 675 2302 aliurn
691 2226 928 2330 loquentem;
944 2254 1012 2301 nec
1027 2226 1144 2302 credit
1162 2226 1266 2332 quod
1280 2226 1435 2332 ydolum
1452 2226 1499 2305 sit
1514 2226 1671 2333 aliquid,
1694 2228 1762 2304 sed
1779 2229 1906 2306 nichil.

546 2357 667 2461 Super
684 2356 766 2433 aliis
792 2384 878 2432 vero
901 2355 1074 2432 omnibus
1095 2373 1131 2432 et
1149 2356 1303 2463 singulis
1329 2358 1513 2434 contentis
1534 2359 1573 2434 in
1595 2356 1704 2434 dictis
1728 2359 1906 2447 articulis,

491 2485 582 2562 dixit
596 2513 635 2562 se
650 2485 767 2562 nichil
786 2482 947 2590 amplius
961 2485 1066 2561 scire.

544 2749 652 2826 Anno
668 2779 743 2856 quo
762 2781 888 2858 supra,
912 2781 1011 2830 nono
1024 2752 1198 2829 kalendas
1212 2752 1404 2829 februarii

544 2880 654 2958 XVll.
665 2882 794 2957 Frater
804 2882 933 2959 Petrus
949 2882 1151 2960 servientis
1166 2881 1309 2959 ordinis
1325 2882 1414 2959 dicti
1431 2877 1577 2985 Templi
1594 2899 1632 2958 et
1644 2882 1781 2959 domus
1791 2882 1908 2959 Mansi

488 3008 575 3097 Dei,
590 3009 693 3086 testis
703 3011 851 3117 juratus
864 3011 912 3087 sd
930 3027 1052 3099 sancta
1064 3011 1134 3086 Dei
1150 3009 1346 3116 Evangelia
1370 3038 1481 3117 super
1498 3009 1675 3115 predictis
1693 3010 1857 3088 articulis
1874 3028 1910 3087 et

489 3166 626 3215 eorum.
639 3140 809 3245 quolibet
831 3141 902 3217 sibi
923 3140 1097 3246 expositis
1116 3140 1155 3215 in
1172 3140 1330 3246 vulgari,
1347 3158 1390 3243 ut
1402 3140 1616 3246 principalis
1636 3140 1683 3217 de
1702 3169 1741 3218 se
1759 3140 1859 3247 ipso,
1874 3158 1909 3217 ct

487 3285 530 3343 ut
547 3271 653 3345 testis
674 3270 720 3346 de
740 3270 836 3359 aliis,
859 3269 1055 3376 diligenter
1075 3285 1112 3344 et
1130 3269 1319 3374 sigillatim
1334 3271 1596 3377 interrogatus,
1614 3270 1849 3375 respondens
1862 3269 1908 3345 ad

486 3399 671 3503 primum,
694 3426 881 3476 u—xxxrx
900 3399 1076 3476 articulos
1095 3397 1289 3488 inclusive,
1304 3399 1449 3506 negavit
1468 3400 1568 3506 ipsos
1588 3385 1761 3476 articulos
1777 3414 1813 3476 et
1827 3426 1910 3476 om·
1945 3505 1948 3508 ἱ

488 3527 550 3602 nia
571 3544 607 3603 et
626 3529 769 3634 singula
789 3546 962 3605 contenta
977 3529 1017 3603 in
1033 3531 1102 3616 eis,
1126 3546 1278 3635 excepto
1292 3530 1397 3634 quod
1412 3528 1531 3606 credit
1546 3546 1583 3606 et
1598 3527 1734 3606 latetur
1746 3528 1848 3636 quod
1864 3555 1908 3606 eo

486 3674 660 3762 tempore
672 3686 748 3762 quo
765 3660 843 3762 ipsc
860 3657 971 3735 etalii
992 3657 1123 3735 fratres
1138 3659 1372 3764 recipiuntur
1387 3659 1434 3735 ad
1453 3658 1596 3735 dictum
1612 3659 1803 3745 ordinem,
1822 3658 1910 3735 reci-

488 3785 595 3890 piens
615 3805 813 3892 preceptor
823 3789 882 3864 vel
895 3796 1079 3895 magister,
1096 3806 1181 3894 post
1196 3789 1456 3894 recupcionem
1475 3815 1609 3887 eorum
1629 3805 1667 3866 et
1686 3805 1772 3893 post
1790 3788 1911 3893 impo-

487 3917 596 3993 sitam
617 3916 816 4007 clamidem
836 3917 875 3993 in
896 3918 999 3995 collis
1019 3945 1167 4005 eorum,
1192 3919 1378 3995 osculatur
1399 3919 1500 4024 ipsos
1518 3914 1650 3995 iratres
1670 3918 1721 3993 sic
1739 3935 1909 4024 racemos

487 4047 526 4121 in
542 4073 607 4123 ore
620 4063 782 4138 tantum,
800 4047 1000 4154 insignum
1014 4048 1175 4125 fraterne
1197 4048 1406 4137 dilectionis
1421 4064 1458 4125 et
1472 4048 1657 4125 caritatis

517 4249 519 4252 ,
543 4177 637 4253 Item
657 4177 794 4254 fatetur
820 4179 936 4256 moris
966 4206 1044 4254 esse
1066 4197 1111 4254 et·
1125 4177 1405 4256 consuetudinis
1428 4178 1518 4254 dicti
1540 4177 1804 4285 ordinisquod
1823 4179 1910 4284 quia

486 4307 620 4413 illiqui
635 4307 676 4382 in
692 4306 820 4385 fratres
839 4309 917 4413 ejus
935 4309 1168 4413 recipiuntur
1189 4307 1327 4385 habent
1345 4307 1460 4412 recipi
1481 4323 1519 4384 et
1533 4306 1678 4384 admitti
1702 4307 1750 4383 ad
1769 4306 1909 4383 dictum

488 4436 677 4524 ordinem,
698 4438 738 4513 in
758 4438 944 4543 capitulis,
968 4420 1200 4544 recipiuntur
1219 4437 1351 4514 clausis
1366 4436 1495 4544 januis
1515 4437 1669 4524 ecclesie
1681 4436 1748 4514 -vel
1769 4436 1910 4543 capelle

488 4566 625 4647 domus
643 4568 683 4643 in
706 4597 781 4674 qua
799 4569 1041 4676 recipiuntur,
1064 4598 1111 4645 ne
1133 4597 1176 4645 ea
1192 4597 1273 4674 ¹quc
1292 4585 1450 4675 aguntur
1467 4568 1505 4643 in
1528 4567 1688 4673 capitulo
1707 4584 1798 4644 nota
1822 4565 1910 4643 liant

490 4692 571 4783 al'u's
587 4726 699 4802 quam
716 4698 890 4776 fratribus
906 4700 969 4805 qui
984 4699 1174 4777 affuerunt
1192 4701 1230 4774 in
1248 4699 1332 4776 illis.

502 4877 506 4887 ·
547 4827 639 4903 Item
667 4828 761 4905 dixit
790 4857 831 4906 se
860 4831 1011 4909 credere
1034 4858 1127 4935 pure
1158 4846 1195 4906 et
1219 4828 1437 4935 simpliciter
1462 4829 1588 4905 omnia
1613 4847 1650 4906 et
1675 4828 1818 4936 sinffrla
1841 4826 1911 4906 Dei
