4236 5948
616 526 811 620 esoces
838 544 933 617 uss
959 543 1261 616 esurimus.
1579 550 1648 619 175

285 691 374 767 Acta
389 687 543 765 fuerunt
560 686 631 762 hee
647 684 760 764 dictis·
780 686 841 764 die
866 701 904 762 et
923 684 1024 772 loco,
1046 683 1284 790 presentibus
1299 685 1479 793 magistro·
1490 685 1647 772 Amisio,

230 848 291 899 nse
310 818 565 898 Floriamonte
590 815 808 907 Dondedei,
829 832 867 892 et
885 813 967 892 aliis
986 815 1139 893 notariis
1154 844 1264 922 supra
1278 815 1415 894 ultimo
1434 816 1648 894 nominatis.

229 953 359 1029 Dictus
381 966 509 1026 tamen
539 947 717 1024 dominus
748 945 921 1024 Matbcas
947 969 1025 1024 non
1052 944 1224 1024 interfuit
1251 921 1520 1024 examinacioui
1548 949 1656 1024 testis

230 1109 338 1189 supra
359 1079 495 1157 ultimo
518 1077 727 1155 examinati.

286 1345 375 1420 Post
398 1341 485 1430 bec,
503 1339 565 1417 die
585 1339 714 1417 Martis
729 1339 918 1445 sequenti,
939 1366 1013 1446 que
1032 1338 1106 1415 fuit
1124 1362 1158 1417 tr
1184 1339 1265 1417 dies
1287 1339 1376 1416 dicti
1397 1339 1536 1416 mensis
1556 1341 1652 1445 apri-

232 1474 294 1559 lis,
322 1471 396 1550 luit
422 1469 610 1548 adductus
631 1468 679 1546 ad
710 1469 940 1575 presenciam
969 1467 1157 1546 dictorum
1177 1468 1418 1546 dominorum
1437 1469 1650 1546 commissa·

234 1605 374 1681 riorum
397 1619 435 1681 et
447 1601 592 1680 domini
613 1596 771 1690 Mathai,
790 1600 830 1676 in
851 1598 967 1677 domo
988 1600 1156 1705 predicta
1172 1591 1318 1677 domini
1339 1600 1437 1676 Petri
1454 1590 1502 1676 de
1518 1598 1655 1676 Sabao-

236 1734 314 1822 die,
343 1731 457 1810 frater
491 1731 665 1810 Matbeus
701 1729 748 1807 de
783 1731 913 1808 Monte
957 1728 1117 1837 Lupello
1157 1730 1356 1838 presbiter,
1390 1729 1654 1838 Lugdunensis

234 1863 410 1953 diocesis,
431 1861 535 1940 testis
554 1885 665 1967 supra
684 1860 848 1967 juratus,
869 1857 1213 1968 quinquagenarius
1237 1859 1293 1937 vel
1316 1860 1429 1950 circa,
1454 1860 1519 1965 qui
1535 1878 1661 1936 ‘mani

234 1992 367 2071 tellum
403 1991 612 2070 voluntarie
642 1991 850 2084 dimiserat,
881 2005 918 2068 et
948 1989 1145 2068 absolutus
1181 2008 1219 2068 et
1248 1990 1509 2068 reconciliatus
1534 1988 1655 2065 iuerat

235 2151 298 2229 per
324 2123 525 2200 dominum
548 2121 870 2227 arehiepiscopum
901 2123 1181 2210 Turonensem,
1203 2121 1269 2228 qui
1295 2119 1536 2226 inquisiverat
1567 2136 1656 2194 cunr

234 2250 382 2331 eodem.
407 2252 528 2330 Lectis
555 2267 682 2328 autem
708 2268 746 2328 et
771 2250 973 2360 diligenter
1003 2251 1180 2356 expositis
1211 2248 1281 2328 sibi
1316 2249 1499 2327 omnibns
1527 2265 1564 2325 et
1584 2249 1656 2325 sin·

233 2384 332 2490 gulis
359 2382 545 2474 articulis,
566 2380 763 2488 respondit
791 2382 895 2487 quod
924 2400 1001 2462 non
1028 2380 1170 2459 viderat
1195 2380 1361 2488 aliquem
1392 2380 1509 2457 alium
1541 2380 1657 2486 recipi

236 2514 272 2589 in
294 2511 429 2591 ordine
452 2513 524 2590 nisi
544 2511 698 2589 fratrem
715 2512 925 2589 iohannem
951 2511 999 2588 de
1020 2511 1130 2588 buris
1154 2510 1372 2618 agricolam,
1395 2511 1443 2588 de
1459 2511 1566 2617 eujus
1584 2510 1656 2585 rita

236 2644 294 2719 vel
313 2661 438 2721 morte·
456 2669 534 2721 non
564 2643 679 2720 habet
710 2642 987 2720 certitudinem.
1018 2642 1094 2735 Qui
1120 2660 1294 2749 receptas
1317 2640 1439 2719 luerat
1469 2662 1656 2717 unacum

236 2774 316 2879 ipso
350 2790 465 2861 teste,
491 2798 559 2881 per
587 2772 740 2850 fratrem
765 2772 920 2849 Petrum
950 2771 1000 2849 de·
1032 2771 1141 2849 Baris
1163 2772 1371 2879 quondam,
1397 2786 1656 2877 preceptorem

234 2922 324 2981 tunc
339 2902 490 2983 ballivis
512 2905 559 2981 de
575 2900 687 2980 buris
704 2902 952 3009 Lingonensis
973 2902 1149 2989 diocesis,
1172 2903 1211 2978 in
1228 2901 1369 3008 capella
1387 2898 1524 2977 domus
1543 2903 1658 2977 Tem-

236 3033 288 3138 pli
309 3031 449 3112 d'Onse
478 3033 639 3110 diocesis
658 3034 861 3121 liddensis,
890 3033 1009 3139 primu
1038 3031 1100 3109 die
1126 3031 1240 3139 hujus
1254 3031 1557 3140 quadragessimo
1575 3030 1657 3109 fue·

235 3181 325 3240 runt
353 3163 499 3240 circiter
527 3189 616 3241 xvrn
641 3165 748 3251 anni,
774 3162 1012 3268 presentibus
1036 3160 1214 3239 iratribus
1234 3162 1435 3240 Dominico
1462 3153 1658 3267 d'Espalbe

236 3295 483 3402 lingonensis
496 3295 678 3384 diocesis,
692 3295 760 3401 qui
774 3293 845 3371 luit
860 3311 990 3401 eaptus
1004 3314 1090 3371 cum
1106 3293 1204 3383 aliis,
1220 3293 1430 3373 Guillelmo
1446 3293 1493 3370 de
1509 3294 1656 3384 Arione,

236 3424 445 3504 Guillelmo
465 3424 644 3503 celererio
670 3424 773 3502 dicte
792 3424 945 3515 domne,
974 3424 1021 3501 de
1045 3427 1153 3533 cujus
1175 3426 1399 3533 cognomine
1416 3446 1494 3502 non
1511 3424 1657 3513 recolit,

236 3554 501 3648 servientibus,
530 3582 627 3662 quos
652 3555 772 3631 credit
804 3554 972 3633 obiisse:
999 3556 1102 3632 unde
1128 3555 1332 3645 nesciebat,
1365 3583 1434 3633 nec
1463 3555 1658 3648 credebat,
1700 3660 1708 3673 ‚
1814 3616 1827 3651 ὅ

237 3713 305 3762 nec
340 3686 531 3763 audiverat
566 3685 639 3762 dici
672 3684 718 3761 de
744 3685 930 3761 contentis
955 3685 994 3761 in
1028 3685 1083 3762 eis
1111 3687 1182 3762 nisi
1213 3687 1316 3792 qaod
1349 3688 1530 3792 sequitur.
1559 3685 1661 3764 Dixit

238 3814 340 3890 enim
375 3814 587 3921 quodcum
615 3816 697 3921 ipse·
721 3830 759 3890 et
789 3815 912 3890 dictus
942 3815 1130 3894 lohannes
1165 3817 1211 3892 de
1243 3817 1351 3893 buris
1382 3817 1661 3922 requisivissent

238 3970 372 4047 panem
400 3962 439 4022 et
464 3970 597 4052 aquarn
629 3962 667 4021 et
689 3945 904 4022 societatem
938 3946 1082 4023 ordinis
1112 3970 1197 4023 eum
1221 3945 1417 4037 instancia,
1441 3962 1478 4023 et
1497 3947 1550 4024 eis
1569 3974 1660 4023 con-

238 4100 337 4151 cessa
357 4071 538 4164 luissent,
562 4073 652 4152 fecit
681 4098 746 4151 eos
772 4095 908 4151 rosere·
930 4091 967 4151 et
991 4075 1118 4182 jurare
1138 4075 1360 4162 castitatem,
1378 4075 1656 4164 obedienciam,

239 4220 276 4278 et
296 4203 417 4280 vivere
434 4203 516 4282 sine
531 4205 704 4311 proprio,
725 4225 870 4281 semare
894 4202 1016 4282 bonos
1033 4228 1124 4282 usus
1152 4222 1189 4282 et
1204 4204 1324 4283 bonas
1348 4203 1656 4292 consuetudines,

239 4330 465 4409 elemosinas
491 4349 532 4410 et
545 4333 645 4411 bona
676 4333 837 4421 ordinis,
859 4352 897 4411 et
926 4358 1003 4411 non
1030 4334 1195 4413 revelare
1224 4352 1365 4413 secreta
1393 4318 1658 4439 capituliorum

239 4487 308 4537 nec
322 4462 482 4539 modum
502 4463 731 4569 recepcionis
756 4491 907 4552 eorum,
925 4481 964 4541 st
983 4454 1187 4569 quod'non
1215 4464 1359 4540 exirent
1384 4449 1557 4539 ordinem
1579 4464 1658 4539 sine

240 4589 394 4668 licencia
416 4592 850 4698 superiorumsuorum;
871 4610 909 4669 et
930 4592 1114 4699 impositis
1136 4593 1189 4669 eis
1207 4590 1410 4683 mantellis,
1433 4609 1605 4699 receptor
1624 4611 1661 4670 et

240 4737 401 4799 astantes
420 4719 575 4799 luerunt
589 4749 654 4799 eos
675 4722 830 4801 osculati
849 4723 887 4799 in
911 4751 990 4814 ore,
1013 4740 1050 4799 et
1068 4722 1191 4799 dictus
1210 4740 1382 4829 receptor
1407 4725 1580 4801 instruxit
1597 4749 1661 4801 eos

240 4849 400 4955 qualiter
422 4870 595 4961 regerent
608 4880 647 4929 se
669 4853 708 4928 in
729 4853 879 4941 ordine,
900 4870 937 4931 et
957 4853 1061 4958 quod
1076 4852 1243 4959 jacerent
1264 4852 1376 4932 lineis
1397 4855 1526 4932 cinctis
1550 4878 1662 4959 super
