4236 5948
341 566 417 644 sm
730 546 927 639 rnocts
952 563 1049 637 nus
1074 563 1375 639 rnurmnns.

341 707 439 785 dicto
457 722 537 783 erat
555 704 626 794 ibi,
650 723 687 784 et
701 723 760 784 ter
779 706 898 812 spuit,
914 731 1043 783 cavens
1062 722 1205 796 tamen,
1221 723 1265 784 ut
1280 705 1386 795 dicit,
1401 721 1584 812 quantum
1604 723 1766 814 poterat,

341 867 389 918 ne
409 855 562 946 spueret
580 865 691 943 supra
717 865 866 914 crucem
887 854 925 914 ct
943 835 1155 944 ymaginem
1175 837 1373 943 predictas.

396 966 490 1047 Item
508 967 601 1045 dixit
620 968 725 1073 quod
744 967 929 1074 recipiens
953 965 1041 1044 lecit
1065 994 1151 1045 eum
1171 967 1323 1074 spoliari
1345 994 1465 1073 usquc
1487 967 1536 1043 ad
1559 969 1766 1062 camisiam,

342 1119 380 1178 et
400 1099 589 1179 osculatus
609 1097 681 1175 luit
700 1099 824 1205 ipsum
844 1114 1037 1205 receptum
1057 1098 1096 1174 in
1112 1099 1187 1175 fine
1205 1098 1313 1206 spine
1328 1097 1449 1186 dorsi,
1473 1097 1513 1173 in
1531 1098 1717 1177 umbilico
1732 1118 1769 1177 et

342 1232 500 1309 demum
519 1230 559 1308 in
578 1257 655 1308 ore.

397 1362 491 1438 ltem
513 1359 606 1438 dixit
628 1389 697 1467 per
716 1361 978 1468 juramentum
1007 1388 1119 1436 suum
1148 1361 1254 1467 quod
1278 1359 1463 1466 recipiens
1481 1358 1678 1466 probibuit
1694 1361 1766 1439 sibi

341 1491 579 1569 consorcium
599 1490 819 1580 mulierum,
839 1491 1051 1597 precipiens
1074 1491 1146 1568 sibi
1167 1492 1271 1599 quod
1291 1492 1322 1568 si
1342 1490 1519 1569 stimulus
1539 1491 1660 1568 carnis
1687 1520 1768 1571 mo-

341 1638 444 1733 veret
464 1650 570 1712 eum,
591 1623 695 1729 quod
711 1622 784 1699 iret
798 1621 846 1698 ad
859 1620 990 1698 fratres
1005 1648 1112 1710 suos,
1136 1639 1174 1699 et
1193 1622 1294 1728 ipsos
1306 1620 1481 1698 similiter
1494 1649 1622 1698 secum
1637 1622 1768 1699 admit·

339 1770 438 1830 teret
452 1753 500 1829 nd
518 1752 762 1830 concubitum
784 1751 970 1829 carnalem
991 1770 1181 1831 mutuum.

396 1885 490 1962 ltem
508 1884 601 1961 dixit
618 1884 725 1990 quod
744 1884 863 1960 credit
876 1882 981 1989 quod
1001 1882 1063 1959 alii
1085 1881 1214 1960 fratres
1234 1882 1326 1960 dicti
1345 1882 1490 1961 ordinis
1513 1883 1627 1962 simili
1652 1883 1767 1961 modo

340 2015 585 2121 recipiuntur.
603 2016 802 2120 Nunquam
815 2031 942 2091 tamen
958 2012 1046 2103 luit,
1068 2031 1111 2090 ut
1131 2013 1239 2103 dicit,
1253 2013 1301 2091 'in
1318 2013 1539 2121 recepcione
1559 2014 1730 2122 alicujus.

397 2147 490 2222 ltem
517 2145 610 2222 dixit
628 2173 696 2250 per
718 2146 977 2252 juramentum
1010 2172 1122 2221 suum
1147 2145 1252 2250 quod
1274 2144 1327 2233 vi,
1355 2142 1412 2220 vel
1437 2162 1543 2221 metu
1561 2163 1769 2221 tormento-

342 2253 428 2353 rum
443 2273 501 2351 vel
522 2272 610 2351 alias
631 2302 707 2351 non
728 2274 821 2352 dixit
840 2272 943 2350 aliud
962 2302 1076 2380 quam
1097 2275 1309 2367 veritatem,
1332 2303 1402 2352 nec
1425 2276 1464 2353 in
1483 2275 1676 2382 premissis
1698 2275 1768 2350 im·
1839 2285 1844 2295 '

342 2405 492 2482 miscuit
507 2404 672 2510 aliquem
692 2404 908 2493 falsitatem,
927 2420 966 2480 et
980 2404 1085 2510 quod
1096 2433 1230 2510 puram
1246 2405 1437 2515 veritatem
1454 2405 1547 2482 dixit
1563 2434 1633 2512 pro
1648 2405 1767 2482 salute

342 2564 464 2614 omme
480 2564 559 2614 sue.

398 2799 491 2874 ltem
516 2794 628 2873 lmter
643 2795 835 2874 lohannes
856 2796 906 2873 dc
928 2796 1107 2885 Pruvino,
1127 2794 1235 2872 etatis
1263 2794 1396 2871 decem
1421 2812 1459 2872 et
1479 2812 1563 2873 octo
1584 2822 1767 2872 annorum

341 2927 398 3004 vel
419 2927 532 3016 circa,
555 2954 707 3005 morans
726 2926 825 3033 apud
846 2926 1046 3003 Frenaium
1078 2924 1238 3003 diocesis
1259 2923 1472 3014 Trecensis,
1494 2924 1631 3003 eodem
1653 2924 1769 3004 modo

341 3059 583 3148 constitutus,
601 3060 750 3165 juratus
769 3074 807 3134 et
821 3057 1042 3163 requisitus,
1061 3056 1154 3133 dixit
1172 3084 1241 3163 per
1253 3058 1513 3163 juramentum
1534 3084 1646 3132 sumn
1664 3056 1770 3163 quod

340 3190 438 3266 bene
460 3207 547 3266 sunt
567 3190 645 3266 dno
670 3190 757 3266 anni
778 3190 836 3266 vel
856 3189 952 3266 circa
972 3189 1086 3296 elapsi
1107 3187 1210 3295 quod
1230 3186 1301 3265 luit
1320 3205 1492 3293 receptus
1513 3187 1553 3263 in
1579 3188 1696 3265 domo
1722 3187 1769 3265 de

340 3320 472 3397 Paiens
494 3320 591 3396 dicte
614 3320 791 3408 diocesis,
820 3347 887 3425 per
906 3318 1059 3396 fratrem
1082 3318 1326 3426 Radulphum
1356 3319 1404 3395 de
1426 3317 1575 3397 Gisiaco
1597 3335 1771 3426 recepto·

342 3476 422 3525 rem
447 3447 670 3554 Campanie,
699 3447 936 3554 presentibus
955 3447 1068 3526 fratre
1093 3447 1292 3556 Radulpho
1318 3447 1499 3554 Turpini,
1536 3446 1647 3524 fratre
1678 3450 1769 3526 Bar·

340 3578 538 3656 tholomeo
553 3577 600 3654 de
616 3578 745 3655 Trecis
766 3598 803 3657 et
818 3578 1047 3686 quibusdam
1067 3578 1160 3656 aliis.
1192 3582 1286 3657 ltem
1316 3579 1409 3656 dixit
1427 3607 1495 3685 per
1509 3580 1769 3687 juramentum

343 3731 455 3785 suum
470 3709 590 3814 quod,
609 3736 655 3786 eo
669 3725 836 3815 recepto,
851 3709 1066 3816 juramento
1082 3709 1128 3787 ab
1144 3737 1190 3788 eo
1202 3709 1361 3816 prestito
1373 3709 1422 3785 de
1433 3708 1581 3786 statutis
1597 3724 1635 3785 et
1648 3737 1771 3786 secre-

342 3837 390 3913 tis
409 3839 553 3917 ordinis
573 3839 831 3930 observandis,
850 3858 888 3918 et
902 3840 1082 3920 mantello
1101 3841 1150 3918 ad
1165 3839 1304 3919 collum
1324 3841 1465 3945 posito,
1486 3838 1671 3944 recipiens
1690 3868 1771 3945 pre·

342 3970 442 4074 cepit
469 3988 508 4047 ot
530 3969 621 4048 fecit
639 3999 679 4048 se
705 3969 863 4047 osculari
896 3972 942 4049 ab
973 4001 1019 4048 eo
1047 3973 1087 4048 in
1112 3999 1178 4048 ore
1202 3989 1241 4048 et
1270 3972 1309 4047 in
1334 3968 1536 4062 umbilico,
1565 3998 1634 4076 per
1658 3999 1771 4075 supra

340 4116 479 4190 vestes,
501 4116 539 4177 ct
568 4119 698 4206 postea
722 4100 826 4178 idem
850 4101 1036 4207 recipiens
1060 4100 1147 4179 lecit
1171 4102 1357 4208 apportari
1387 4100 1589 4207 quamdam
1620 4130 1770 4179 crucem

342 4259 431 4306 cum
451 4229 574 4338 effigie
593 4232 760 4309 crucifixi
781 4231 927 4309 domini
943 4233 1062 4310 Jhesu
1077 4231 1234 4324 Christi,
1253 4248 1291 4309 et
1307 4233 1475 4339 precepit
1493 4231 1565 4309 sibi
1581 4233 1689 4337 quod
1707 4233 1771 4311 ab

342 4380 495 4469 negaret
514 4390 603 4439 eum
622 4380 693 4451 ter,
715 4379 753 4439 et
775 4381 928 4468 spueret
946 4380 1005 4441 ter
1029 4393 1140 4470 supra
1159 4391 1327 4451 crucem,
1351 4384 1389 4440 et
1413 4363 1492 4469 ipse
1516 4363 1583 4468 qui
1602 4361 1772 4469 loquitur

344 4492 436 4570 dixit
450 4493 556 4598 quod
571 4492 678 4572 nullo
698 4493 815 4572 modo
835 4493 994 4586 laceret,
1018 4512 1056 4573 et
1068 4512 1160 4574 tunc
1176 4495 1298 4573 dictus
1318 4493 1432 4572 frater
1445 4492 1773 4598 Rndulphusfccit

345 4650 434 4698 eum
451 4624 541 4728 poni
557 4625 596 4702 in
621 4654 783 4713 carcere,
802 4627 841 4702 in
861 4655 939 4735 quo
956 4626 1027 4704 luit
1046 4656 1115 4733 per
1134 4645 1219 4706 octo
1240 4627 1323 4704 dies
1343 4625 1392 4703 nd
1407 4652 1546 4732 panem
1562 4642 1599 4701 et
1618 4652 1771 4731 aqum,

345 4763 382 4828 'et
401 4770 530 4859 postea
546 4755 625 4861 ipse
645 4757 693 4833 de
714 4784 859 4835 carcere
879 4757 1051 4835 clamavit
1068 4759 1173 4866 quod
1192 4775 1378 4866 ponerent
1397 4785 1486 4836 eum
1502 4774 1618 4846 extro,
1641 4757 1772 4862 etipse

328 4882 481 4969 ‚faceret
503 4884 683 4993 quioquid
702 4886 856 4978 vellent,
878 4905 916 4966 et
934 4905 1025 4968 tunc
1044 4889 1124 4998 ipse
1145 4906 1330 4968 extractus
1347 4889 1396 4967 de
1413 4916 1561 4966 carcere
1579 4885 1773 4994 abnegavit
