4236 5948
622 523 814 617 rnocts
842 542 937 615 uus
964 544 1262 617 ruurmans.
1581 549 1646 620 151

230 684 476 792 quandoque,
500 702 537 760 et
557 686 824 791 providebatur
843 685 940 764 bene
961 688 1064 792 quod
1086 715 1162 764 non
1185 686 1408 763 audirentur
1428 689 1590 764 exterius
1611 718 1653 766 ea

229 845 301 923 que
323 815 482 894 interius
503 815 718 922 agebantur.
742 816 1015 895 Ordimcioues
1036 818 1129 895 lacte
1145 846 1212 924 per
1227 818 1445 926 Magistrum
1462 848 1547 895 cum
1565 848 1653 896 con-

229 964 338 1024 ventu
360 974 429 1024 suo
448 965 589 1024 servate
610 946 768 1025 luissent
788 950 825 1025 in
847 950 999 1040 ordine,
1018 967 1145 1026 contra
1160 978 1275 1056 quem
1291 949 1445 1055 grandia
1461 951 1648 1036 scandala,

228 1079 389 1185 suspicio
407 1095 444 1154 et
460 1077 610 1154 infamia
630 1097 719 1157 sunt
740 1097 882 1168 exorta3
906 1097 944 1156 et
963 1079 1092 1158 illicita
1113 1079 1316 1158 confessata
1336 1110 1404 1186 per
1424 1109 1512 1157 euin
1534 1083 1653 1157 credit

230 1236 307 1286 esse
329 1227 417 1288 nota
437 1207 614 1286 fratribus
634 1209 795 1296 ordinis,
825 1226 952 1287 contra
980 1238 1094 1317 quem
1120 1209 1263 1286 audivit
1282 1210 1355 1286 dici
1376 1238 1555 1317 magnum
1578 1213 1653 1288 Ma·

229 1340 384 1444 gistrum
406 1357 444 1415 et
463 1339 554 1416 alios
574 1339 719 1446 aliquos
740 1369 904 1428 errores,
928 1342 1047 1417 nescit
1066 1369 1179 1446 quos,
1202 1340 1315 1418 luisse
1335 1339 1535 1419 confessos.

283 1469 499 1574 Reqnisitus
513 1470 543 1545 si
560 1470 611 1545 sic
626 1470 851 1575 deposuerat
866 1498 993 1576 prece,
1010 1487 1198 1577 precepto,
1215 1471 1370 1561 timore,
1387 1499 1531 1560 amore,
1547 1471 1649 1558 odio,

228 1601 285 1675 vel
305 1600 502 1707 temporali
524 1601 686 1678 comodo
703 1602 831 1679 habito
847 1602 905 1678 vel
921 1602 1109 1690 habendo,
1132 1603 1327 1707 respondit
1341 1603 1444 1708 quod
1467 1630 1562 1690 non,
1586 1605 1648 1680 sed

230 1759 296 1835 pro
317 1733 470 1808 veritate
492 1731 669 1820 dicenda;
692 1731 752 1807 cui
776 1730 848 1809 suit
873 1732 1083 1838 injunctum
1113 1732 1217 1838 quod
1246 1761 1322 1810 non
1350 1734 1530 1810 revelaret
1557 1734 1650 1810 hanc

231 1888 334 1935 suam
352 1860 648 1966 deposicionem,
666 1891 867 1969 quousque
883 1863 1140 1941 attestaciones
1151 1861 1292 1939 luerint
1305 1863 1513 1969 publicate3
1527 1881 1564 1941 et
1575 1893 1649 1942 non

230 1988 416 2067 obtulerat
438 2019 477 2066 se
499 1990 546 2067 ad
568 1993 840 2070 deffensionem
865 1994 1018 2072 ordinis.

283 2258 330 2332 Et
350 2257 491 2333 ibidem
514 2254 643 2333 fratres
669 2258 864 2335 Benardus
891 2259 938 2334 de
971 2260 1062 2336 Bort
1095 2257 1204 2333 miles
1235 2248 1529 2346 Lemovicensis,
1564 2259 1652 2333 Ber·

230 2387 367 2463 nardus
396 2387 569 2463 Ademari
599 2388 724 2477 miles,
754 2389 957 2466 Durandus
983 2389 1194 2478 Passerion,
1224 2390 1354 2466 Petrus
1381 2386 1582 2476 Almavini,
1615 2405 1652 2463 et

230 2520 472 2626 Raymundus
490 2520 649 2597 Amalini
670 2521 943 2611 Rntbenensis,
978 2520 1100 2626 Guigo
1122 2519 1169 2596 de
1190 2522 1296 2624 Rupe
1318 2519 1483 2595 Talhada
1512 2518 1652 2625 presbi-

229 2668 284 2725 ter
303 2650 531 2738 Aniciensis,
563 2653 696 2728 Petrus
715 2651 905 2729 Gontandi
937 2651 1183 2736 lodovensis,
1212 2650 1443 2728 Bertraudus
1463 2650 1554 2725 Boni
1578 2650 1653 2725 llo·

230 2782 341 2858 minis
361 2782 617 2867 Caturcensis,
640 2800 677 2859 et
697 2781 903 2860 Guibertus
923 2781 1070 2888 Rogerii
1092 2781 1409 2858 Claramontensis
1425 2779 1649 2865 diocesium,

229 2912 378 2988 adducti
395 2942 462 3018 pro
479 2913 638 2992 testibus
658 2912 707 2988 ad
723 2913 952 3017 presenciam
974 2910 1196 2987 eorumdem
1219 2911 1461 2986 dominorum
1478 2911 1652 2986 commis-

229 3043 429 3133 sariorum,
459 3044 730 3149 protestacione
759 3043 938 3148 premissa
964 3041 1067 3147 quod
1096 3070 1172 3117 non
1197 3039 1400 3116 intendunt
1427 3039 1603 3116 recedere
1630 3071 1651 3116 a

228 3175 533 3279 deposicionihus
553 3176 630 3252 suis
649 3205 716 3281 per
737 3202 801 3251 eos
821 3175 910 3250 alias
931 3173 1035 3249 sactis
1056 3202 1181 3250 coram
1202 3171 1416 3258 ordinariis,
1440 3188 1476 3246 et
1495 3171 1600 3276 quod
1620 3174 1649 3247 si

227 3307 312 3411 plus
332 3306 387 3382 vel
409 3308 534 3383 minus
555 3307 723 3385 dicerent
743 3335 868 3383 coram
885 3308 973 3411 ipsis
990 3305 1154 3382 dominis
1170 3301 1451 3389 commissoriis,
1474 3301 1577 3407 quod
1599 3304 1651 3378 eis

228 3466 302 3515 non
323 3438 552 3543 prejudicet,
569 3439 806 3544 juraverunt,
834 3437 940 3514 tactis
960 3435 1200 3513 sacrosanctis
1219 3432 1445 3539 Evangeliis,
1468 3431 1592 3507 dicere
1612 3434 1651 3507 in

228 3569 297 3643 isto
318 3570 474 3672 negocio
495 3587 610 3645 totam
632 3570 781 3674 plenam
804 3587 840 3645 et
861 3597 1003 3645 meram
1024 3568 1236 3655 veritatem,
1261 3564 1470 3643 secundum
1492 3562 1651 3641 sormam

223 3701 426 3802 juramenti
448 3698 607 3776 aliorum
624 3700 778 3777 testium
795 3701 965 3803 superius
980 3696 1229 3804 registratam,
1248 3694 1448 3799 expositam
1472 3710 1509 3769 et
1528 3694 1651 3797 vulga·

227 3828 376 3903 rizatam
397 3828 553 3905 eisdem.

282 3958 372 4035 Acta
392 3957 545 4036 luerunt
565 3960 634 4036 bec
653 3958 763 4035 dictis
784 3959 844 4033 die
867 3974 903 4033 et
924 3956 1026 4041 loco,
1044 3953 1283 4060 presentibus
1299 3956 1475 4059 magistro
1494 3954 1649 4040 Amisio,

229 4116 287 4163 me
308 4089 563 4166 Floriamonte
584 4088 804 4176 Dondedei,
828 4104 864 4164 et
885 4086 965 4163 aliis
983 4086 1137 4163 notariis
1152 4112 1264 4190 supra
1278 4083 1648 4184 ultimonorninatis.

283 4353 371 4426 Post
391 4351 476 4440 bec,
500 4350 560 4428 die
583 4350 737 4427 Veneris
757 4348 949 4454 sequenti,
980 4372 1053 4452 que
1082 4347 1153 4423 luit
1179 4373 1203 4421 u
1232 4345 1313 4421 dies
1340 4343 1478 4419 mensis
1505 4343 1648 4448 aprilis,

228 4478 298 4557 fuit
312 4480 499 4559 adductus
514 4480 560 4556 ad
576 4480 806 4585 presenciam
825 4478 1011 4556 dictorum
1029 4476 1271 4553 dominorum
1289 4473 1648 4559 commissariorum,

227 4611 264 4685 in
290 4610 407 4689 domo
434 4612 600 4718 predicta
626 4611 770 4688 domini
799 4611 899 4687 Petri
933 4609 981 4686 de
1007 4608 1209 4694 sabaudia,
1240 4605 1352 4683 frater
1376 4606 1572 4682 Renardus
1603 4606 1651 4680 de

228 4743 317 4819 bort
337 4742 465 4834 miles,
492 4761 690 4849 preceptor
710 4743 847 4820 domus
868 4740 1016 4846 Templi
1039 4739 1085 4815 de
1106 4737 1224 4815 Podio
1245 4737 1356 4816 Nucis
1377 4737 1652 4814 Lemovicensis

229 4873 405 4964 diocesis,
426 4874 531 4951 testis
551 4901 663 4979 supra
677 4874 842 4980 juratus,
864 4890 907 4948 ut
927 4871 1134 4975 deponeret
1155 4866 1298 4945 dictum
1319 4895 1449 4956 suum,
1472 4868 1651 4973 quinqua-
