1133 1950
216 364 240 382 92
409 357 506 381 PROOES
520 361 567 380 DES
580 362 731 380 TEMPLIERS.

216 403 235 418 et
244 398 292 418 vidit
303 397 349 417 alios
363 398 430 424 recipi;
441 397 475 417 sed
487 401 531 424 post
540 397 648 423 capcionem
662 404 737 419 eorum,
748 396 828 416 credidit
838 401 857 416 et
867 397 926 416 eredit

218 431 269 458 quod
283 430 409 450 diversimode
423 430 557 456 reciperentur,
571 433 650 456 propter
660 429 797 449 confessionem
811 429 894 457 Magistri
908 434 926 449 et

214 464 294 483 aliorum
308 463 447 491 deponencium
461 463 513 490 quod
527 462 589 489 aliqua
604 462 668 481 illicita
683 461 833 482 interveniebant
846 462 866 481 iu
880 462 926 489 ipsis

215 496 357 523 recepcionibus
366 495 395 515 vel
405 500 453 522 post.
466 494 602 522 lnjungebatur
612 494 638 514 eis
649 502 682 521 per
693 498 831 514 sacramentum
841 501 865 514 ne
875 501 926 514 reve-

214 529 274 548 larent
287 533 358 548 secreta
372 528 507 555 capitulorum,
522 527 546 546 de
559 527 616 546 modo
632 527 747 553 reeepcionis
758 526 834 554 speciali
845 534 884 547 non
894 527 926 547 ha-

212 561 251 580 bita
260 561 365 581 mencione.
376 561 396 580 si
405 560 526 583 revelassent,
535 560 595 579 nescit
601 559 682 586 qualiter
690 559 751 586 puniti
760 559 847 582 fuissene
856 559 925 586 absque

213 594 290 613 licencia
304 600 343 613 non
357 597 444 620 poterant
459 593 494 612 nisi
511 592 640 612 sacerdotibus
657 592 729 612 ordinis
745 592 836 612 confiteri.
853 593 926 612 Fratres

212 627 291 646 scientes
305 633 378 646 errores
391 626 468 645 suerunt
478 626 595 653 negligentes
608 626 651 652 quia
664 632 703 645 nun
717 630 838 645 correxerunt
848 633 880 645 eos
890 633 925 646 nec

212 659 373 679 denunciaverunt
380 659 468 678 Ecclesie.
480 659 501 678 In
511 658 600 678 domibus
609 658 681 677 ordinis
691 658 710 677 in
721 658 791 685 quibus
799 658 868 678 exstitit
875 665 925 678 com—

212 696 296 712 moratus
305 691 352 711 vidit
361 692 473 711 elemosinas
483 696 502 710 ct
511 691 658 717 hospitalitatem
669 691 802 710 convenienter
810 690 850 710 fieri
859 696 878 711 et
885 698 923 711 ser-

211 725 257 746 vari,
268 729 286 744 et
294 724 377 743 deffendi
386 731 410 743 ne
418 724 537 751 acquirerent
547 723 631 742 indebite
642 723 717 746 ordini;
728 728 746 742 et
756 723 855 743 dicebatur
863 724 922 750 quod,

211 758 225 776 si
240 757 359 784 acquirerent
372 756 464 778 indebite,
476 763 541 775 eorum
557 756 619 775 anime
634 760 759 783 gravarentur.
771 756 835 775 Januis
845 756 921 778 clausis,

210 789 269 809 nullis
276 789 394 816 presentibus
403 789 439 808 nisi
448 788 535 808 fratribus
543 788 623 810 ordinis,
632 795 698 808 eorum
707 788 793 815 capituli-³
801 788 920 808 tenebantur.

211 822 301 841 Ordinata
311 829 345 848 per
352 822 460 849 Magistrum
472 829 515 841 cum
525 826 618 841 conventu
629 826 718 841 servasset
728 826 780 841 totus
792 821 848 844 ordo,
860 826 923 841 eontra

210 862 267 881 quem
278 861 329 874 nuuc
338 854 416 881 grandia
426 854 520 877 scandala,
530 854 611 880 suspicio
621 859 639 873 et
647 854 722 874 infamia
730 859 774 873 sunt
781 859 850 874 exorta.
859 854 924 874 Credit

209 887 271 914 quod,
280 887 295 907 si
303 887 368 906 illicita
377 887 448 906 fiebant
457 887 477 906 in
488 887 563 909 ordine,
575 891 637 906 essent
649 892 693 906 nota
704 887 741 906 illis
751 888 783 914 qui
795 894 816 906 ea
825 887 921 907 faciebant.

210 920 250 939 Non
261 920 355 939 obtulerat
367 926 387 939 se
400 919 423 938 ad
436 919 574 939 deffensionem
584 920 662 939 ordinis.
674 920 782 947 Requisitus
794 920 835 942 ubi,
846 921 923 947 quando

209 957 228 971 et
237 952 319 979 qualiter
328 956 415 979 receptus
424 952 484 971 suerat
492 957 511 972 et
519 960 567 979 quos
574 953 631 979 recipi
640 952 721 975 viderat,
730 952 827 979 respondit
837 960 857 972 se
866 952 922 973 fixisse

208 990 305 1012 receptum
316 985 335 1004 in
346 985 415 1012 capella
426 985 495 1004 domus
507 985 582 1012 Templi
594 985 618 1005 de
631 985 746 1005 Molendinis
758 986 871 1005 Pictavensis
882 986 923 1005 dio-

208 1018 263 1040 cesis,
272 1018 291 1037 in
299 1018 375 1037 instanti
387 1017 434 1037 sesto
444 1018 563 1037 Pentecostes
574 1022 629 1037 erunt
640 1025 676 1037 xxii
686 1019 729 1037 anni
741 1018 770 1037 vel
780 1019 837 1040 circa,
846 1026 880 1045 per
887 1018 923 1038 frn-

207 1055 255 1069 trem
268 1050 393 1070 Amblardum
404 1050 483 1069 militem
494 1051 591 1077 quondam
604 1051 725 1073 vienensem,
738 1055 782 1070 tunc
788 1056 921 1078 preceptorem

208 1083 426 1109 Pictavie,¹presentibus
440 1083 528 1102 fratribus
542 1084 627 1103 Juhanne
641 1083 664 1102 de
681 1084 749 1103 Sancto
762 1084 865 1103 Benedicto
879 1091 922 1111 pre-
948 1095 950 1098 -

207 1120 283 1142 cepture
295 1116 318 1135 de
329 1116 390 1135 Insula
401 1116 502 1138 Bochardi.
513 1114 624 1143 testesupra
634 1117 747 1138 examinato,
759 1116 835 1136 Matheo
845 1117 922 1136 Velbier

206 1148 333 1170 Turonensis,
350 1148 434 1168 Gerardo
448 1149 472 1168 de
488 1149 552 1175 Nonay
563 1149 661 1169 Vienensis
675 1149 778 1169 diocesium
788 1149 920 1172 servientibus,

207 1181 315 1203 deffunctis,
331 1181 350 1200 in
365 1181 415 1200 hunc
429 1181 508 1201 modum
520 1189 524 1200 z
536 1188 578 1200 nam
589 1189 632 1201 cum
646 1182 733 1208 peciisset
744 1186 843 1208 panem·et
853 1189 921 1209 aquarn

206 1214 286 1236 ordinis,
297 1219 317 1233 et
326 1221 437 1241 responsum
448 1215 465 1234 ei
476 1214 542 1234 suisset
554 1215 605 1241 quod
616 1215 666 1234 bene
677 1215 797 1237 deliberaret,
809 1215 853 1242 quia
867 1222 922 1242 opor-

206 1251 254 1266 teret
267 1254 311 1266 eum
324 1247 410 1266 abdicare
421 1254 431 1266 a
444 1254 463 1266 se
474 1247 569 1274 propriam
580 1247 694 1268 voluntatem
708 1252 727 1267 et
740 1248 806 1274 subjici
817 1248 890 1270 aliene.
902 1253 921 1267 et

206 1280 265 1299 multa
277 1279 325 1299 dura
335 1284 354 1299 et
368 1287 432 1307 aspera
445 1280 549 1302 sustinere,
563 1284 581 1300 et
595 1280 634 1307 ipse
648 1281 776 1307 respondisset
790 1280 842 1307 quod
857 1281 921 1299 omnia

205 1312 315 1335 sustineret,
331 1311 412 1332 finaliter
426 1313 498 1339 poscito
512 1320 546 1339 per
553 1313 684 1339 juramentum
696 1313 720 1332 ab
734 1320 757 1332 eo
767 1313 820 1340 qnod
830 1320 870 1332 non
881 1318 920 1332 erat

205 1344 276 1364 servilis
283 1344 410 1367 condicionis.
419 1345 549 1368 matrimonio,
558 1345 611 1365 alteri
619 1345 706 1373 religioni
717 1346 746 1365 vel
755 1345 825 1365 debitis
835 1353 873 1373 que
880 1353 919 1366 non

205 1381 269 1404 posset
282 1377 355 1397 solvere
367 1377 469 1405 obligatus,
481 1385 516 1398 uec
529 1378 611 1398 habebat
621 1379 750 1398 infirmitatem
763 1379 861 1400 latentem.
876 1378 919 1398 fecit

197 1409 322 1436 -eum'jurtre
330 1415 387 1437 mpr-
396 1410 499 1437 quemdam
509 1410 580 1431 librum
589 1411 640 1438 quod
649 1416 730 1432 servaret
737 1411 798 1431 bonos
806 1418 851 1430 usus
860 1416 879 1430 et
886 1412 919 1431 bo-

219 1442 397 1468 n·{=nn⁸netudines
411 1450 448 1470 que
461 1448 506 1463 tune
521 1448 574 1463 eram
591 1445 610 1463 in
625 1444 701 1466 ordine.
712 1449 731 1464 et
745 1445 777 1471 qui
790 1444 810 1463 in
820 1448 917 1471 posterum
