4236 5948
744 555 939 651 proces
965 574 1061 646 uus
1087 572 1384 647 ruurxmxs.
1697 576 1773 651 aaa

408 718 510 795 Dixit
531 715 645 793 eciam
664 717 768 823 quod
789 717 976 795 osculatus
994 715 1064 792 tuit
1079 715 1221 793 dictum
1242 714 1486 821 recipientem
1501 713 1540 789 in
1559 742 1624 792 ore
1638 715 1772 793 solum.

406 849 499 924 Item
527 847 618 923 dixit
645 876 713 953 per
731 848 988 955 juramentum
1019 875 1132 924 suum
1162 847 1266 952 quod
1300 845 1484 953 recipiens
1507 845 1675 952 precepit
1704 846 1774 924 sibi

352 979 455 1087 quod
475 994 675 1085 exponeret
695 1006 733 1055 se
758 977 932 1056 iratribus
952 977 1045 1066 suis,
1069 976 1099 1053 si
1124 976 1261 1054 vellent
1279 1005 1360 1053 rem
1383 977 1521 1053 habere
1545 1006 1632 1054 cum
1652 1006 1715 1066 eo,
1738 995 1776 1055 et

351 1109 424 1188 boc
442 1109 546 1186 idem
566 1109 620 1187 eis
639 1108 789 1199 faceret,
807 1110 838 1186 si
854 1108 982 1199 vellet3
1003 1108 1070 1186 sed
1090 1109 1170 1214 ipse
1192 1108 1284 1185 dixit
1306 1137 1375 1214 per
1388 1108 1646 1215 juramentum
1664 1138 1775 1188 suum

351 1241 454 1348 quod
475 1239 567 1316 dixit
589 1240 692 1316 idem
713 1241 907 1347 recipienti
923 1239 1027 1347 quod
1046 1267 1236 1346 nunquam
1252 1257 1428 1346 precepto
1442 1239 1663 1346 hujusmodi
1685 1241 1777 1319 obe·

352 1369 467 1461 diret,
489 1399 558 1449 nec
575 1369 671 1448 illud
690 1389 884 1476 peccatum
900 1370 1104 1462 commisit,
1124 1387 1168 1448 ut
1184 1370 1285 1448 dicit.

405 1504 500 1579 Item
520 1499 612 1579 dixit
630 1501 735 1608 quod
755 1502 874 1579 credit
896 1501 1000 1609 quod
1026 1499 1088 1577 alii
1111 1500 1241 1578 fratres
1264 1501 1352 1579 dicti
1378 1501 1522 1579 ordinis
1544 1501 1776 1609 recipiuntur

350 1660 417 1737 per
437 1631 614 1710 eumdem
640 1632 810 1709 modum.

407 1764 499 1869 Item
521 1763 613 1838 dixit
631 1791 699 1869 per
712 1762 970 1870 juramentum
986 1762 1211 1869 suumquod
1231 1763 1284 1851 vi,
1302 1762 1360 1839 vel
1378 1779 1485 1838 metu
1495 1779 1775 1841 tormentorum

349 1894 406 1971 vel
423 1894 513 1972 alias
533 1921 609 1971 non
629 1893 723 1970 dixit
737 1894 843 1972 uliud
860 1922 973 2001 quam
988 1894 1198 1982 veritatem,
1217 1922 1286 1970 nec
1300 1893 1340 1970 in
1360 1893 1551 1999 premissis
1569 1893 1776 1971 immiscuit

351 2022 515 2131 aliquam
531 2023 747 2113 falsitatem,
772 2042 809 2102 et
823 2025 928 2133 quod
943 2053 1074 2131 puram
1098 2023 1288 2102 veritatem
1316 2023 1409 2102 dixit
1427 2052 1496 2130 pro
1517 2024 1631 2127 sainte
1653 2025 1773 2100 anime

350 2180 427 2232 sue.

407 2420 501 2497 Item
536 2418 649 2498 frater
678 2419 898 2526 Radulpbus
932 2419 979 2497 de
1013 2419 1278 2499 Grandivillari
1309 2417 1570 2497 Ambianensis
1596 2417 1774 2506 diocesis,

350 2551 456 2628 etatis
479 2551 629 2658 triginta
654 2569 814 2657 quatuor
838 2579 1023 2628 annorum
1048 2550 1106 2627 vel
1125 2551 1239 2641 circa,
1261 2576 1410 2628 morans
1430 2566 1468 2624 et
1497 2576 1623 2625 curam
1644 2576 1776 2656 gerens

348 2698 555 2760 aratrorum
584 2683 622 2759 in
643 2683 757 2762 domo
781 2684 828 2760 de
846 2685 974 2761 Monte
993 2683 1271 2775 suessionensi,
1301 2683 1435 2760 eodem
1459 2681 1576 2757 modo
1601 2680 1775 2758 constitu-

347 2829 425 2899 tus,
442 2813 589 2919 juratus
609 2830 647 2889 et
665 2813 887 2921 requisitus,
909 2812 1003 2891 dixit
1015 2843 1084 2920 per
1097 2814 1354 2920 juramentum
1371 2839 1482 2889 suum
1498 2810 1603 2918 quod
1618 2811 1658 2887 in
1676 2809 1774 2889 festo

347 2940 551 3021 Natiuitatis
570 2942 680 3021 beate
695 2945 810 3022 Mario
828 2943 962 3023 ultimo
978 2943 1159 3050 preterito
1173 2943 1326 3021 suerunt
1344 2942 1476 3019 decem
1489 2941 1577 3018 anni
1592 2940 1650 3018 vel
1661 2942 1772 3030 circa,

347 3073 452 3180 quod
471 3072 543 3150 fuit
562 3090 734 3180 receptus
760 3075 800 3151 in
827 3075 942 3153 domo
963 3074 1009 3150 de
1035 3075 1155 3152 Bosco
1174 3101 1292 3180 prope
1311 3073 1515 3162 Frainices,
1536 3098 1605 3176 per
1623 3071 1774 3150 fratrem

348 3201 528 3283 Garinum
557 3205 605 3282 de
632 3205 890 3284 Grandivillari
921 3205 1141 3313 magistrum
1165 3204 1316 3283 ballivie
1343 3201 1665 3293 Viromandensis,
1691 3233 1776 3309 pre·

347 3333 517 3412 sentibus
541 3334 654 3412 fratre
680 3334 851 3413 iohanne
875 3334 923 3412 de
947 3335 1167 3424 Crevecuer‚
1193 3333 1305 3412 fratre
1331 3336 1440 3412 Petro
1467 3350 1705 3439 preceptore,
1738 3351 1775 3410 et

346 3462 456 3542 fratre
477 3467 586 3543 Petro
605 3465 707 3545 socio
729 3466 827 3543 dicte
843 3466 981 3545 domus
996 3466 1043 3543 de
1059 3468 1190 3545 Bosco.

402 3596 496 3672 Item
516 3595 609 3672 dixit
627 3623 696 3700 per
707 3594 964 3701 juramentum
984 3624 1095 3673 suum
1110 3596 1235 3703 quod,
1255 3624 1300 3673 eo
1320 3614 1484 3702 recepto,
1496 3597 1712 3705 juramento
1728 3597 1773 3673 ab

347 3751 393 3803 eo
405 3727 563 3832 prestito
580 3724 627 3801 de
643 3725 788 3801 statutis
802 3742 839 3802 et
853 3725 1005 3802 secretis
1025 3724 1168 3804 ordinis
1181 3726 1439 3817 observandis,
1461 3743 1499 3804 et
1511 3728 1687 3805 mantello
1703 3727 1774 3804 sibi

345 3852 392 3932 ad
412 3856 550 3934 collum
571 3854 710 3960 posito,
734 3854 856 3932 dictus
872 3854 1055 3961 recipiens
1075 3855 1179 3933 duxit
1197 3884 1284 3933 eum
1300 3857 1348 3934 ad
1363 3875 1507 3964 partem
1527 3875 1627 3936 retro
1645 3857 1770 3945 altare,

345 4003 383 4062 et
401 3986 567 4065 ostendit
583 3985 653 4063 sibi
670 3985 872 4093 qnamdam
894 4014 1043 4063 crucem
1066 4004 1279 4092 argenteam
1303 4016 1389 4063 cum
1411 3988 1582 4094 ymagine
1606 3986 1772 4063 crucifixi

343 4117 384 4193 in
409 4144 454 4196 eo
481 4116 637 4223 sculpta,
654 4134 786 4223 petens
811 4117 926 4195 abeo
953 4117 1020 4224 qui
1045 4116 1213 4224 loquitur
1235 4145 1350 4223 quem
1370 4118 1539 4196 crederet
1565 4144 1645 4196 esse
1666 4116 1771 4195 illum

344 4244 452 4355 cujus
475 4277 608 4355 ymago
632 4248 800 4354 predicta
822 4265 899 4326 erat
923 4248 962 4325 in
989 4247 1086 4326 dicta
1112 4278 1240 4337 cruce,
1264 4264 1302 4326 et
1327 4248 1407 4354 ipse
1429 4248 1495 4358 qui
1521 4247 1690 4354 loquitur
1713 4275 1772 4323 re-

343 4377 496 4482 spondit
514 4379 618 4485 quod
639 4378 813 4458 credebat
827 4379 932 4485 quod
950 4397 1044 4457 esset
1059 4379 1215 4459 Domini
1228 4381 1345 4458 Jhesu
1357 4379 1512 4469 Christi3
1530 4379 1576 4457 ad
1593 4378 1698 4483 quod
1711 4406 1771 4454 re-

342 4506 483 4613 cipiens
504 4508 575 4586 sibi
596 4509 688 4587 dixit
715 4509 819 4617 quod
839 4509 937 4587 maie
962 4509 1305 4602 credeba13dicens
1328 4510 1434 4617 quod
1459 4510 1539 4616 ipse
1563 4508 1668 4616 cujus
1694 4526 1772 4586 erat

341 4664 476 4745 ymago
505 4641 674 4744 predicta
696 4640 820 4718 suerat
842 4669 941 4718 unus
961 4639 1076 4720 falsus
1104 4642 1313 4749 propheta;
1340 4640 1549 4747 precipiens
1569 4638 1641 4717 sibi
1666 4638 1771 4747 quod

340 4768 550 4877 abnegaret
572 4797 662 4848 eum
680 4788 751 4864 ter,
776 4789 813 4849 ct
827 4789 887 4849 ter
906 4789 1060 4877 spueret
1073 4800 1185 4880 supra
1203 4798 1354 4850 crucem
1374 4801 1395 4847 e
1412 4770 1626 4880 ymaginem
1641 4769 1770 4875 predi'·
1891 4788 1899 4801 ‘

342 4914 434 4987 ctas,
452 4918 490 4977 et
508 4916 601 4978 tnnc
616 4901 695 5009 ipse
715 4903 780 5008 qui
796 4902 967 5009 loquitur
983 4903 1179 5014 abnegavit
1193 4921 1251 4982 ter
1269 4902 1393 5010 ipsum
1413 4902 1523 5010 cujus
1535 4928 1669 5008 ymago
1681 4928 1769 5007 pre-

427 5058 532 5119 raonis
547 5076 600 5119 nes
615 5077 837 5120 rxxrusas—
846 5078 879 5120 u.
1556 5056 1597 5123 tt
