4236 5948
343 536 416 608 aas
731 508 926 606 procus
952 528 1048 601 ons
1079 526 1379 603 rsnpmsns.

341 673 441 755 dinis
461 673 566 781 quod
587 672 667 778 ipse
688 673 759 749 iret
778 671 825 749 ad
845 669 976 747 fratres
996 697 1099 759 suos,
1124 685 1162 746 et
1181 668 1338 746 haberet
1357 694 1437 743 rem
1459 692 1545 743 cum
1566 667 1621 743 eis
1641 685 1679 744 et
1698 667 1767 773 ipsi

341 833 486 892 secum,
508 832 621 910 quam
639 803 717 908 ipse
733 800 871 877 faceret
890 799 1008 877 aliud.

397 938 491 1012 ltem
506 933 600 1010 dixit
615 961 683 1038 per
693 932 952 1040 juramentum
971 929 1078 1037 quod
1092 930 1144 1017 vi,
1158 930 1216 1006 vel
1230 947 1336 1008 metu
1353 928 1508 1006 carceris
1525 943 1589 1005 aut
1607 944 1770 1005 tormen·

340 1082 483 1152 torum,
506 1091 584 1140 non
605 1063 698 1138 dixit
717 1061 822 1137 aliud
842 1090 957 1167 quam
974 1060 1186 1150 veritatem,
1209 1058 1337 1136 necin
1356 1057 1546 1166 premissis
1563 1057 1770 1136 immiscuit

341 1196 505 1303 aliquam
524 1193 742 1280 salsitatem,
765 1210 830 1269 aut
845 1192 1027 1269 subticuit
1042 1191 1253 1279 veritatem,
1273 1207 1309 1267 et
1323 1187 1428 1296 quod
1436 1217 1569 1294 puram
1577 1189 1768 1267 veritatem

343 1326 436 1403 dixit
451 1352 520 1431 pro
537 1324 656 1402 salute
674 1324 797 1401 anime
817 1352 896 1401 sue.

398 1589 493 1666 ltem
507 1615 624 1676 anno,
640 1586 848 1676 indicione,
867 1585 1108 1691 pontificatu,
1123 1611 1222 1661 anno
1236 1600 1274 1661 et
1288 1583 1349 1659 die
1363 1581 1501 1689 quibus
1513 1609 1643 1687 supra,
1659 1581 1771 1659 frater

344 1720 477 1794 Petrus
495 1717 542 1794 de
552 1717 682 1795 Villari
695 1717 792 1807 Ade,
812 1716 919 1793 etatis
937 1714 1183 1822 quadraginta
1201 1714 1367 1820 quinque
1384 1740 1572 1792 annorum
1581 1711 1640 1788 vel
1655 1712 1767 1801 circa,

343 1865 541 1954 preceptor
561 1847 698 1923 domus
724 1847 770 1922 de
792 1846 966 1924 Oratorio
988 1874 1100 1952 super
1118 1844 1323 1931 timonem,
1347 1843 1481 1920 eodem
1503 1844 1619 1919 modo
1640 1845 1771 1920 consti·

342 1994 462 2067 tutus,
476 1978 626 2085 juratus
645 1994 683 2055 et
700 1978 964 2085 interrogatus,
988 1976 1081 2055 dixit
1099 2005 1168 2083 per
1180 1975 1441 2083 juramentum
1456 2001 1569 2050 suum
1582 1974 1688 2080 quod
1698 1974 1771 2052 tuit

344 2124 516 2214 receptus
530 2108 569 2187 in
583 2108 699 2191 domo
721 2106 1013 2215 deLaignevilla
1033 2108 1071 2183 in
1086 2085 1315 2191 Belvacinio‚
1331 2132 1399 2212 per
1410 2102 1562 2182 fratrenn
1575 2104 1769 2182 Nicolaum

344 2254 606 2344 preceptorem
622 2237 672 2317 de
684 2238 897 2345 Latigniaco
914 2238 1037 2329 Sicco,
1060 2237 1295 2318 demandato
1314 2235 1481 2314 defuncti
1495 2234 1619 2313 fratris
1631 2235 1772 2313 Joben-

344 2368 409 2451 nis
419 2367 468 2448 de
483 2369 631 2458 Turno,
648 2369 746 2449 bene
759 2386 848 2448 sunt
859 2368 988 2474 viginti
1007 2369 1083 2445 duo
1099 2368 1184 2445 anni
1203 2368 1318 2474 elapsi
1332 2367 1390 2445 vel
1406 2367 1518 2456 circa,
1535 2366 1773 2472 presentibus

345 2498 458 2577 fratre
467 2498 638 2605 Johannix
650 2499 700 2578 de
711 2498 937 2606 Laignevilla
950 2498 1178 2605 presbitero,
1196 2515 1233 2574 et
1246 2497 1328 2576 aliis
1341 2497 1431 2574 dicti
1447 2496 1590 2575 ordinis
1604 2497 1668 2603 qui
1684 2516 1772 2574 sunt

346 2628 498 2708 mortui.
815 2723 817 2726 y

403 2760 500 2843 Item
521 2758 615 2836 dixit
633 2788 700 2865 per
715 2759 975 2867 juramentum
995 2787 1107 2837 suum
1125 2760 1247 2868 quod,
1267 2776 1353 2866 post
1367 2759 1773 2866 juramentumpresti-

345 2905 428 2967 tum
443 2906 481 2966 et
489 2890 778 2994 promissionem
790 2889 924 2969 laetam
940 2889 986 2966 ab
998 2918 1043 2968 eo
1057 2889 1109 2971 de
1120 2889 1267 2967 statutis
1277 2889 1478 2968 etsecretis
1494 2888 1640 2966 ordinis
1648 2887 1772 2965 obser·

345 3017 489 3107 vandis‚
512 3020 696 3126 recipiens
721 3022 848 3127 posuit
874 3021 945 3097 sibi
971 3020 1192 3111 mantellum
1220 3019 1267 3098 ad
1287 3019 1447 3109 collum,
1467 3036 1506 3096 et
1528 3016 1771 3097 ostensa-sibi

347 3149 507 3254 quadam
523 3178 632 3229 cruce
644 3150 767 3256 lignea
782 3179 868 3231 cum
881 3149 1002 3258 effigie
1015 3151 1034 3225 J
1038 3151 1131 3228 besu
1147 3150 1305 3239 Christi,
1316 3151 1500 3256 recipiens
1514 3149 1683 3256 precepit
1699 3147 1770 3224 sibi

346 3279 452 3383 quod
466 3278 667 3385 abnegaret
678 3279 789 3359 illum
801 3281 866 3386 qui
879 3309 1010 3386 passus
1020 3278 1141 3362 suerat
1151 3282 1189 3358 in
1201 3310 1261 3371 ea,
1274 3281 1402 3385 etipse
1415 3281 1478 3387 qui
1488 3280 1658 3387 loquitur
1666 3307 1773 3356 recu·

348 3408 439 3484 savit
452 3407 526 3493 hoc
535 3407 656 3490 faeere
666 3425 757 3488 tunc
770 3440 778 3484 ε
790 3425 946 3516 propter
960 3410 1067 3515 quod
1075 3411 1259 3517 recipiens
1269 3410 1357 3488 fecit
1368 3439 1455 3487 eum
1472 3410 1562 3516 poni
1577 3410 1772 3486 incarcere

346 3553 546 3642 pestutum
566 3537 669 3621 illam
690 3537 790 3622 diem
810 3557 848 3616 et
866 3557 1016 3619 noctem
1031 3557 1270 3647 sequentem,
1292 3557 1331 3618 et
1350 3541 1412 3618 die
1433 3540 1592 3618 crastina
1611 3539 1691 3645 ipse
1707 3539 1771 3644 qui

348 3667 517 3773 loquitur
529 3684 710 3753 exunctus
729 3669 777 3746 de
797 3698 961 3759 carcere,
976 3689 1132 3779 propter
1146 3688 1292 3749 metum
1310 3671 1399 3749 dicti
1415 3672 1588 3758 carceris,
1606 3670 1654 3747 de
1670 3697 1774 3745 man·

350 3796 437 3874 dato
457 3796 688 3904 recipientis,
709 3800 905 3907 abnegavit
925 3801 1034 3880 illum
1051 3803 1118 3909 qui
1137 3830 1267 3908 passus
1286 3801 1359 3879 luit
1384 3803 1425 3878 in
1449 3800 1545 3879 dicta
1566 3829 1677 3877 cruce
1697 3818 1772 3888 ten

350 3944 388 4005 et
407 3955 494 4011 cum
515 3928 699 4036 recipiens
718 3931 930 4037 preciperet
945 3931 1018 4011 sibi
1037 3932 1143 4038 quod
1158 3949 1315 4038 spueret.
1329 3959 1441 4038 supra
1461 3959 1611 4007 crucem
1631 3946 1669 4007 et
1682 3929 1776 4006 ima·

349 4056 475 4162 ginem
502 4057 703 4162 predictas,
729 4059 809 4173 ipse
833 4059 939 4139 finxit
965 4090 1005 4138 se
1029 4090 1166 4167 spuere
1193 4090 1302 4167 supra
1327 4088 1476 4138 crucem
1500 4076 1539 4137 et
1562 4059 1773 4166 ymaginem

350 4187 605 4292 predictas„et
620 4190 721 4295 spuit
739 4190 788 4269 ad
806 4208 955 4270 terram.

406 4313 498 4395 Item
505 4317 1774 4428 dixitquodosculatmiuitrecipienteminereetinumbilicosolum.

406 4447 501 4525 ltem
521 4447 614 4529 dixit
636 4477 705 4555 per
717 4448 974 4555 juramentum
997 4478 1111 4532 suum
1140 4451 1246 4557 quod
1267 4450 1539 4530 viditlrntrem
1557 4450 1709 4531 Petrum
1729 4447 1776 4527 ds

351 4573 470 4653 Blesis
497 4576 731 4683 capellanum
756 4579 846 4659 dicti
872 4581 1032 4670 ordinis.
1058 4609 1128 4687 per
1152 4579 1304 4659 fratrem
1324 4580 1536 4659 Iohannem
1547 4579 1607 4663 ‘de
1627 4581 1775 4666 Turno,

354 4721 391 4782 et
401 4703 552 4787 fratrem
568 4707 709 4786 dietum
719 4710 938 4801 Touzsains‚
952 4741 1021 4818 per
1032 4710 1184 4791 fratrem
1198 4711 1442 4818 Radulphum
1457 4711 1505 4789 de
1520 4710 1617 4796 Gisi,
1632 4727 1672 4787 et
1685 4709 1777 4787 alios

354 4835 401 4914 de
412 4863 575 4942 quorum
586 4838 804 4921 nominibus
815 4869 892 4930 non
904 4842 1054 4932 recolit,
1065 4843 1182 4949 recipi
1192 4844 1471 4931 eodemmodo,
1480 4858 1523 4920 ut
1533 4841 1608 4920 sibi
1616 4841 1775 4918 videtur.
