4236 5948
726 523 921 618 procis
947 544 1045 618 nus
1071 542 1370 618 rnuemuus
1686 552 1751 622 161

342 684 450 775 circa,
472 683 695 761 mantellum
711 703 750 761 et
767 683 923 762 barbam
944 685 1147 774 defferens,
1166 714 1253 762 cum
1278 714 1357 793 quo
1377 685 1601 791 inquisitum
1617 686 1753 778 luerat,

342 814 535 894 absolutus
555 831 593 891 et
619 814 879 892 reconciliatus
904 842 972 922 per
990 814 1189 892 dominum
1210 815 1426 922 episcopum
1456 815 1755 905 Rutbenensem,

341 945 444 1023 lectis
470 963 507 1022 et
530 943 731 1051 diligenter
752 946 925 1052 expositis
950 945 1020 1023 sibi
1040 946 1216 1023 omnibus
1242 964 1279 1023 et
1302 944 1459 1055 singulis
1488 943 1670 1039 articulis,
1698 976 1758 1024 re-

341 1074 493 1183 spondit
509 1104 547 1151 se
561 1074 720 1167 nescire,
749 1104 819 1150 nec
840 1077 1009 1165 credere,
1033 1103 1101 1151 nec
1120 1075 1303 1154 audivisse
1334 1075 1407 1151 dici
1434 1075 1481 1152 de
1508 1077 1694 1154 contentis
1719 1078 1757 1152 in

342 1207 393 1283 eis
426 1206 495 1282 nis'i
529 1205 632 1312 quod
665 1206 846 1312 sequitur.
881 1206 983 1284 Dixit
1013 1234 1175 1312 namque
1203 1235 1242 1283 se
1274 1205 1389 1284 luisse
1415 1223 1627 1314 receptum,
1663 1208 1759 1285 circa

343 1338 482 1414 instans
512 1335 648 1412 festum
678 1336 817 1412 Pasche
848 1353 960 1412 erunt
994 1334 1140 1412 circiter
1164 1334 1220 1413 rmi
1249 1337 1353 1427 anni,
1381 1337 1421 1413 iu
1452 1335 1592 1442 capella
1622 1337 1758 1415 domus

344 1466 491 1574 Templi
506 1469 639 1545 Sancte
659 1465 806 1542 Eulalie
825 1465 1078 1542 Ruthenensis
1095 1465 1271 1557 diocesis,
1296 1495 1365 1572 per
1383 1465 1537 1543 fratrem
1556 1468 1756 1574 Hugonem

345 1599 390 1674 de
421 1598 560 1674 Sances
596 1595 755 1671 militem
796 1595 1004 1702 quondam,
1048 1613 1307 1702 preceptorem
1341 1614 1430 1673 tunc
1467 1596 1565 1673 dicte
1602 1597 1755 1686 domus,

344 1726 579 1832 presentibus
594 1724 770 1802 fratribus
794 1724 1017 1830 Raymundo
1038 1726 1235 1832 Peyroneti
1256 1727 1477 1816 camerario,
1498 1727 1690 1805 Bernardo
1711 1727 1757 1804 de

345 1858 478 1935 Sancto
496 1858 662 1948 Verano,
691 1873 729 1932 et
747 1855 918 1933 Deodato
939 1855 1049 1932 Corvi
1072 1854 1337 1948 servientibus,
1366 1856 1582 1945 deffunctis‚
1601 1858 1641 1934 in
1656 1859 1758 1935 hunc

347 1989 503 2065 modum
522 2019 530 2063 :
552 2016 639 2063 nam
658 2016 744 2063 cum
770 1985 1022 2092 requisivisset
1036 1985 1305 2063 fraternitatem
1324 1987 1486 2078 ordinis,
1505 2003 1542 2063 et
1561 1986 1760 2065 obtulisset

345 2147 381 2195 se
404 2117 512 2195 velle.
526 2115 607 2192 lieri
623 2144 770 2193 servum
793 2115 976 2192 esclavum
1001 2115 1188 2222 ejusdem,
1212 2132 1249 2192 et
1277 2115 1555 2193 deliberacione
1574 2116 1700 2193 habita
1726 2117 1759 2193 ei

346 2276 516 2325 concessa
556 2247 702 2333 luisset,
738 2262 777 2322 et
806 2245 854 2320 de
886 2244 1062 2321 mandato
1099 2245 1301 2350 recepturis
1335 2262 1373 2322 et
1411 2244 1571 2322 aliorum
1599 2263 1763 2356 rogasset

345 2380 469 2457 Deum
490 2393 534 2452 ut
548 2376 729 2481 dirigeret
749 2403 855 2462 eum,
874 2373 962 2450 lecit
978 2403 1065 2450 eum
1086 2402 1216 2452 vovere
1238 2389 1276 2452 et
1285 2376 1412 2482 jurare
1430 2404 1545 2481 super
1558 2377 1759 2483 quemdam

346 2510 486 2587 librum
508 2514 733 2594 castitatem,
759 2504 1035 2592 obedienciam,
1060 2522 1099 2581 et
1118 2505 1239 2581 vivere
1258 2506 1338 2582 sine
1361 2505 1531 2611 proprio,
1555 2521 1594 2581 et
1617 2534 1760 2584 servare

346 2640 466 2717 bonos
482 2667 573 2715 usus
595 2655 633 2713 et
652 2638 769 2714 bonas
789 2636 1083 2713 consuetudines
1106 2635 1266 2724 ordinis,
1291 2654 1328 2713 et
1357 2636 1532 2742 imposito
1559 2636 1630 2713 sibi
1658 2664 1763 2713 man-

346 2769 455 2859 tello,
489 2769 527 2844 in
555 2767 710 2844 nomine
740 2767 856 2843 Patris
878 2782 915 2843 et
936 2764 1021 2842 Filii
1047 2753 1090 2842 ¹et
1116 2765 1275 2871 Spiritus
1296 2766 1437 2858 Sancti,
1461 2782 1498 2843 et
1525 2765 1626 2843 dicto
1650 2768 1762 2845 versi-

347 2899 430 2975 culo
466 2899 564 2973 Ecce
599 2923 701 2998 quom
731 2897 872 2982 bouum,
907 2912 945 2971 et
978 2923 1073 3000 aqua
1104 2894 1302 2971 benedicta
1330 2923 1477 3001 aspersa
1507 2923 1622 3000 super
1653 2924 1759 2985 eum,

347 3029 468 3105 dictus
496 3043 668 3132 receptor
700 3043 738 3102 et
769 3042 927 3103 astantes
955 3024 1110 3101 luerunt
1129 3053 1217 3101 eum
1251 3024 1407 3102 osculati
1436 3025 1475 3101 in
1505 3053 1581 3102 ore.
1613 3025 1762 3103 Deinde

348 3158 476 3245 allata,
503 3156 623 3234 nescit
648 3185 714 3262 per
736 3184 867 3262 quem,
891 3155 1053 3261 quadam
1077 3184 1185 3231 cruce
1210 3153 1405 3231 metallina
1427 3154 1466 3230 in
1488 3184 1562 3261 qua
1583 3183 1660 3231 nou
1684 3174 1763 3233 erat

347 3317 481 3398 ymago
510 3285 685 3366 Crucifixi
717 3303 756 3362 et
787 3286 826 3362 in
848 3302 984 3361 terram
1013 3285 1148 3391 posita,
1180 3285 1349 3391 precepit
1381 3285 1415 3362 ei
1445 3285 1566 3362 dictus
1592 3302 1763 3391 receptor

349 3418 452 3526 quod
487 3434 639 3523 spueret
669 3446 783 3522 super
818 3445 922 3504 eam;
953 3432 991 3493 et
1025 3415 1104 3520 ipse
1132 3416 1254 3505 testis,
1285 3414 1445 3492 nimium
1479 3417 1699 3522 perterritus
1726 3433 1763 3493 et

349 3548 593 3656 stupefactus,
620 3548 720 3653 spuit
749 3575 826 3623 non
858 3575 972 3652 super
997 3546 1064 3621 sed
1083 3545 1190 3650 juxta
1215 3574 1314 3635 eam3
1343 3546 1447 3622 etde
1467 3546 1643 3623 mandato
1665 3547 1764 3654 ejus-

351 3683 439 3759 dem
466 3679 686 3786 recepturis,
708 3677 780 3754 luit
808 3707 896 3753 eum
921 3676 1109 3753 osculatus
1140 3705 1254 3783 super
1278 3705 1427 3752 carnem
1459 3678 1600 3755 nudam
1620 3677 1659 3753 in
1679 3705 1765 3753 um-

349 3811 520 3889 bilico-„et
543 3810 582 3885 in
615 3809 742 3885 ancha.
772 3810 860 3885 Post
882 3834 957 3913 que
979 3807 1073 3882 dixit
1090 3807 1123 3884 ei
1152 3807 1254 3883 idem
1283 3824 1455 3913 receptor
1481 3804 1587 3913 quod
1616 3824 1764 3912 poterat

350 3941 432 4017 aliis
458 3937 635 4016 fratribus
661 3939 803 4016 ordinis
833 3937 1027 4013 carnaliter
1055 3937 1289 4014 commisceri
1315 3954 1352 4013 et
1381 3937 1451 4043 ipsi
1479 3966 1565 4013 cum
1593 3964 1659 4025 eo;
1691 3939 1763 4015 hoc

349 4090 475 4148 tamen
495 4098 571 4146 non
594 4069 696 4158 fecit,
722 4097 790 4145 nec
810 4068 930 4145 credit
949 4068 1053 4173 quod
1073 4067 1111 4143 in
1132 4068 1264 4144 ordine
1284 4067 1406 4154 lieren
1428 4066 1496 4143 sed
1513 4065 1632 4143 credit
1659 4064 1762 4171 quod

351 4200 447 4276 dicta
473 4199 600 4275 illicita
626 4198 894 4275 intervenirent
913 4197 1163 4273 communiter
1188 4214 1226 4273 et
1252 4196 1395 4302 ubique
1421 4196 1460 4271 in
1481 4194 1762 4300 recepcionibus

351 4328 510 4405 aliorum
530 4328 687 4406 fratrum
709 4329 850 4406 ordinis
879 4328 937 4404 vel
968 4346 1067 4435 post,
1088 4328 1177 4434 quia
1203 4328 1295 4405 vidit
1320 4359 1388 4436 per
1407 4329 1587 4406 eumdem
1607 4329 1767 4406 modum

350 4459 464 4564 recipi
483 4457 635 4536 fratrem
657 4458 904 4537 Guillelmum
931 4457 1099 4535 Alamani
1126 4458 1173 4534 de
1202 4459 1342 4565 Spelho
1367 4459 1607 4550 servientem,
1639 4459 1768 4536 deten-

349 4604 432 4664 tum
446 4589 486 4663 in
506 4589 739 4680 Ruthicinio,
761 4618 829 4695 per
855 4589 1007 4665 fratrem
1033 4588 1244 4694 Guigonem
1264 4588 1439 4664 Ademari
1462 4587 1624 4665 militem
1644 4616 1769 4693 quon-

352 4716 458 4806 dam,
475 4718 629 4795 indicta
649 4718 805 4825 capella,
825 4718 918 4794 circa
934 4718 1074 4794 instans
1087 4717 1223 4794 festum
1239 4718 1478 4796 Pentecostes
1495 4736 1607 4796 erunt
1625 4719 1770 4795 circiter

352 4846 519 4953 quinque
552 4848 658 4938 anni,
695 4847 932 4954 presentibus
963 4846 1139 4924 iratribus
1180 4846 1353 4954 Guigone
1382 4849 1430 4926 de
1462 4850 1567 4956 Rupe
1604 4848 1771 4928 Talbada

438 4981 542 5045 esocis
565 5004 617 5045 nrs
637 5003 909 5047 reuerteris-u.
1602 5006 1638 5047 ar
