4236 5948
491 529 565 605 ass
870 529 1066 606 rancus
1097 531 1193 604 oss
1222 504 1530 607 esurimus.
1594 604 1596 612 Α

490 675 582 750 bant
597 674 810 780 essumptis
843 674 1089 782 cingebantur
1114 700 1229 779 super
1253 670 1422 752 camisias
1449 701 1536 752 cum
1564 672 1702 781 quibus
1721 673 1912 782 jacebant,

489 832 568 882 non
586 823 712 883 tamen
730 805 870 884 audivit
888 806 991 912 quod
1004 822 1201 911 tangerent
1214 805 1334 912 capita
1349 806 1569 914 ydolorum
1588 832 1657 882 nec
1676 807 1775 884 ultra
1791 835 1913 898 mare,

490 953 560 1015 nec
580 940 686 1025 citra,
708 938 849 1014 audivit
868 937 949 1014 lieri
970 937 1209 1015 mencionem
1231 937 1278 1015 de
1298 937 1481 1044 capitibus
1503 937 1709 1044 dequibus
1731 938 1916 1046 deposue-

440 1073 442 1076 ⁴
490 1084 573 1175 rant
590 1069 766 1176 magister
781 1067 967 1145 Antonius
986 1067 1034 1144 de
1048 1065 1226 1153 Vercellis
1243 1085 1281 1144 et
1297 1067 1411 1146 irater
1426 1067 1535 1175 Hugo
1551 1069 1599 1145 de
1613 1069 1752 1159 Faur03
1772 1069 1917 1148 audivit

407 1196 412 1207 ’
489 1217 615 1275 tamen
629 1197 884 1276 communiter
896 1197 969 1274 dici
986 1196 1085 1274 ultra
1097 1222 1200 1274 mare
1213 1198 1319 1304 quod
1331 1198 1557 1305 antiquitus,
1576 1210 1775 1305 antequam
1791 1217 1918 1277 essent

490 1330 649 1405 instituti
670 1327 823 1405 ordines
840 1326 988 1433 Templi
1009 1345 1047 1405 et
1067 1327 1288 1433 Hospitalis,
1309 1328 1510 1435 apparebat
1530 1328 1724 1405 interdum
1742 1330 1781 1407 in
1801 1331 1913 1421 mari,

489 1461 527 1534 in
546 1459 694 1566 gurgite
711 1474 840 1535 vocato
857 1457 905 1534 de
924 1456 1101 1545 Setelias,
1127 1455 1321 1563 quoddam
1340 1455 1462 1563 capud
1480 1474 1565 1563 post
1584 1456 1692 1565 eujus
1710 1460 1916 1566 apparicio—

488 1616 577 1666 nem
592 1587 901 1694 periclitabantur
918 1615 1029 1664 naves
1049 1588 1088 1663 in
1105 1587 1206 1665 dicto
1222 1587 1372 1695 gurgite·
1388 1587 1599 1667 existentes.
1611 1589 1661 1667 si
1676 1590 1741 1694 qui
1760 1590 1916 1671 revelas

489 1738 572 1797 sent
593 1737 733 1797 secreta
753 1715 1042 1824 capitoliorum,
1069 1716 1228 1826 graviter
1250 1717 1374 1823 puniti
1395 1715 1569 1808 luissent,
1594 1735 1632 1796 et
1657 1717 1854 1797 dicebatur
1875 1722 1915 1797 in

489 1850 622 1927 ordine
643 1849 749 1955 quod
771 1849 913 1955 absque
933 1847 1088 1925 licencia
1113 1874 1195 1924 non
1219 1863 1395 1954 poterant
1416 1846 1498 1924 aliis
1520 1875 1635 1954 quam
1658 1848 1915 1929 sacerdotibus

482 1981 634 2057 ‘ordinis
653 1979 846 2066 confiteri-3
875 1978 983 2084 cujus
1005 1976 1150 2055 ordinis
1167 1975 1344 2054 fratribus
1366 1976 1487 2054 credit
1509 1994 1620 2056 notos
1639 1976 1754 2055 luisse
1769 2004 1916 2057 errores

489 2105 716 2187 consecratos
735 2135 929 2216 pereum,
946 2108 986 2182 in
1002 2133 1164 2214 quorum
1186 2106 1423 2184 eorreceione
1442 2103 1599 2184 luerunt
1613 2105 1863 2214 ngligentes,
1876 2124 1916 2184 et

489 2240 669 2344 quianon
685 2238 1008 2316 denunciaverunt
1022 2234 1198 2313 Ecclesie.
1211 2235 1446 2314 Elemosinas
1459 2251 1498 2312 et
1516 2235 1808 2341 hospitalitatem
1823 2238 1916 2315 vidit

491 2369 757 2446 convenienter
775 2366 857 2443 lieri
884 2382 922 2442 et
949 2364 1083 2442 servari
1110 2364 1150 2442 in
1177 2364 1355 2442 domibus
1383 2364 1530 2443 ordinis
1554 2364 1595 2440 in
1624 2364 1765 2472 quibus
1794 2367 1915 2444 extitit

489 2516 760 2590 commoratus,
776 2515 814 2574 et
829 2493 1073 2574 inhibebatur
1083 2495 1137 2573 eis
1155 2522 1203 2571 ne
1219 2493 1349 2571 illicite
1362 2495 1599 2601 acquirerent
1610 2495 1747 2573 ordini.
1762 2496 1917 2575 Audivit

489 2631 563 2708 dici
588 2631 692 2737 quod
713 2656 845 2708 eorum
866 2625 1040 2734 capitulis
1059 2626 1155 2703 clam
1178 2625 1416 2718 tenebantur,
1442 2624 1557 2704 nullis
1575 2627 1820 2732 presentibus
1842 2628 1914 2706 nisi

489 2757 666 2836 fratribus
692 2757 862 2835 ordinis¹
878 2756 1060 2837 Ordinata
1084 2781 1152 2861 per
1172 2755 1393 2862 Magistrum
1414 2774 1502 2833 cum
1528 2772 1715 2834 conventu
1735 2774 1916 2834 servasset

489 2906 592 2966 totus
606 2888 718 2974 ordo,
743 2903 1002 2992 contraquam
1017 2912 1120 2962 nunc
1135 2883 1290 2993 grandia
1303 2883 1494 2973 scandala,
1521 2884 1683 2991 suspicio
1701 2902 1740 2964 et
1760 2885 1913 2964 infamia

489 3037 577 3096 sunt
594 3036 731 3096 exorta.
755 3020 838 3095 Non
859 3016 1048 3093 obtulerat
1064 3042 1103 3093 se
1122 3014 1171 3092 ad
1188 3013 1462 3092 deffensionem
1478 3013 1632 3093 ordinis.

545 3148 760 3256 Requisitus
773 3148 803 3223 si
816 3147 869 3225 sic
884 3145 1109 3252 deposuerat
1117 3173 1245 3252 prece,
1261 3162 1456 3252 precepto,
1471 3146 1626 3236 timore,
1642 3172 1787 3233 amore,
1804 3146 1912 3234 odio,

489 3277 548 3354 vel
561 3276 758 3383 temporali
777 3275 937 3353 comodo
957 3274 1087 3352 habito
1106 3274 1166 3351 vel
1182 3275 1377 3363 babendo,
1394 3275 1589 3382 respondit
1604 3273 1710 3382 quod
1728 3302 1822 3367 non,
1846 3274 1914 3352 sed

492 3433 559 3512 pro
581 3408 731 3485 veritate
752 3406 929 3494 dicende;
963 3406 1022 3482 cui
1049 3405 1121 3483 fuit
1145 3406 1355 3514 injunctum
1381 3405 1488 3513 qnod
1513 3432 1591 3484 nou
1613 3404 1795 3485 revelaret
1817 3405 1915 3483 banc

492 3561 598 3614 mam
613 3537 913 3642 deposicionem‚
932 3563 1131 3642 quousque
1148 3535 1408 3614 auestaciones
1426 3532 1569 3640 fuerint
1581 3533 1783 3643 publicate.

547 3794 676 3873 Frater
706 3798 838 3874 Petrus
866 3796 1027 3873 Mancini
1057 3796 1235 3886 serviens,
1259 3794 1580 3874 claramontensis
1603 3795 1781 3887 diocesis,
1809 3796 1915 3873 tostis

487 3947 600 4032 ¹supra
621 3928 787 4034 juratus,
815 3924 1159 4032 quinquagenarius
1179 3924 1238 4003 vel
1251 3925 1363 4016 circa,
1385 3925 1451 4032 qui
1464 3924 1675 4003 voluntarie
1688 3923 1915 4002 martellum

491 4056 684 4135 &munst
702 4072 746 4133 et·
760 4055 842 4133 radi
860 4054 1000 4133 lecerat
1018 4055 1088 4133 sibi
1108 4054 1285 4147 barbam,
1311 4082 1399 4132 cum
1426 4080 1503 4160 quo
1525 4052 1750 4161 inquisitum
1772 4052 1913 4142 luent,

486 4187 684 4265 absolutus
697 4203 736 4264 et
749 4186 1011 4265 reconciliatus
1022 4211 1092 4292 per
1106 4185 1306 4263 dominum
1319 4184 1539 4292 episcopum
1553 4183 1912 4277 Claramontensem,

489 4317 594 4395 lectis
607 4333 651 4394 et
670 4317 872 4426 diligenter
898 4316 1074 4423 expositis
1092 4315 1164 4394 sibi
1190 4315 1370 4394 omnibus
1394 4332 1433 4393 et
1461 4314 1620 4421 singulis
1641 4313 1825 4402 retiariis,
1855 4340 1915 4391 re·

488 4448 863 4555 sponditsenesoire‚
884 4473 954 4523 nec
968 4447 1141 4536 credere,
1162 4473 1233 4522 nec
1245 4444 1429 4524 audivisse
1442 4444 1519 4522 dici
1536 4443 1584 4521 de
1600 4443 1786 4522 contentis
1800 4443 1840 4521 in
1860 4444 1914 4520 eis

490 4577 561 4655 nisi
581 4575 686 4684 quod
705 4577 877 4684 sequitur
894 4608 903 4655 ε
919 4576 1093 4654 videlieet
1111 4568 1219 4684 quod
1236 4575 1328 4682 ipse-
1339 4590 1514 4681 receptus
1533 4573 1655 4652 luerat
1673 4573 1773 4650 ultre
1791 4599 1912 4661 mare,

491 4709 530 4782 in
548 4707 710 4812 quadam
730 4734 877 4785 camera
896 4709 1033 4786 domus
1051 4706 1205 4813 Templi
1225 4706 1274 4785 de
1293 4706 1425 4786 Castro
1444 4704 1653 4815 Peregrini,
1673 4730 1742 4812 per
1758 4702 1911 4781 freuem

489 4835 756 4914 Thoobaldum
775 4835 887 4916 Galdi
905 4836 1066 4914 militem
1082 4837 1292 4943 quondum,
1314 4852 1406 4914 tune
1427 4852 1687 4942 preceptorem
1706 4832 1798 4912 dicti
1816 4832 1909 4918 loci.
