4236 5948
350 550 398 619 ss
737 522 936 617 rnocts
963 542 1059 614 ons
1087 538 1386 613 rsnrmnns.

350 687 396 763 de
417 686 614 763 Penrando
645 666 1005 792 visitator'Francie,
1032 680 1230 790 presidens
1251 695 1341 755 tunc
1366 676 1530 784 capitulo
1555 706 1691 772 eorum
1716 708 1782 787 ge·

349 818 466 894 nerali
492 817 671 908 Parisius‚
697 817 838 924 recepit
862 817 902 892 in
927 813 1068 923 capella
1093 811 1226 920 majori
1251 808 1402 916 Templi
1429 809 1554 923 ipsum
1579 825 1717 888 testem
1746 827 1784 887 et

349 950 481 1027 fratres
494 949 706 1027 lohannem
720 951 826 1026 Bratz
843 949 890 1026 de
911 949 982 1023 Fer
998 945 1269 1053 presbiterum,
1289 940 1521 1019 Richardum
1543 940 1644 1018 Scoti
1659 971 1784 1049 quon·

350 1082 452 1169 dam,
472 1078 702 1158 Richardum
722 1078 770 1156 de
791 1079 968 1186 Caprosia
989 1077 1135 1154 dictum
1154 1075 1189 1151 le
1209 1074 1361 1153 Charon
1379 1073 1599 1163 servientes,
1627 1091 1665 1150 et
1684 1074 1782 1154 duos

349 1212 442 1290 alios
461 1213 665 1290 servientes
679 1239 845 1316 quorum
862 1209 1017 1286 nomina
1041 1225 1079 1285 et
1104 1205 1329 1313 cognomina
1354 1204 1520 1314 ignorat,
1542 1204 1783 1310 presentibus

348 1341 526 1418 fratribus
543 1338 747 1446 Radulpho
764 1341 811 1416 de
827 1338 907 1417 Gisi
928 1355 966 1416 et
982 1336 1159 1444 Philippo
1179 1336 1322 1443 Agathe
1339 1352 1431 1413 tunc
1450 1323 1670 1443 preceptore
1690 1338 1784 1415 Nor-

349 1472 516 1560 mannie,
539 1488 577 1549 et
596 1470 795 1579 Reynardo
816 1469 863 1546 de
883 1469 1112 1576 Tremplayo
1133 1453 1361 1574 presbitero,
1387 1467 1548 1545 testibus
1567 1497 1679 1575 supra
1700 1496 1783 1546 exa-

348 1604 515 1692 minatis,
547 1619 690 1678 astante
717 1601 788 1678 alia
813 1600 1061 1679 multitudine
1088 1630 1157 1706 pro
1185 1598 1349 1707 capitulo
1383 1617 1615 1709 congregata.
1648 1598 1681 1677 A
1704 1629 1782 1708 quo

349 1751 544 1840 receptore
560 1762 647 1810 cum
659 1732 859 1843 periissent
873 1732 1055 1810 instanter
1067 1749 1106 1809 et
1117 1731 1260 1840 pluries
1271 1760 1410 1839 panem
1424 1746 1463 1808 et
1474 1760 1610 1838 aquam
1624 1731 1779 1831 ordinis,

349 1884 387 1941 et
407 1866 460 1942 eis
480 1862 738 1971 respondisset
757 1862 862 1971 quod
880 1862 979 1941 bene
1003 1862 1275 1952 deliberarent,
1297 1863 1385 1969 quia
1406 1879 1598 1970 oporteret
1618 1891 1683 1941 eos
1702 1892 1723 1939 a
1742 1892 1781 1942 se

348 1996 520 2073 abdicare
546 1994 739 2103 propriam
764 1994 1000 2072 voluntatem
1030 2011 1068 2071 et
1094 1993 1228 2101 subjici
1254 1992 1393 2083 aliene,
1423 2011 1461 2072 et
1484 1993 1604 2072 multa
1629 1993 1725 2072 dura
1744 2012 1783 2074 et

349 2156 476 2231 aspera
506 2126 713 2214 sustinere,
753 2125 919 2204 finaliter
950 2104 1108 2233 prestito
1142 2154 1211 2233 per
1238 2128 1499 2236 juramentum
1530 2127 1638 2234 quod
1665 2125 1782 2203 nichil

349 2258 532 2335 dederant
550 2258 609 2336 vel
628 2236 880 2366 promiserant
899 2275 942 2335 ut
960 2258 1221 2366 reciperentur
1240 2259 1279 2334 in
1301 2258 1433 2337 ordine
1454 2258 1686 2366 supradict0,
1714 2285 1783 2335 nec

350 2408 455 2481 erant
474 2389 582 2467 alteri
602 2388 777 2499 religioni
799 2389 972 2497 obligati,
995 2419 1065 2468 nec
1085 2390 1276 2468 habebant
1295 2389 1440 2497 aliquid
1458 2389 1780 2497 inpedimentum,

348 2522 436 2598 lecit
464 2550 529 2599 eos
557 2520 690 2599 vovere
717 2523 940 2609 castitatem,
973 2521 1252 2614 obedienciam,
1284 2540 1322 2600 et
1354 2522 1476 2600 vivere
1506 2521 1586 2599 sine
1615 2521 1779 2628 proprio.

348 2653 596 2730 Postmodum
613 2653 795 2760 imposuit
807 2653 860 2730 eis
874 2653 1093 2743 mantellos,
1113 2653 1323 2759 presbitero
1338 2652 1510 2761 predicto
1527 2653 1675 2730 dicente
1691 2651 1783 2758 psal·

348 2813 454 2860 mum
469 2783 633 2862 Ecclesie
644 2785 758 2863 :Ecce
770 2813 872 2888 quam
887 2786 1007 2861 bonnm
1024 2799 1059 2862 et
1071 2784 1382 2891 qnamjocundum,
1397 2800 1434 2861 et
1444 2771 1625 2890 quasdam
1641 2785 1784 2862 oracio·

350 2943 430 3006 nes,
449 2932 487 2992 et
504 2943 636 2992 omnes
648 2913 780 2993 fratres
796 2933 959 2994 astantes
978 2915 1133 2993 luemnt
1148 2944 1212 2993 eos
1223 2915 1385 2993 'osculati
1400 2916 1440 2991 in
1461 2944 1539 2994 ore.
1561 2917 1650 3009 Quo
1666 2915 1780 3003 lacto,

348 3043 418 3120 luit
438 3044 580 3122 dictum
601 3075 669 3153 per
688 3046 895 3152 quemdam
917 3074 961 3121 ex
977 3045 1156 3123 fratribus
1176 3044 1399 3133 astantibus,
1421 3042 1546 3124 nescit'
1559 3075 1628 3152 per
1647 3075 1780 3152 quem,

348 3180 531 3284 receptori
559 3177 664 3283 quod
688 3178 767 3283 ipse
798 3176 1004 3261 obmiserat
1037 3207 1101 3257 eos
1134 3179 1353 3256 conculcare
1394 3208 1544 3257 crucem
1575 3177 1713 3270 facere,
1745 3198 1783 3256 et

298 3308 300 3314 ’
349 3307 453 3412 quod
483 3325 744 3415 apportaretur
771 3339 860 3386 crux
885 3327 927 3386 ut
954 3311 1218 3389 conculcarent
1248 3341 1348 3406 eam;
1383 3329 1534 3390 etcum
1565 3313 1645 3419 ipse
1677 3313 1782 3391 testis

350 3437 475 3514 etalii
502 3438 644 3546 recepti
674 3439 747 3518 hoc
772 3440 1017 3534 audivissent,
1048 3428 1205 3520 fuerunt
1233 3444 1477 3521 vehementer
1500 3443 1713 3551 stupefacti,
1745 3460 1782 3523 et

349 3568 543 3673 potissime
564 3570 643 3676 ipse
663 3572 785 3660 testis,
807 3589 851 3648 ut
873 3573 976 3648 dixit.
1003 3576 1088 3668 Quo
1109 3576 1208 3667 viso,
1231 3575 1355 3653 dictus
1373 3593 1546 3682 receptor
1566 3575 1660 3651 dixit
1679 3576 1781 3682 quod

349 3699 428 3805 ipse
460 3717 538 3778 erat
569 3702 658 3781 alibi
693 3702 946 3811 profecturus,
983 3721 1021 3783 et
1052 3707 1157 3814 quod
1190 3705 1428 3818 dimitterent
1458 3707 1579 3785 dictos
1611 3725 1781 3815 receptos

350 3849 466 3924 stare,
489 3833 578 3939 quia
597 3833 687 3912 alias
707 3835 986 3913 instruerentur
1008 3837 1055 3914 de
1075 3838 1224 3944 punctis
1237 3835 1405 3947 [ordinis3
1423 3855 1461 3915 et
1481 3839 1533 3915 sic
1550 3837 1655 3916 nulla
1671 3867 1780 3916 cruce

343 3961 473 4052 allata,
506 3991 576 4040 nec
600 3966 648 4041 de
681 3956 809 4073 aliquo
838 3965 911 4043 alio
940 3968 1071 4045 illicito
1098 3985 1275 4047 contento
1302 3970 1341 4046 in
1363 3969 1470 4048 dictis
1495 3969 1662 4048 articulis
1688 3969 1781 4048 facta

349 4111 438 4171 tunc
464 4095 663 4173 mencione
689 4097 759 4203 ipsi
784 4099 871 4176 testi
897 4099 956 4176 vel
977 4099 1075 4190 aliis,
1106 4118 1353 4179 recesserunt.
1381 4102 1458 4180 Sed
1478 4103 1634 4210 quidam
1654 4101 1779 4192 frater,

349 4225 456 4332 cujus
476 4254 617 4304 nomen
639 4246 678 4306 et
698 4258 910 4338 cognomen
936 4232 1098 4342 ignorat,
1123 4232 1218 4311 dixit
1237 4235 1358 4342 quod,
1384 4234 1596 4312 secundum
1623 4262 1780 4311 consue·

348 4358 522 4435 tudinem
550 4360 712 4449 ordinis,
745 4360 935 4440 debebant
964 4365 1148 4473 abnegare
1173 4367 1316 4459 Deum,
1346 4385 1390 4445 ut
1415 4366 1487 4444 sibi
1516 4366 1685 4455 videtum
1714 4364 1781 4445 sed

349 4490 610 4594 postmodum,
635 4493 681 4570 de
708 4494 817 4572 dictis
845 4495 985 4573 illicitis
1011 4496 1070 4573 vel
1099 4496 1181 4575 aliis
1201 4499 1304 4577 nulla
1323 4498 1398 4576 fuit
1423 4498 1518 4575 facta
1541 4499 1690 4576 mencio
1710 4499 1781 4605 ipsi

349 4621 446 4705 testi,
460 4649 529 4697 nec
539 4623 608 4700 scit
619 4652 689 4701 nec
699 4627 841 4704 audivit
852 4628 959 4735 quod
968 4628 1083 4706 fuerit
1093 4628 1186 4706 lacta
1198 4630 1347 4708 mencio
1362 4630 1444 4707 aliis
1456 4659 1542 4708 cum
1553 4659 1600 4709 eo
1609 4631 1779 4738 receptis.

349 4751 565 4856 Requisitus
585 4754 614 4829 si
638 4756 722 4843 scit,
742 4759 801 4834 vel
817 4760 956 4848 credit,
977 4760 1036 4836 vel
1052 4761 1194 4838 audivit
1210 4760 1281 4838 dici
1302 4763 1409 4869 quod
1428 4762 1552 4870 aliqua
1571 4761 1702 4840 illicita
1722 4761 1780 4839 in·

347 4882 577 4961 terrenirent
591 4882 630 4960 in
640 4889 928 4993 recepcionibus
939 4889 1101 4968 aliorum
1110 4890 1269 4969 fratrum
1280 4892 1336 4970 vel
1350 4909 1451 5000 post,
1464 4894 1663 5000 respondit
1673 4893 1779 5000 quod
