4236 5948
350 573 394 642 ιο
741 544 937 639 reeens
963 562 1058 637 uns
1084 560 1383 634 rennuens.

347 730 463 805 retur,
483 709 552 789 sed
567 738 635 818 per
647 708 795 816 aliquos
815 710 855 786 in
876 706 1069 815 aliquibus
1085 706 1192 783 locis.
1210 706 1305 783 Item
1326 701 1439 792 dixit,
1456 702 1562 809 quod
1579 703 1660 808 ipse
1680 702 1780 780 bene

347 842 527 922 credebat
555 841 816 921 ecclesiasticis
844 838 1104 929 sacramentis,
1131 856 1170 914 et
1192 837 1313 914 credit
1336 834 1445 942 quod
1472 833 1535 910 alii
1561 835 1693 912 fratres
1719 864 1781 913 or-

348 975 447 1053 dinis
461 974 560 1052 bene
581 973 795 1060 crederent,
813 989 851 1050 et
870 971 978 1079 quod
994 998 1130 1048 eorum
1149 967 1363 1046 sacerdotes
1383 967 1512 1045 debite
1530 967 1778 1045 celebrarent.

347 1107 448 1187 Laici
471 1122 645 1184 tenentes
667 1103 832 1212 capitula
850 1104 892 1180 in
915 1131 1051 1181 eorum
1075 1101 1347 1178 terminacione
1374 1098 1552 1177 dicebant
1573 1099 1614 1176 in
1642 1099 1780 1177 effectu

347 1238 435 1316 talia
465 1238 606 1315 verba:
635 1238 692 1316 De
720 1236 794 1314 hiis
822 1264 896 1342 que
926 1233 1138 1313 obmittetis
1168 1232 1310 1321 dicere,
1337 1248 1492 1339 propter
1511 1231 1779 1310 verecundiam

348 1371 469 1448 carnis
496 1369 555 1447 vel
577 1385 732 1477 propter
756 1368 937 1445 timorem
968 1364 1167 1472 discipline
1195 1364 1358 1453 ordinis,
1390 1391 1461 1440 nos
1484 1362 1643 1442 facimus
1673 1363 1782 1442 vobis

347 1499 461 1585 telum
488 1501 772 1610 indulgenciam
790 1499 944 1606 qualem
966 1525 1185 1605 possumus,
1213 1496 1280 1573 sed
1303 1494 1517 1602 loquamini
1544 1495 1591 1573 de
1613 1496 1688 1573 hoc
1708 1495 1782 1573 lra-

346 1631 469 1711 tribus
483 1631 753 1712 sacerdotibus.
776 1630 993 1737 Requisitus
1011 1630 1041 1706 si
1062 1657 1129 1735 per
1145 1628 1245 1705 dicta
1265 1627 1377 1705 verba
1397 1625 1541 1734 prelata
1561 1626 1677 1733 aliqui
1701 1654 1782 1704 cre-

348 1763 490 1844 d'ebant
513 1765 594 1842 esse
617 1762 781 1842 absoluti
796 1792 820 1839 a
835 1762 997 1869 peccatis
1012 1760 1224 1840 venialibus
1242 1759 1301 1861 vel
1319 1759 1561 1852 mortalibus,
1584 1760 1781 1868 respondit

347 1898 452 2006 quod
465 1898 545 2005 ipse
561 1926 640 1977 non
656 1897 791 1987 credit,
810 1924 884 1975 nec
897 1896 1018 1975 credit
1029 1897 1136 2004 quod
1152 1895 1215 1973 alii
1234 1896 1451 1989 crederent,
1465 1896 1533 1973 sed
1552 1924 1597 1972 ex
1615 1896 1780 2003 quadarn

347 2029 624 2110 consuetudine
638 2029 816 2108 dicebant
825 2030 995 2136 predicta
1005 2029 1128 2108 verbe.
1140 2029 1358 2136 Requisitus
1369 2028 1400 2106 si
1415 2028 1455 2104 in
1470 2027 1646 2136 capitulis
1660 2028 1782 2105 mani-

346 2162 531 2243 festabant
544 2179 699 2270 peccata
715 2190 850 2241 eorum
870 2162 1048 2252 carnalia,
1071 2162 1271 2270 respondit
1290 2161 1396 2269 quod
1416 2162 1490 2238 hoc
1511 2188 1709 2268 nunquam
1731 2160 1783 2236 vi-

348 2293 456 2372 derat
484 2322 555 2371 nec
578 2295 772 2372 audiverat
800 2292 897 2372 [ieri.
926 2295 1044 2385 Item,
1072 2293 1165 2373 dixit
1188 2293 1295 2401 quod
1319 2321 1364 2370 ex
1382 2292 1587 2400 privilegiis
1610 2291 1778 2382 ordinis,

347 2424 473 2506 statim
494 2454 566 2533 pro
576 2426 758 2534 professis
781 2427 1032 2518 habebantur,
1058 2446 1103 2506 ut
1125 2443 1279 2535 possent
1298 2426 1403 2504 micti
1428 2424 1528 2503 ultra
1555 2453 1659 2502 mare
1685 2452 1782 2531 quo-

347 2584 510 2664 cumque
529 2557 793 2667 injungeretur
814 2558 881 2636 eis.
905 2559 1111 2638 Dicebatur
1131 2559 1185 2637 eis
1200 2557 1308 2666 quod
1327 2559 1470 2664 absque
1495 2556 1650 2633 licencia
1670 2584 1783 2662 supe·

346 2688 492 2767 riorum
514 2717 592 2768 non
613 2688 788 2797 poterant
808 2691 907 2788 exire
930 2691 1118 2770 ordinem.
1139 2690 1319 2768 Gordulis
1333 2689 1535 2797 assumptis
1555 2687 1661 2764 unde
1681 2687 1782 2766 vole-
1828 2690 1834 2705 '

345 2818 438 2898 bant
458 2820 706 2930 cingebantur
725 2851 840 2928 super
858 2823 1029 2900 camisias
1049 2852 1137 2901 curn
1160 2822 1302 2930 quibus
1318 2823 1514 2929 jacebant,
1538 2849 1607 2896 nec
1625 2821 1695 2896 sclt
1711 2846 1783 2896 nec

346 2953 467 3032 credit
492 2954 598 3062 quod
624 2971 826 3060 tangerent
855 2955 975 3062 capita
1003 2952 1224 3062 ydolorum,
1258 2982 1329 3032 nec
1357 2953 1465 3061 quod
1493 2953 1679 3030 haberent
1711 2978 1783 3029 nec

345 3085 547 3164 adorarent
564 3084 687 3192 ydola.
707 3084 1034 3178 Quirevelassent
1053 3102 1193 3164 secreta
1215 3084 1470 3193 capitulorum
1496 3085 1556 3162 vel
1576 3113 1620 3162 ea
1639 3112 1715 3192 que
1740 3085 1781 3162 in

265 3241 268 3247 ·
345 3215 435 3321 ipsis
458 3214 631 3323 capitulis
650 3214 857 3323 agebantur
877 3218 973 3293 circa
997 3217 1239 3323 recepciones
1257 3217 1315 3295 vel
1340 3216 1428 3307 alia,
1457 3217 1576 3293 eciam
1602 3215 1782 3294 fratribus

254 3371 266 3389 ·
345 3347 412 3453 qui
439 3375 519 3425 non
542 3346 758 3438 adfuerant,
785 3346 944 3426 fuissent
967 3348 1185 3426 incarcerati
1211 3366 1250 3429 et
1270 3350 1408 3458 puniti.
1440 3347 1593 3456 Absque
1625 3348 1782 3426 licencia

346 3506 424 3557 non
442 3496 617 3586 poterant
636 3479 714 3558 nisi
728 3480 989 3558 sacerdotibus
1010 3480 1154 3558 ordinis
1172 3482 1356 3559 confiteri.
1379 3485 1528 3559 Fratres
1543 3482 1703 3560 scientes
1721 3511 1782 3558 er-

346 3638 450 3691 rores
462 3610 619 3690 luerunt
633 3611 877 3721 negligentes,
900 3613 989 3720 quia
1007 3641 1085 3690 non
1099 3630 1343 3692 correxerunt
1358 3642 1422 3691 eos
1440 3642 1512 3691 nec
1531 3613 1783 3692 denunciave-

347 3759 436 3820 runt
453 3742 630 3821 Eoclesie.
650 3744 922 3853 Injungebatur
943 3745 983 3820 in
1002 3745 1137 3822 ordine
1153 3747 1260 3852 quod
1278 3746 1505 3823 elemosinas
1526 3763 1564 3824 et
1584 3746 1782 3852 hospitali-

346 3888 463 3953 tatem
483 3874 610 3953 debite
632 3877 895 3963 observarent,
919 3893 957 3953 et
976 3904 1038 3955 eas
1058 3877 1153 3954 vidit
1173 3879 1443 3956 convenienter
1462 3879 1502 3953 in
1524 3878 1624 3955 dicto
1644 3877 1782 3955 ordine

347 4005 429 4081 sieri
451 4023 489 4082 et
507 4007 660 4096 servari;
682 4024 721 4086 et
735 4008 980 4086 inhibebatur
999 4009 1104 4116 quod
1129 4010 1266 4118 injuste
1288 4038 1364 4089 non
1385 4011 1624 4118 acquirerent
1639 4009 1777 4087 ordini.

345 4136 476 4215 Januis
491 4136 646 4228 clausis,
664 4139 782 4218 nullis
796 4140 1038 4247 presentibus
1052 4141 1125 4219 nisi
1140 4141 1320 4220 fratribus
1339 4143 1502 4234 ordinis,
1525 4171 1659 4240 eorum
1682 4143 1783 4248 capi·

347 4268 439 4347 tulia
465 4269 705 4362 tenebantur.
732 4273 846 4367 Quod
868 4301 1028 4382 magnus
1057 4275 1234 4383 Magister
1259 4303 1345 4352 cum
1374 4293 1562 4352 conventu
1591 4272 1782 4351 statuisset

347 4420 528 4480 servasset
549 4419 655 4483 totus
675 4405 790 4494 ordo,
816 4422 944 4483 contra
966 4433 1082 4515 quem
1103 4435 1207 4484 nunc
1224 4407 1382 4515 grandia
1401 4405 1593 4503 scandala,
1616 4405 1780 4513 suspicio

348 4549 385 4609 et
397 4532 549 4614 infamia
568 4552 657 4612 sunt
678 4553 816 4614 exorta.
839 4535 1058 4615 Confessata
1077 4567 1146 4645 per
1166 4566 1254 4617 eum
1280 4539 1401 4616 credit
1420 4538 1525 4646 quod
1547 4553 1673 4614 essent
1690 4553 1781 4614 nota

348 4663 478 4742 multis
492 4694 535 4742 ex
547 4663 725 4745 fratribus
739 4668 902 4761 ordinis,
924 4670 972 4747 ad
988 4670 1096 4778 cujus
1112 4699 1151 4748 se
1165 4671 1443 4750 deffensionem
1457 4698 1534 4747 non
1547 4668 1749 4747 obtulerat.

404 4795 621 4904 Requisitus
634 4798 665 4876 si
680 4798 734 4876 sic
749 4799 974 4907 deposuerat
989 4830 1115 4909 prece,
1138 4820 1334 4910 precepto,
1354 4803 1507 4892 timore,
1526 4827 1671 4887 amore,
1690 4798 1781 4877 odio

346 4925 404 5004 vel
424 4931 589 5009 comodo
604 4931 803 5039 temporali
823 4933 952 5012 habito
968 4934 1027 5013 vel
1043 4933 1240 5023 habendo,
1262 4935 1459 5043 respondit
1477 4932 1583 5041 quod
1599 4960 1694 5025 non,
1712 4930 1780 5010 sed
