4236 5948
666 512 864 605 raocns
889 530 984 602 ons
1009 531 1307 606 ramnum.
1624 538 1697 610 aar

279 702 368 752 eum
385 673 423 749 iu
445 670 520 749 fine
536 672 642 779 spine
662 671 781 762 dorsi;
804 671 962 749 sednon
977 672 1094 749 voluit
1107 672 1243 763 facere,
1265 691 1301 750 et
1317 692 1442 750 tamen
1460 693 1543 778 post
1558 677 1699 752 oscula-

277 821 341 882 tus
360 802 434 880 luit
451 830 539 879 eum
554 801 591 877 in
603 801 784 880 umbilico
798 820 836 879 et
850 802 979 879 inore.
1000 802 1101 879 Dixit
1115 803 1231 878 eciam
1247 831 1315 908 per
1321 804 1577 909 juramentum
1591 835 1698 884 suum

280 933 387 1041 quod
411 932 534 1009 dictus
559 932 743 1039 recipiens
771 933 863 1010 dixit
888 931 961 1008 sibi
990 933 1093 1040 quod
1122 933 1207 1011 lecti
1237 931 1392 1009 fratrum
1420 934 1607 1014 debebant
1622 964 1700 1014 esse
1778 955 1780 957 ’

279 1091 513 1143 communes.
536 1065 787 1169 Interrogatus
806 1079 934 1140 utrum
948 1063 1000 1149 vi,
1021 1062 1079 1138 vel
1095 1080 1199 1139 metu
1212 1080 1489 1141 tormentorum
1505 1084 1568 1142 aut
1583 1053 1702 1145 carce-

279 1197 347 1282 ris,
363 1195 403 1270 in
416 1223 482 1271 sua
501 1193 742 1299 deposicione
759 1192 1006 1271 immiscuerit
1025 1192 1239 1283 salsitatem,
1254 1211 1317 1270 aut
1332 1194 1553 1273 subticuerit
1569 1198 1702 1275 verita-

282 1343 377 1415 tem,
396 1325 488 1402 dixit
508 1354 575 1432 per
589 1325 849 1433 juramentum
876 1352 987 1400 suum
1008 1323 1112 1429 quod
1133 1352 1225 1416 non;
1254 1326 1372 1402 immo
1395 1355 1526 1433 puram
1551 1327 1643 1405 dixit
1664 1349 1701 1405 et

279 1455 491 1563 recognovit
504 1455 710 1532 veritatem.

337 1719 428 1794 Item
449 1714 560 1794 srater
578 1713 780 1795 Gaufridus
796 1713 843 1791 de
865 1716 894 1790 F
896 1742 957 1791 era
973 1714 1013 1789 in
1032 1713 1250 1819 Campania,
1282 1715 1389 1791 etatis
1407 1743 1477 1793 xxx
1499 1745 1698 1808 annornm,

280 1846 416 1926 eodem
431 1847 548 1924 modo
563 1846 802 1935 constitutus,
817 1843 964 1950 juratus
985 1862 1022 1920 et
1041 1843 1305 1951 interrogatus,
1327 1845 1419 1922 dixit
1434 1875 1501 1951 per
1509 1848 1702 1954 juramen-

278 1994 360 2055 tum
376 2005 488 2054 suum
500 1976 605 2083 quod
615 1974 687 2052 luit
698 1990 870 2079 receptus
885 1973 923 2049 in
932 1974 1045 2051 domo
1059 1973 1105 2051 de
1116 1975 1292 2063 Pruvino,
1304 1992 1390 2053 octo
1403 1977 1461 2053 vel
1471 2006 1604 2055 novem
1615 1984 1700 2056 anni

279 2124 368 2186 sunt
388 2105 522 2212 elapsi,
539 2134 607 2211 per
625 2105 778 2183 fratrem
796 2103 1038 2210 Radulphum
1063 2104 1110 2182 de
1135 2103 1214 2183 Gisi
1233 2123 1467 2213 receptorem
1484 2108 1699 2214 Campanie,

279 2236 514 2344 presentibus
533 2235 708 2314 fratribus
725 2234 908 2312 Herberto
924 2235 972 2312 de
987 2235 1288 2312 Froumentieres
1304 2253 1340 2312 et
1356 2238 1517 2315 Henrico
1538 2238 1703 2315 Flamain

280 2385 496 2475 preceptore
527 2366 625 2443 dicte
652 2367 804 2452 domus,
830 2383 867 2441 et
889 2364 1115 2472 quibusdam
1142 2364 1223 2442 aliis
1240 2364 1287 2442 de
1309 2394 1471 2472 quorum
1487 2368 1702 2446 nominibus

279 2525 355 2575 non
368 2497 513 2574 recolit.

335 2628 436 2706 Dixit
451 2626 568 2704 eciam
582 2654 650 2731 per
663 2625 917 2734 juramentum
934 2653 1043 2701 suum
1057 2625 1175 2731 quod,
1195 2644 1279 2731 post
1291 2626 1427 2703 multas
1438 2628 1702 2732 promissiones

280 2757 326 2836 ab
347 2787 392 2834 eo
418 2757 530 2835 factas
553 2757 599 2833 de
620 2757 763 2835 statutis
784 2774 821 2833 et
839 2754 1087 2833 observanciis
1111 2755 1199 2832 dicti
1225 2755 1367 2832 ordinis
1387 2756 1640 2846 observandis,
1668 2776 1704 2834 et

279 2886 454 2965 mantello
470 2886 541 2964 sibi
557 2886 604 2963 ad
620 2885 761 2963 collum
775 2885 918 2992 posito,
939 2884 1059 2960 dictim
1073 2882 1184 2961 srater
1196 2882 1415 2988 Radulphus
1428 2885 1536 2960 traxit
1555 2915 1641 2963 eum
1657 2888 1703 2964 ad

279 3034 437 3125 partem,
461 3034 497 3093 et
513 3014 602 3094 lecit
619 3044 659 3093 se
675 3014 832 3092 osculari
848 3014 895 3090 ab
911 3041 956 3090 eo
977 3013 1016 3089 iu
1030 3012 1226 3100 umbilico,
1249 3030 1285 3087 et
1305 3012 1467 3089 ostendit
1484 3014 1556 3090 sibi
1574 3043 1704 3122 quam-

280 3146 365 3226 dam
388 3176 535 3224 crucem
556 3147 603 3224 de
621 3146 740 3253 lign0‚
764 3162 801 3223 et
821 3143 950 3251 petivit
978 3142 1023 3220 ab
1052 3171 1097 3219 eo
1116 3160 1243 3219 utrum
1268 3142 1437 3220 crederet
1461 3144 1498 3219 in
1524 3173 1608 3220 eum
1637 3147 1703 3251 qui

279 3305 407 3383 passus
419 3276 537 3354 suerat
549 3277 587 3352 in
598 3305 723 3366 cruce;
740 3293 777 3352 et
792 3272 1073 3381 ipserespondit
1085 3273 1190 3378 quod
1203 3271 1300 3349 bene
1311 3272 1487 3351 credebat
1501 3273 1539 3348 in
1549 3274 1704 3351 lhesum

280 3407 485 3496 Christum,
502 3405 623 3484 filium
639 3406 801 3514 Virginis
820 3404 953 3492 Marie,
976 3422 1014 3480 et
1031 3420 1121 3482 tunc
1134 3402 1300 3510 precepit
1320 3402 1391 3479 sibi
1409 3402 1516 3510 'quod
1536 3432 1624 3481 eum
1639 3405 1704 3481 ab·

279 3557 444 3644 negaret,
467 3536 535 3613 sed
550 3539 628 3642 ipse
648 3565 724 3613 non
741 3535 861 3613 voluit
880 3535 1073 3641 abnegare.
1095 3535 1142 3611 Et
1166 3551 1295 3639 postea
1317 3534 1484 3640 precepit
1508 3534 1579 3611 sibi
1602 3535 1705 3641 quod
1767 3589 1770 3595 -

280 3686 429 3774 spueret
448 3695 557 3771 supra
577 3694 745 3755 crucem,
760 3665 827 3742 sed
846 3692 921 3741 non
940 3664 1058 3741 voluit
1077 3692 1226 3768 spuere,
1248 3664 1363 3740 immo
1385 3666 1484 3770 spuit
1503 3665 1550 3742 ad
1568 3684 1704 3743 terram

276 3799 379 3905 juxta
399 3822 559 3871 crucem.
585 3793 686 3872 Dixit
711 3793 826 3870 eciam
851 3821 919 3899 per
939 3794 1195 3901 juramentum
1216 3820 1325 3868 suum
1345 3793 1447 3899 quod
1474 3793 1594 3871 dictus
1613 3799 1704 3873 reci-

279 3927 385 4031 piens
401 3926 493 4003 dixit
511 3924 581 4002 sibi
594 3924 698 4030 quod
714 3923 798 4001 lecti
816 3920 971 3999 fratrum
990 3921 1176 3999 debebant
1196 3950 1275 3999 esse
1291 3950 1522 3999 communes.
1544 3925 1705 4001 Interro-

279 4075 384 4163 gatus
403 4074 530 4134 utrum
549 4055 602 4144 vi,
625 4054 682 4131 vel
701 4070 806 4132 metu
824 4069 1096 4133 tormentorum
1118 4051 1174 4127 vel
1192 4051 1362 4139 carceris,
1390 4051 1551 4158 aliquam
1573 4052 1705 4129 dixerit

280 4187 319 4262 in
336 4215 401 4263 sua
417 4185 655 4292 deposicione
670 4182 885 4273 salsitatem,
900 4200 963 4259 aut
976 4181 1194 4259 subticuerit
1207 4180 1415 4270 veritatem,
1428 4181 1521 4258 dixit
1531 4209 1599 4287 per
1602 4181 1705 4289 jura-

280 4335 449 4396 mentum
462 4345 575 4394 suum
591 4316 696 4422 quod
718 4343 812 4406 non3
833 4314 952 4392 immo
974 4341 1105 4420 puram
1125 4310 1317 4390 veritatem
1339 4312 1479 4391 dixerat
1494 4340 1562 4419 pro
1586 4311 1702 4389 salute

280 4475 402 4524 anime
423 4475 501 4523 sue.

337 4709 431 4785 ltem
452 4707 564 4785 frater
585 4707 718 4816 Helyas
739 4707 787 4784 de
806 4709 933 4799 locro,
956 4707 1062 4784 etatis
1082 4733 1141 4784 xrx
1161 4734 1344 4783 annorum
1360 4705 1416 4783 vel
1432 4705 1545 4798 circa,
1569 4706 1703 4784 eodem

285 4839 400 4916 modo
434 4838 672 4928 constitutus,
697 4837 846 4945 juratus
873 4856 916 4920 ,et
944 4837 1209 4944 interrogatus,
1243 4836 1336 4915 dixit
1360 4866 1428 4942 per
1446 4837 1702 4945 juramentum
