4236 5948
729 533 924 627 raucus
950 553 1046 625 nus
1072 552 1372 627 rennuens
1690 557 1764 631 sss

342 700 601 780 eximerere,
621 707 658 766 et
671 718 750 770 non
765 692 896 781 corde,
918 710 962 770 ut
980 693 1087 787 dicit,
1111 710 1148 770 et
1167 694 1269 800 spuit
1284 712 1344 773 ter
1357 695 1407 772 ad
1425 711 1582 781 terram,
1602 693 1671 772 sod
1691 725 1766 774 non

340 847 468 931 supra,
490 824 579 930 quia
595 822 669 900 hoc
683 821 842 901 faciebat
859 824 967 901 valde
983 825 1139 914 invitus,
1158 843 1202 902 ut
1221 826 1323 904 dicit.

397 957 488 1032 ltem
512 953 720 1061 dicitquod
739 953 858 1031 credit
875 956 983 1062 quod
1002 956 1065 1033 alii
1085 954 1216 1035 fratres
1237 956 1327 1034 dicti
1347 956 1492 1036 ordinis
1512 958 1627 1035 modo
1654 958 1766 1035 simili

341 1084 584 1191 recipiuntur.
1534 1104 1537 1108 ·

396 1217 491 1292 Item
510 1214 603 1292 dixit
620 1244 688 1322 per
697 1216 954 1324 juramentum
975 1245 1087 1294 suum
1099 1218 1205 1323 quod
1221 1220 1274 1307 vi,
1286 1218 1346 1294 vel
1362 1235 1466 1296 metu
1485 1236 1766 1298 tormentorum

342 1344 400 1423 vel
417 1345 506 1421 alias
527 1372 604 1422 non
620 1345 713 1422 dixit
732 1345 834 1422 aliud
846 1375 961 1454 quam
981 1347 1192 1436 veritatem,
1214 1378 1283 1425 nec
1305 1349 1343 1424 in
1359 1348 1549 1454 premissis
1564 1349 1769 1427 immiscuit

342 1476 505 1584 aliquam
525 1474 745 1566 falsitatem,
767 1495 805 1554 et
824 1480 931 1584 quod
950 1508 1084 1586 puram
1101 1479 1295 1557 veritatem
1314 1480 1407 1557 dixit
1420 1509 1488 1586 pro
1509 1480 1628 1559 salute
1644 1481 1768 1557 anime

343 1634 421 1684 sue.

399 1872 492 1946 ltem
519 1868 633 1946 frater
659 1869 888 1978 Reginaldus
914 1887 1110 1976 preceptor
1131 1870 1269 1948 domus
1294 1871 1444 1976 Templi
1469 1869 1767 1958 Aurelianensis,

345 2001 450 2077 etatis
468 2001 621 2108 triginta
639 2030 702 2078 sex
724 2028 912 2079 annorum
933 2000 991 2077 vel
1010 2000 1124 2088 circa,
1154 2001 1290 2079 eodem
1311 2003 1426 2079 modo
1449 2003 1691 2091 constitutus,
1710 2004 1770 2108 ju-

343 2148 444 2208 ratus
476 2148 513 2207 et
541 2131 760 2238 requisitus,
788 2132 880 2208 dixit
909 2160 978 2239 per
999 2131 1260 2238 juramentum
1284 2162 1396 2210 suum
1426 2132 1531 2239 quod
1557 2131 1655 2210 bene
1683 2151 1771 2213 sunt

344 2262 561 2370 quindecim
593 2265 679 2340 anni
699 2240 825 2369 ⁸elapsi
854 2263 912 2340 vel
943 2263 1038 2339 cirea
1063 2264 1166 2370 quod
1196 2264 1277 2370 ipse
1301 2262 1373 2342 fuit
1396 2281 1570 2370 receptus
1590 2264 1628 2340 in
1655 2265 1770 2342 domo

344 2392 491 2498 Templi
513 2394 561 2470 de
581 2393 767 2483 Provino,
793 2392 832 2468 in
853 2392 1016 2497 quadam
1043 2392 1185 2499 capella
1210 2393 1300 2470 dicti
1325 2393 1414 2484 loci,
1435 2394 1530 2469 circa
1548 2393 1768 2480 meridiem,

344 2550 411 2630 per
436 2521 588 2601 fratrem
622 2522 883 2602 Godefredum
914 2539 1106 2600 tenentem
1136 2523 1265 2600 locum
1292 2523 1521 2629 preceptoris
1546 2522 1697 2600 ballivie
1723 2525 1770 2601 de

344 2655 443 2744 Bria,
474 2655 713 2760 presentibus
741 2651 853 2731 fratre
881 2656 1046 2760 quodam
1079 2654 1145 2760 qui
1174 2655 1374 2732 vocabatur
1394 2656 1519 2761 Hugo,
1552 2670 1590 2730 et
1620 2654 1701 2731 aliis
1723 2656 1769 2732 de

345 2812 508 2892 quorum
529 2784 746 2863 nominibus
762 2811 839 2862 non
858 2784 1006 2885 recolit,
1028 2785 1094 2891 qui
1116 2803 1203 2862 sunt
1224 2813 1355 2865 omnes
1374 2786 1528 2863 mortui.

400 2918 495 2994 Item
514 2917 606 2993 dixit
623 2945 690 3022 per
702 2916 963 3023 juramentum
978 2944 1089 2993 suum
1103 2916 1225 3022 quod,
1247 2915 1377 2993 multis
1395 2914 1615 3022 parentibus
1631 2932 1669 2992 et
1686 2919 1770 2992 ami-

345 3049 398 3126 cis
414 3048 492 3125 suis
513 3064 550 3124 et
567 3076 679 3153 quam
697 3046 870 3153 pluribus
885 3046 967 3124 aliis
987 3047 1230 3125 existentibus
1250 3064 1289 3124 et
1307 3045 1588 3154 expectantibus
1612 3046 1659 3124 ad
1678 3048 1771 3125 ostia

346 3177 445 3256 dicte
463 3178 604 3283 capelle
631 3195 667 3254 et
687 3179 782 3256 circa
799 3178 921 3285 ipsam
942 3177 1123 3284 capellam
1142 3207 1218 3286 que
1233 3178 1358 3256 clausa
1377 3195 1471 3269 erat,
1493 3176 1678 3286 recipiens
1693 3178 1772 3283 ipse

345 3309 411 3414 qui
432 3308 600 3415 loquitur
615 3324 652 3385 et
676 3307 738 3385 alii
758 3307 890 3385 fratres
913 3308 1002 3386 dicti
1028 3309 1173 3388 ordinis
1198 3327 1305 3387 erant
1322 3311 1362 3387 in
1381 3310 1460 3415 ipsa
1477 3307 1617 3415 capella
1637 3305 1773 3386 inclusi

345 3463 414 3543 pro
430 3439 650 3545 recepcione
665 3440 850 3546 predicta,
873 3457 911 3517 et
930 3440 1024 3519 dixit
1040 3470 1112 3547 per
1118 3441 1380 3549 juramentum
1396 3469 1507 3519 suum
1517 3439 1640 3547 quod,
1658 3467 1704 3517 eo
1715 3469 1774 3516 re-

346 3585 472 3675 cepto,
482 3570 699 3677 juramento
721 3570 767 3647 ab
784 3598 831 3647 eo
850 3571 1008 3675 prestito
1025 3570 1073 3648 de
1089 3572 1237 3650 statutis
1255 3589 1292 3649 et
1311 3571 1464 3649 secretis
1483 3570 1629 3649 ordinis
1647 3570 1775 3648 obser-

347 3699 492 3790 vandis,
515 3718 553 3777 et
567 3699 747 3777 mantello
764 3699 835 3777 sibi
856 3701 903 3776 ad
919 3699 1059 3778 collum
1075 3701 1215 3807 posito,
1233 3703 1389 3807 quidam
1405 3700 1452 3777 de
1472 3700 1581 3778 dictis
1598 3699 1775 3778 fratribus

348 3830 395 3907 de
414 3832 519 3938 cnjus
540 3830 694 3906 nomine
711 3858 787 3907 non
803 3828 935 3907 recolit
954 3832 1123 3908 ostendit·
1139 3832 1210 3909 sibi
1227 3830 1267 3908 in
1287 3830 1452 3938 quodam
1470 3828 1608 3908 missali
1625 3859 1775 3908 crucem

347 3960 535 4067 depictam
546 3988 632 4037 cum
647 3959 819 4070 ymagine
834 3959 951 4038 Jhesu
959 3961 1096 4040 Christi
1109 3963 1149 4039 in
1164 3991 1207 4039 ea
1220 3962 1415 4050 existente,
1436 3977 1473 4037 et
1487 3959 1647 4067 quesivit
1660 3960 1709 4036 ab
1729 3986 1774 4035 eo

346 4118 416 4197 per
430 4093 500 4170 bec
513 4092 623 4169 verba
641 4122 649 4166 ε
666 4091 799 4170 Credis
812 4110 855 4170 tu
868 4091 909 4168 in
923 4093 1035 4169 euml
1049 4094 1096 4171 Et
1110 4095 1192 4200 ipse
1205 4093 1270 4200 qui
1279 4090 1456 4199 loquitur
1464 4089 1662 4196 respoudit
1671 4090 1776 4196 quod

348 4248 450 4312 non3
471 4239 509 4299 et
532 4224 657 4300 statim
678 4223 834 4329 quidam
857 4221 954 4300 alius
979 4225 1027 4300 de
1048 4221 1225 4303 fratribus
1247 4221 1428 4331 predictis
1446 4219 1685 4328 presentibus
1711 4219 1774 4325 qui

347 4352 547 4430 vocabatur
562 4356 688 4461 Hugo,
710 4371 826 4459 prout
843 4353 995 4445 recolit,
1019 4353 1111 4433 dixit
1131 4355 1202 4433 sibi
1219 4355 1290 4432 hec
1309 4354 1447 4432 verba:
1468 4354 1529 4433 Tu
1547 4351 1646 4429 bene
1667 4350 1774 4438 dicis,

348 4482 437 4589 quia
456 4484 536 4590 ipse
557 4502 614 4562 est
631 4513 732 4562 unus
746 4483 864 4563 falsus
885 4484 1079 4591 propheta.
1100 4487 1148 4564 Et
1166 4486 1247 4593 ipse
1269 4485 1338 4594 qui
1356 4484 1526 4592 loquitur
1545 4479 1778 4590 intelligebat

348 4613 388 4691 in
408 4616 522 4693 corde
537 4644 624 4708 suo,
646 4634 690 4694 ut
705 4617 812 4707 dicit,
834 4616 938 4726 quod
960 4645 1038 4698 non
1057 4618 1237 4698 credebat
1260 4618 1299 4694 in
1321 4616 1535 4724 ymaginem
1553 4614 1775 4723 predictam,

348 4714 416 4822 ded
436 4746 475 4821 in
497 4775 586 4823 eum
603 4748 709 4855 cujus
728 4764 807 4826 erat
822 4775 956 4857 ymago
978 4748 1168 4855 predicta3
1200 4766 1238 4826 et
1253 4765 1344 4827 tnnc
1359 4747 1517 4855 quidam
1537 4745 1634 4826 alius
1654 4744 1702 4825 de
1725 4743 1780 4820 di-

337 4876 418 4953 ·ctis
436 4875 613 4956 fratribus
633 4877 727 4955 dixit
748 4877 851 4959 dicto
870 4875 976 4956 fratri
995 4880 1063 4987 qui
1088 4880 1142 4958 sic
1160 4879 1310 4959 locutus
1334 4877 1457 4958 luerat
1477 4879 1579 4957 dicto
1604 4892 1778 4982 recepto:

1558 5023 1608 5090 45.
