4236 5948
740 537 936 632 nnocss
962 556 1058 630 nus
1084 554 1380 630 xsnrxxsns.
1696 555 1767 633 eor
1848 666 1850 669 Ι

348 700 454 789 dem,
466 698 681 806 inreligiosi
693 716 730 775 et
743 698 892 776 honesti
908 700 974 775 viri
988 697 1259 776 fratrisNicolai
1284 699 1331 775 de
1344 699 1541 777 Anessiaco
1558 701 1699 779 ordinis
1720 705 1771 780 di-

347 848 495 910 ctorum
505 829 805 919 Prodicatorum,
818 831 1061 908 commissarii
1072 830 1163 907 dicti
1176 830 1323 907 domini
1339 831 1588 936 inquisitoris,
1601 851 1771 913 nostrum

264 1003 272 1015 ·
347 962 580 1041 notariorum
597 977 634 1036 et
646 961 799 1037 testium
813 962 1108 1067 subscriptorum
1129 961 1321 1066 presencia
1338 960 1584 1066 personaliter
1601 966 1773 1041 constitu-

346 1111 408 1170 tus
429 1110 466 1170 et
482 1091 616 1169 eodem
632 1091 747 1168 modo
763 1092 910 1197 juratus
934 1108 972 1169 et
990 1092 1202 1199 requisitus,
1225 1091 1339 1168 frater
1354 1092 1527 1169 Albertus
1547 1093 1594 1170 de
1614 1097 1773 1173 Rumor·

348 1239 453 1300 court
474 1221 679 1328 presbyter,
703 1222 809 1298 etatis
831 1223 1060 1329 septuaginta
1081 1249 1264 1298 annorum
1279 1222 1337 1298 vel
1354 1222 1464 1309 circa,
1490 1223 1658 1329 dixitper
1672 1227 1772 1332 jura-

340 1370 518 1430 mentum
536 1375 648 1430 suum
667 1351 770 1457 quod
782 1369 954 1458 receptus
967 1352 1038 1430 luit
1053 1352 1153 1459 apud
1168 1355 1439 1441 Montescourt,
1461 1370 1537 1430 tres
1557 1354 1639 1429 anni
1663 1375 1772 1432 erunt

344 1485 541 1562 Dominiea
558 1503 641 1561 ante
659 1485 797 1562 instans
814 1485 1120 1591 Carnispririum‚
1140 1512 1205 1591 per
1221 1484 1372 1562 fratrem
1383 1486 1558 1591 Egidium
1575 1487 1622 1562 de
1636 1487 1771 1566 Cbivre

346 1614 520 1706 militem,
544 1615 591 1692 de
614 1633 790 1722 precepto
811 1615 934 1694 fratris
953 1616 1105 1694 Roberti
1127 1616 1175 1693 de
1197 1616 1352 1722 Samayo
1373 1615 1520 1702 militis,
1544 1618 1772 1721 preceptoris

344 1745 491 1823 ballivie
505 1748 551 1824 de
560 1749 828 1835 Montcscourt,
839 1744 1079 1852 presentibus
1089 1747 1199 1823 lratre
1209 1747 1229 1821 J
1232 1748 1378 1823 ohanne
1388 1746 1523 1833 Watel,
1538 1745 1646 1823 fratre
1652 1746 1772 1824 Adam

347 1875 393 1952 de
407 1876 558 1984 Sarnay,
584 1894 619 1952 et
640 1877 867 1982 quibusdam
887 1877 968 1953 aliis
982 1877 1029 1953 de
1049 1906 1211 1983 quorum
1231 1875 1449 1968 nominibus
1471 1906 1546 1953 non
1565 1879 1714 1967 recolit3
1737 1897 1774 1955 et

347 2005 437 2085 dixit
454 2032 522 2112 per
540 2009 797 2113 juramentum
824 2036 935 2082 snum
955 2006 1060 2113 quod
1083 2006 1185 2082 idern
1203 2005 1315 2081 frater
1342 2007 1528 2083 Robcrtus
1544 2007 1590 2083 de
1610 2009 1772 2114 Sarnayo

346 2138 510 2215 ostendit
529 2137 598 2214 sibi
620 2166 770 2214 crucem
791 2136 976 2243 depictam
992 2138 1032 2213 in
1047 2138 1212 2243 quodam
1235 2135 1390 2223 missali,
1412 2166 1497 2214 cum
1515 2137 1637 2244 effigie
1658 2141 1773 2215 Jbesu

344 2267 498 2356 Christi,
513 2285 549 2344 et
561 2270 727 2375 precepit
737 2268 808 2344 sibi
819 2269 942 2345 dictus
953 2267 1254 2374 Robertusquod
1266 2268 1346 2373 ipse
1355 2285 1626 2374 spueretsupra
1639 2269 1773 2345 dictam

344 2412 513 2488 cruceni:
532 2398 598 2503 qui
617 2398 707 2473 dixit
722 2413 822 2473 totus
833 2398 1008 2475 territus:
1026 2435 1038 2466 ι
1055 2400 1108 2474 Ha
1121 2414 1245 2474 sancta
1256 2398 1387 2475 Marial
1403 2411 1519 2503 quare
1530 2396 1691 2475 lacerem
1704 2428 1772 2507 ego

345 2529 440 2606 hocl
455 2531 533 2637 Ego
549 2529 709 2635 aportavi
729 2528 853 2604 omnia
868 2528 968 2606 bona
983 2556 1066 2604 mea
1080 2529 1198 2616 intus,
1217 2528 1391 2606 videlicet
1405 2529 1647 2634 quadraginta
1660 2529 1774 2605 libras

343 2676 443 2738 terre
464 2659 699 2750 redditualis,
724 2677 760 2736 et
779 2686 843 2736 vos
862 2658 972 2735 vultis
997 2659 1103 2764 quod
1129 2686 1198 2764 ego
1218 2657 1349 2735 faciam
1370 2675 1447 2734 tam
1471 2658 1643 2735 mirabile
1668 2661 1772 2764 quod

345 2789 448 2867 n'ullo
470 2790 585 2866 modo
606 2789 776 2866 lacerem.
795 2827 807 2857 ι
827 2790 874 2865 Et
891 2805 983 2866 tunc
1007 2786 1071 2865 illc
1092 2787 1204 2865 srater
1224 2788 1410 2864 Robertus
1429 2788 1520 2863 dixit
1540 2818 1548 2861 ι
1565 2826 1577 2856 α
1594 2790 1693 2882 Quia
1709 2819 1772 2867 vos

345 2920 431 2996 estis
451 2949 582 3008 senex,
613 2949 681 2996 nos
706 2947 898 3026 parcemus
917 2919 1022 2997 vobis
1043 2917 1249 3022 superbiis
1271 2935 1307 2993 et
1330 2917 1456 3007 eliis,»
1479 2936 1516 2993 et
1535 2917 1649 2993 nichil
1670 2919 1771 2996 aliud

343 3050 414 3127 fuit
429 3052 500 3128 sibi
518 3051 674 3139 lactum,
699 3069 741 3126 ut
758 3050 851 3129 dixit
870 3078 938 3156 per
949 3049 1207 3155 juramentum
1227 3076 1353 3124 suum.
1369 3048 1472 3123 Dixit
1493 3049 1609 3124 eciam
1630 3078 1698 3153 per
1712 3054 1773 3157 ju-

343 3200 553 3259 ramentum
575 3210 684 3259 suum
705 3182 807 3288 quod
829 3181 860 3257 si
881 3179 1008 3268 sciret,
1029 3196 1228 3285 antequam
1248 3179 1419 3267 intraret,
1436 3179 1541 3285 quod
1561 3179 1656 3256 ordo
1678 3201 1773 3258 esset

343 3310 443 3402 tulis,
465 3314 570 3420 quod
596 3342 672 3389 non
701 3314 875 3389 intrasset
893 3340 963 3417 pro
992 3310 1396 3400 totomund03im1no
1422 3310 1508 3415 plus
1533 3309 1645 3386 vellet
1669 3314 1773 3417 quod

344 3444 527 3522 abscisum
549 3445 679 3522 luisset
702 3444 773 3521 sibi
796 3460 917 3549 caput.
946 3443 1162 3548 llequisitus
1184 3458 1313 3518 utrum
1336 3440 1470 3518 viderit
1494 3441 1609 3545 recipi
1627 3441 1772 3549 aliquos

341 3573 489 3661 liames,
506 3576 597 3651 dixit
611 3603 679 3681 per
693 3575 950 3680 juramentum
969 3603 1079 3649 suum
1094 3573 1198 3679 quod
1216 3574 1268 3649 sic
1283 3572 1563 3679 quemdam-qui
1575 3572 1774 3652 vocabatur

342 3702 496 3809 Egidius
507 3703 554 3778 de
562 3703 832 3781 Valenciennes
844 3735 854 3790 ς
876 3720 914 3778 et
928 3703 1071 3807 recepit
1087 3730 1174 3778 eum
1188 3701 1301 3777 lratcr
1314 3701 1401 3779 Odo
1412 3720 1610 3807 preceptor
1624 3703 1772 3780 ballivis

342 3834 666 3922 viromendensis,
694 3851 731 3910 et
754 3832 846 3910 dixit
871 3835 975 3939 quod
1000 3833 1141 3910 audivit
1165 3835 1271 3939 quod
1292 3834 1620 3940 dictus·recipiens
1644 3864 1773 3939 prece-

340 3965 397 4071 pit
417 3965 540 4042 eidem
566 3963 668 4041 fratri
685 3964 819 4070 Egidio
839 3964 943 4070 quod
964 3981 1116 4068 spueret
1135 3993 1246 4070 supra
1267 3965 1470 4070 quamdam
1491 3993 1639 4040 crucem
1659 3993 1771 4070 quarn

343 4095 505 4173 ostendit
524 4095 616 4184 sibi3
645 4113 682 4170 et
707 4111 799 4170 tunc
818 4093 920 4170 idem
945 4093 1101 4199 Egidius
1125 4092 1239 4198 spuit,
1266 4093 1323 4169 vel
1343 4093 1447 4168 linxit
1466 4081 1505 4168 se
1535 4121 1683 4197 spuere,
1707 4095 1772 4169 sed

341 4224 538 4303 videbatur
547 4225 672 4302 eidem
693 4224 758 4331 qui
780 4223 948 4329 loquitur
965 4224 1073 4328 quod
1088 4242 1251 4329 spueret.
1639 4201 1643 4210 Ι

398 4357 492 4432 ltem
506 4356 707 4462 requisitus
722 4371 851 4431 utrum
863 4355 913 4444 vi,
932 4354 988 4430 vel
1005 4368 1110 4431 metu
1127 4355 1287 4452 carceris
1308 4372 1369 4429 aut
1384 4370 1675 4443 tormentorum,
1694 4354 1771 4458 ipse

342 4485 380 4560 in
395 4474 586 4589 primissis
599 4485 762 4591 aliquam
777 4484 1023 4562 immiscuerit
1032 4485 1089 4562 vel
1105 4485 1238 4562 dixerit
1252 4485 1466 4574 falsitatem,
1484 4483 1540 4560 vel
1553 4481 1773 4560 subticuerit

342 4615 561 4705 veritatem,
589 4617 681 4692 dixit
711 4606 1049 4723 per‘juramentum
1077 4643 1185 4691 suum
1212 4616 1316 4721 quod
1342 4633 1495 4706 non,·et
1514 4616 1617 4720 quod
1638 4643 1769 4719 puram

343 4746 536 4823 veritatem
557 4745 649 4823 dixit
670 4764 707 4822 et
729 4774 884 4824 meram.

395 4878 535 4954 'Actum
550 4878 712 4955 Parisios
725 4879 761 4953 in
781 4879 896 4956 domo
912 4879 1079 4984 Templi,
1103 4880 1200 4956 dicta
1217 4878 1280 4955 die
1303 4905 1347 4955 xx
1370 4878 1596 4968 novembris,
1619 4906 1769 4984 presen-
