4236 5948
732 525 927 619 vnocds
953 542 1048 616 ons
1074 542 1374 617 rnupmnns.
1688 551 1762 622 sos

341 716 427 767 suos
443 704 482 764 et
504 687 749 764 commiscere
770 715 809 764 se
832 715 914 763 cum
932 687 1001 777 eis,
1018 685 1121 791 quod
1142 714 1219 764 non
1235 703 1413 791 negarent
1432 685 1502 763 sibi
1519 685 1676 775 lectum,
1700 690 1765 765 sed

342 847 532 927 nunquam
552 815 657 908 fecit,
679 833 722 893 ut
745 816 849 894 dixit.

397 953 489 1029 ltem
511 948 602 1026 dixit
623 976 691 1054 per
705 948 963 1055 juramentum
981 977 1091 1025 sumn
1114 947 1219 1054 quod
1240 947 1413 1024 dixerunt
1432 947 1502 1025 sibi
1523 948 1621 1026 inter
1644 967 1766 1028 cetera

342 1081 447 1189 quod
462 1109 579 1158 unum
598 1096 676 1157 erat
692 1079 739 1156 de
761 1078 907 1156 statutis
923 1079 1068 1156 ordinis
1087 1080 1270 1185 ipsorum,
1288 1077 1440 1183 quodsi
1461 1078 1596 1185 aliquis
1612 1079 1766 1158 fratrum

344 1212 458 1318 ipsius
478 1209 621 1287 ordinis
642 1209 820 1285 revelaret
841 1207 945 1285 alteri
962 1209 1115 1315 aliquod
1131 1208 1177 1284 de
1193 1209 1352 1313 peccatis
1373 1209 1429 1284 vel
1451 1208 1596 1286 delictis
1611 1210 1766 1318 alicujus

343 1341 461 1419 fratris
475 1341 532 1420 sui
548 1340 619 1418 sibi
640 1339 844 1417 revelatum
854 1339 979 1430 abeo,
994 1357 1339 1447 quantumcumque
1355 1369 1462 1445 grave
1480 1359 1591 1430 esset,
1609 1343 1687 1448 ipse
1700 1346 1765 1449 qui

346 1473 536 1581 detegeret
550 1487 742 1578 peccatum
755 1499 821 1548 seu
832 1469 1010 1548 delictum
1024 1470 1241 1577 hujusmodi
1257 1470 1328 1547 sibi
1346 1470 1549 1548 revelatum
1566 1474 1766 1552 sustineret

346 1622 381 1681 et
405 1603 561 1681 haberet
580 1629 714 1709 penam
733 1630 845 1707 quam
867 1600 1088 1708 delinquens
1110 1600 1266 1678 deberet
1284 1629 1352 1706 pro
1374 1600 1473 1678 dicto
1499 1601 1636 1680 delicto
1657 1607 1767 1683 susti-

346 1763 443 1813 nere.
831 1711 837 1722 .

400 1866 492 1942 Item
514 1865 605 1941 dixit
624 1893 691 1970 per
703 1865 959 1970 juramentum
979 1891 1107 1952 suum,
1131 1862 1255 1939 adbuc
1275 1892 1295 1938 a
1317 1861 1417 1939 dicto
1434 1863 1588 1941 domino
1610 1867 1768 1973 inquisi-

345 2014 423 2074 tore
444 1995 644 2103 repetitum
665 2012 703 2071 et
722 1993 920 2100 prestitum
946 1993 991 2070 ab
1017 1993 1152 2070 eodem
1178 1993 1288 2069 fratre
1310 1992 1534 2082 Guillelmo,
1557 1996 1660 2101 quod
1688 1999 1766 2102 ipse

344 2128 393 2217 vi,
415 2127 474 2204 vel
494 2143 600 2204 metu
619 2125 773 2203 carceris
793 2142 856 2201 aut
879 2124 1072 2212 tormenti,
1094 2152 1169 2202 non
1194 2125 1285 2200 dixit
1303 2123 1407 2201 aliud
1424 2152 1537 2230 (pram
1558 2128 1765 2218 veritatem,

347 2287 412 2334 nec
423 2258 612 2366 premissis
628 2257 829 2333 immiscuit
841 2255 1003 2363 aliquam
1018 2255 1229 2343 salsitatem,
1247 2256 1313 2333 sed
1326 2284 1458 2361 puram
1470 2257 1660 2335 veritatem
1677 2260 1768 2336 dixit

347 2418 411 2494 pro
432 2388 550 2467 salute
570 2389 692 2466 anime
712 2416 791 2465 sue.

399 2519 532 2614 Actum
553 2519 654 2610 loc0,
677 2545 794 2607 anno,
822 2517 1028 2606 indicione,
1056 2515 1291 2622 pontificatu,
1314 2546 1412 2593 anno
1434 2536 1472 2594 et
1491 2518 1553 2594 die
1574 2519 1765 2625 predictis,

345 2648 580 2755 presentibus
600 2649 759 2727 testibus
777 2649 950 2754 proximo
971 2647 1220 2753 infrascriptis.

400 2912 491 2989 Item
513 2910 624 2988 frater
643 2908 888 3016 Hymbnudus
909 2910 956 2985 de
980 2908 1227 3015 Laboyssade,
1251 2909 1355 2984 etatis
1375 2908 1500 3017 viginti
1523 2910 1686 2988 duorum
1704 2941 1767 2989 an-

346 3068 479 3118 norum
507 3040 564 3117 vel
586 3041 698 3127 circa,
726 3038 877 3115 indicti
906 3039 1047 3116 domini
1068 3039 1313 3145 inquisitoris,
1341 3056 1510 3115 nostrum
1536 3043 1767 3117 notariorum

345 3172 581 3278 publicorum
610 3189 647 3248 et
674 3170 827 3248 testium
855 3170 1175 3277 infrascriptorum
1199 3171 1392 3276 presencia
1418 3169 1661 3275 personaliter
1680 3200 1769 3249 con-

346 3305 512 3393 stitutus,
525 3305 672 3411 juratus
686 3301 859 3380 similiter
872 3320 909 3380 et
924 3302 1126 3408 requisitus
1135 3331 1203 3408 per
1213 3304 1469 3407 juramentum
1485 3331 1596 3380 suum
1613 3306 1660 3381 de
1677 3323 1770 3380 tem-

345 3462 435 3540 pore
456 3452 495 3513 et
518 3433 634 3513 modo
649 3433 881 3538 recepcionis
901 3462 985 3522 sue,
1015 3461 1056 3508 ac
1078 3432 1124 3510 de
1144 3461 1183 3509 se
1200 3450 1238 3509 et
1262 3432 1344 3509 aliis
1363 3431 1533 3539 ejusdem
1562 3434 1706 3513 ordinis
1731 3437 1769 3511 in

346 3593 450 3642 causa
467 3563 557 3642 fidei
579 3564 703 3642 dicere
724 3563 931 3655 veritatem,
960 3562 1052 3640 dixit
1078 3592 1145 3670 per
1163 3565 1422 3670 juramentum
1451 3593 1561 3640 suum
1585 3566 1692 3672 quod
1711 3595 1769 3642 re-

346 3712 473 3801 ceptus
496 3694 569 3774 fuit
592 3713 667 3773 tres
691 3695 778 3772 anni
806 3711 892 3772 sunt
918 3693 1028 3799 elapsi
1054 3693 1110 3770 vel
1144 3695 1256 3782 circa,
1289 3695 1328 3768 in
1359 3693 1473 3771 domo
1499 3697 1546 3771 de
1570 3696 1770 3803 Bliandays

345 3826 619 3906 Lemovicensis
633 3827 808 3912 diocesis,
832 3851 900 3929 per
920 3822 1071 3900 fratrem
1094 3823 1342 3931 Hymbertum
1363 3823 1412 3900 de
1435 3825 1619 3904 Comborz
1645 3856 1771 3933 prece·

345 3974 490 4061 ptorem
511 3958 558 4034 de
573 3957 728 4046 Poillac,
753 3953 989 4061 presentibus
1007 3953 1181 4031 fratribus
1203 3952 1406 4033 Guillelmo
1431 3954 1621 4033 Galebrun
1648 3985 1771 4060 prece·
1838 4042 1841 4047 ,

345 4104 450 4192 ptore
476 4117 576 4164 nunc
602 4088 649 4165 de
669 4086 842 4175 Viveriis‚
867 4083 1068 4164 Guillelmo
1094 4084 1141 4161 de
1162 4083 1280 4162 Podio
1297 4085 1428 4164 Vivant
1457 4085 1569 4162 fratre
1589 4089 1769 4164 serviente

347 4215 432 4294 dicti
445 4216 606 4305 ordinis,
625 4234 662 4293 et
676 4215 903 4323 quibusdam
919 4214 1009 4292 aliis.
1025 4215 1073 4290 Et
1086 4213 1178 4291 dixit
1191 4242 1259 4319 per
1268 4214 1644 4320 juramentumsuum
1652 4217 1768 4321 quod,

347 4374 390 4424 eo
412 4364 582 4452 recepto,
613 4345 789 4423 mantello
811 4345 880 4421 sibi
901 4344 1055 4433 tradite,
1079 4361 1116 4420 et
1130 4344 1344 4448 juramento
1363 4343 1408 4420 ab
1430 4372 1475 4422 eo
1490 4346 1647 4450 prestito
1672 4347 1770 4423 inter

346 4494 462 4555 cetera
480 4477 528 4554 de
544 4476 690 4555 statutis
710 4493 749 4553 et
768 4475 919 4553 secretis
939 4475 1084 4552 ordinis
1097 4473 1351 4563 observandis,
1369 4503 1410 4550 ac
1420 4493 1566 4553 ostensa
1577 4476 1648 4553 sibi
1661 4505 1769 4554 cruce

346 4606 490 4714 depicta
506 4635 591 4684 cum
608 4606 729 4713 effigie
749 4605 866 4682 Jhesu
884 4604 1020 4683 Christi
1041 4604 1081 4680 in
1101 4602 1265 4711 quodam
1279 4603 1396 4692 libro,
1414 4605 1598 4711 recipiens
1613 4609 1772 4715 quesivit

345 4737 389 4816 ab
405 4766 450 4817 eo
471 4739 578 4844 cujus
594 4736 770 4814 credebat
791 4734 896 4843 quod
918 4750 1014 4813 esset
1033 4733 1097 4811 illa
1116 4760 1261 4840 ymago.
1283 4736 1329 4810 Et
1350 4734 1428 4840 ipse
1449 4738 1642 4842 respondit
1667 4740 1771 4844 quod

344 4869 496 4948 Domini
516 4868 633 4947 Jhesu
645 4867 794 4947 Christi.
810 4869 856 4944 Et
873 4884 964 4944 tunc
977 4865 1161 4971 recipiens
1178 4863 1268 4941 dixit
1288 4865 1322 4942 ei
1337 4867 1439 4971 qnod
1455 4868 1655 4973 oportebat
1667 4871 1771 4974 qnod
