4236 5948
728 572 924 664 rnocns
952 591 1048 662 nas
1074 591 1375 663 sanctinus.
1690 592 1761 665 aar

341 734 536 842 gardiano,
560 747 597 807 et
617 729 822 808 Guillelmo
851 731 1029 809 Brandini
1055 732 1199 808 ordinis
1217 730 1373 809 fratrum
1398 732 1585 808 Minorum
1607 760 1766 809 convon-

342 883 448 941 tuum
471 862 557 939 ville
577 863 787 966 Perpiniani
808 880 933 939 nostre
959 862 1131 939 Elnensis
1158 862 1335 950 diocesis,
1370 891 1482 966 super
1514 864 1699 938 contentis
1726 866 1763 938 iu

343 996 450 1073 dictis
460 993 656 1100 papalibus
667 993 801 1069 litteris
816 1011 854 1070 et
865 993 1030 1070 articulis
1046 993 1193 1069 insertis
1205 993 1243 1068 in
1255 994 1308 1069 eis
1319 993 1564 1099 perhibitum,
1578 992 1712 1069 dicturi
1728 1012 1764 1069 et

342 1126 555 1231 responsuri
575 1153 718 1201 meram
732 1142 770 1200 et
784 1153 915 1230 puram
928 1153 1040 1230 quam
1057 1125 1227 1201 noverint
1242 1125 1446 1200 veritatem.
1462 1126 1517 1199 De
1533 1122 1630 1200 dicta
1647 1127 1763 1200 eciam

343 1257 520 1333 eitacione
534 1256 711 1332 canonice
722 1254 906 1343 facienda,
929 1284 1014 1332 cum
1028 1282 1096 1360 per
1110 1283 1174 1331 vos
1189 1254 1283 1331 lacta
1300 1253 1429 1340 luerit,
1446 1252 1586 1330 faciatis
1602 1253 1683 1329 fieri
1699 1284 1765 1357 pu·

267 1490 270 1495 ¹
342 1385 486 1461 blicum
506 1386 809 1462 instrumentum.
831 1389 969 1462 Datum
988 1386 1088 1491 apud
1101 1401 1263 1461 castrum
1280 1385 1328 1461 de
1343 1385 1511 1472 Trulars,
1528 1410 1586 1460 xix
1597 1383 1764 1459 kalendis

342 1513 535 1600 februarii,
557 1542 654 1590 anno
675 1515 825 1591 Domini
848 1515 1048 1591 millesimo
1070 1530 1150 1590 ccc⁰
1168 1542 1281 1590 nono.

399 1774 454 1847 De
471 1800 542 1876 qua
556 1772 712 1875 quidem
727 1773 906 1847 citacione
922 1770 1014 1846 lacta
1029 1800 1098 1875 per
1114 1772 1256 1847 dictum
1269 1770 1465 1848 officialem
1480 1771 1581 1846 idem
1597 1770 1765 1846 officialis

343 1902 430 1977 fecit
445 1900 527 1977 [ieri
548 1901 741 2006 publicum
761 1902 1053 1977 instrumentum
1072 1901 1143 1976 sub
1163 1917 1293 1976 tenore
1314 1902 1379 2005 qui
1400 1902 1585 2005 sequitur:

400 2034 576 2108 Noverint
589 2033 752 2108 universi
772 2032 877 2137 quod
891 2033 1042 2108 veniens
1053 2032 1236 2108 discretus
1249 2033 1304 2105 vir
1316 2031 1476 2107 lacobus
1492 2032 1673 2107 Martinus
1689 2034 1766 2108 olli-

344 2163 446 2240 cialis
466 2165 655 2251 Elnensis,
672 2164 720 2240 ad
738 2166 892 2240 domum
915 2164 1033 2240 Mansi
1047 2164 1118 2239 Dei
1140 2163 1279 2238 milicie
1294 2162 1443 2267 Templi
1462 2161 1621 2239 diocesis
1636 2163 1766 2238 Elnen-

343 2295 408 2380 sis,
430 2296 520 2368 etin
541 2294 672 2368 eadem
695 2294 809 2368 domo
831 2295 1005 2383 existens,
1028 2295 1149 2370 vocari
1169 2293 1256 2369 lecit
1270 2293 1318 2368 ad
1338 2322 1377 2367 se
1394 2321 1527 2368 omnes
1546 2310 1583 2367 et
1600 2293 1766 2398 singulos

342 2422 473 2497 fratres
490 2422 528 2496 in
544 2421 675 2497 eadem
689 2424 804 2498 domo
819 2440 958 2527 captos,
979 2440 1016 2497 et
1029 2423 1201 2500 detentos
1213 2425 1252 2497 in
1267 2424 1419 2499 ecclesia
1435 2451 1501 2499 seu
1519 2423 1658 2527 capella
1667 2426 1767 2527 ejus·

345 2553 432 2628 dem
448 2553 595 2626 domus.
617 2553 663 2626 Et
683 2550 791 2627 dictis
810 2551 987 2627 fratribus
1000 2529 1099 2628 inibi
1117 2552 1361 2658 congregatis,
1377 2552 1478 2626 idem
1493 2553 1670 2628 dominus
1682 2553 1766 2626 offi-

344 2682 445 2756 cialis
466 2683 518 2756 eis
538 2682 609 2787 legi
629 2680 732 2768 lecit,
755 2711 821 2786 per
841 2711 901 2757 me
923 2683 1110 2757 notarium
1131 2679 1423 2785 infrascriptum,
1449 2681 1650 2785 quamdam
1672 2681 1767 2755 litte-

343 2840 421 2886 ram
436 2811 628 2887 reverendi
645 2813 683 2886 in
704 2812 854 2891 Christo
872 2811 987 2918 patris
1002 2811 1148 2888 domini
1165 2811 1373 2918 Raymundi
1386 2812 1455 2887 Dei
1466 2811 1766 2917 graciaElnensis

345 2942 527 3046 episcopi,
550 2941 672 3048 sigillo
690 2943 862 3046 ejusdem
879 2943 918 3016 in
940 2942 1053 3019 dorso
1077 2941 1291 3048 sigillatam,
1314 2942 1422 3046 cujus
1440 2941 1560 3014 forma
1580 2940 1664 3014 talis
1684 2959 1763 3016 est:

346 3072 614 3176 «Raymundus
647 3074 888 3149 miseracione
919 3073 1043 3147 divina
1072 3072 1243 3148 Elnensis
1273 3073 1489 3176 episcopus,
1518 3087 1693 3147 executor
1720 3070 1766 3144 ad

344 3200 572 3307 infrascripta
587 3232 607 3278 a
620 3203 720 3280 Sede
741 3203 940 3308 apostolica
957 3204 1171 3307 deputatus,
1191 3201 1352 3278 discreto
1367 3204 1445 3276 viro
1463 3200 1599 3276 lacobo
1616 3201 1765 3274 Martini

345 3330 490 3407 officiali
509 3350 637 3408 nostro
657 3334 808 3409 Elnensi
828 3334 986 3410 salutem
1008 3335 1046 3407 in
1064 3334 1229 3410 Domino
1246 3334 1531 3436 sempiternam,
1553 3347 1640 3417 etc,
1659 3345 1696 3404 nt
1709 3358 1766 3404 su-

342 3488 419 3561 pra.
437 3497 449 3526 ι
465 3461 693 3538 Auctoritate
710 3465 817 3569 cujus
829 3463 951 3540 littere
969 3465 1070 3540 idem
1085 3462 1253 3539 officialis
1271 3463 1396 3537 citavit
1408 3489 1539 3536 ornnes
1552 3478 1590 3536 et
1600 3459 1767 3565 singulos

345 3606 503 3664 astantes
518 3591 611 3665 inibi
629 3610 665 3666 et
680 3611 887 3695 presentes,
907 3595 1001 3667 sicut
1017 3610 1055 3669 et
1069 3622 1181 3697 super
1197 3593 1360 3696 hiisque
1375 3593 1523 3666 indicta
1539 3591 1663 3665 littera
1679 3618 1768 3664 con·

344 3720 522 3793 tinentur.
538 3721 594 3794 De
610 3719 749 3823 quibus
761 3721 907 3826 [quidem
921 3722 1113 3826 citacrlone
1130 3741 1167 3798 et
1185 3721 1362 3798 omnibus
1378 3720 1460 3796 aliis
1479 3738 1516 3796 et
1536 3720 1693 3826 singulis
1707 3750 1769 3794 su·

345 3848 537 3952 predictis,
556 3847 657 3926 idem
669 3849 836 3926 officialis
851 3851 1040 3927 mandavit
1050 3882 1117 3956 per
1128 3881 1188 3927 me
1199 3852 1386 3928 notarium
1399 3851 1674 3955 infrascriptum
1688 3850 1767 3923 lieri

347 3977 539 4080 publicum
561 3977 869 4070 instrumentum,
885 3981 990 4084 quod
1011 3979 1083 4055 fuit
1100 3980 1237 4057 lactum
1259 3982 1297 4055 in
1317 3981 1425 4057 dictis
1444 3978 1584 4084 capella
1599 3996 1637 4053 et
1653 3978 1768 4053 domo

346 4108 465 4183 Mansi
481 4108 568 4194 Dei,
586 4136 644 4183 xix
660 4107 835 4186 kalendas
850 4109 1045 4196 februarii,
1061 4139 1159 4187 anrro
1176 4112 1328 4186 Domini
1346 4109 1548 4186 millesimo
1559 4123 1641 4184 οεοῦ
1653 4136 1767 4183 nouo.

346 4237 387 4310 ln
408 4235 634 4341 [presencia2]
664 4254 702 4313 et
726 4239 942 4316 testimonio
964 4241 1146 4316 lobannis
1172 4241 1219 4315 de
1243 4238 1452 4328 Villaclare,
1475 4238 1685 4343 Raymundi
1707 4238 1769 4311 Sa·

347 4366 429 4441 vine
451 4383 488 4441 et
505 4367 714 4471 Raymundi
735 4370 767 4442 T
768 4397 862 4474 royn
884 4369 930 4445 de
950 4369 1190 4474 Perpiniano,
1212 4386 1249 4445 et
1269 4370 1341 4445 mei
1363 4369 1462 4445 Petri
1483 4366 1668 4473 Gaynau'di
1687 4365 1771 4470 [cle-

349 4494 448 4599 mir]
477 4496 610 4572 notarii
635 4497 777 4602 publici
804 4499 892 4575 dicti
922 4500 1066 4576 domini
1101 4498 1283 4605 episcopi,
1307 4500 1372 4603 qui
1396 4497 1573 4603 predictis
1592 4497 1770 4572 omnibus

348 4625 517 4713 interlui,
533 4644 621 4702 etea
637 4631 764 4705 omnia
784 4631 930 4736 scripsi,
953 4648 991 4707 et
1003 4631 1042 4705 in
1054 4629 1212 4709 formam
1229 4630 1416 4734 publicam
1439 4627 1584 4736 redegi,
1605 4644 1648 4702 ea
1662 4627 1769 4731 signo

351 4753 434 4860 [men
454 4757 636 4863 sipnavi?].
