4236 5948
495 548 569 620 aso
882 530 1078 624 moces
1105 491 1200 622 bns
1227 547 1529 622 rennuens.

479 797 480 802 Ἰ
496 688 673 767 domibus
680 680 829 794 Templi
839 691 1016 778 Parisius,
1026 691 1172 798 juratus
1184 689 1318 767 eodem
1328 690 1444 768 modo
1453 689 1501 766 de
1512 717 1552 767 se
1563 688 1656 767 etde
1665 688 1759 781 aliis,
1769 692 1808 767 in
1826 693 1922 770 dicta

496 818 712 909 causafidei,
725 818 886 926 plenam,
899 849 1031 926 puram
1043 821 1268 928 etintegram
1279 819 1404 898 dicere
1414 819 1616 908 veritatem,
1626 835 1663 898 et
1675 819 1923 929 interrogatus

496 950 721 1056 detempore
731 969 767 1027 et
780 949 893 1029 modo
902 951 1129 1056 recepcionis
1145 981 1228 1040 sue,
1242 951 1335 1027 dixit
1351 980 1418 1058 per
1427 952 1686 1059 juramentum
1697 978 1808 1030 suum
1819 953 1923 1060 quod

496 1078 568 1156 fuit
578 1099 750 1186 receptus
761 1082 799 1157 in
814 1081 982 1187 predicta
998 1081 1111 1160 domo
1128 1083 1303 1171 Parisius,
1323 1082 1451 1189 viginti
1468 1081 1575 1159 annis
1590 1081 1649 1158 vel
1662 1082 1760 1159 circa
1769 1082 1921 1189 elapsis,

495 1241 563 1317 per
585 1211 737 1302 fratrem
756 1213 964 1289 Johannem
986 1213 1034 1290 de
1060 1215 1190 1292 Turno
1214 1213 1486 1290 thesaurarium
1507 1229 1597 1289 tunc
1616 1213 1799 1320 temporis
1824 1213 1923 1293 dicte

496 1341 647 1433 domus,
668 1342 902 1449 presentibus
921 1343 1090 1449 predicto
1108 1343 1221 1422 fratre
1240 1343 1440 1422 Remundo
1453 1344 1500 1420 de
1515 1342 1753 1421 Larchent'et
1765 1343 1924 1451 quibus·

497 1471 583 1548 dam
603 1471 685 1550 aliis
700 1470 876 1551 fratribus
895 1475 1013 1580 ipsius
1033 1473 1194 1567 ordinis,
1216 1473 1263 1551 de
1279 1502 1441 1581 quorum
1456 1472 1676 1551 nominibus
1690 1500 1768 1550 non
1778 1473 1920 1552 recolit.

493 1605 541 1680 Et
564 1603 753 1682 confessus
772 1604 844 1682 luit
871 1634 940 1711 per
961 1606 1218 1713 juramentum
1245 1622 1283 1682 et
1304 1606 1518 1712 recognovit
1536 1604 1658 1711 quod,
1687 1631 1731 1682 eo
1752 1623 1921 1712 recepto,

495 1734 670 1812 mantello
699 1735 747 1812 ad
771 1734 909 1813 collum
934 1736 1005 1813 sibi
1023 1736 1176 1824 tradito,
1199 1751 1237 1814 et
1257 1736 1505 1843 promissione
1525 1735 1618 1813 facte
1645 1735 1692 1812 de
1712 1738 1860 1814 statutis
1881 1755 1919 1814 et

495 1867 646 1943 secretis
671 1866 813 1944 ordinis
839 1867 1092 1955 observandis,
1114 1868 1193 1973 ipse
1213 1866 1280 1974 qui
1300 1866 1481 1973 loquitur,
1506 1866 1554 1942 de
1578 1866 1754 1945 mandato
1775 1885 1813 1943 et
1831 1895 1918 1973 pre-

496 2015 603 2104 cepto
624 1997 715 2075 dicti
731 1997 961 2103 recipientis,
978 1998 1124 2104 negavit
1143 1997 1353 2087 Christum,
1376 2014 1413 2074 et
1432 1997 1535 2103 spuit
1551 2024 1662 2102 supra
1681 2024 1832 2074 crucem
1848 1998 1923 2075 cla-

494 2128 607 2205 midis
625 2157 692 2206 sue
712 2128 844 2217 semel;
866 2128 1009 2215 dicens,
1031 2156 1099 2233 per
1116 2131 1374 2235 juramentum
1401 2156 1513 2205 suum
1539 2155 1652 2233 super
1670 2127 1744 2204 hoc
1770 2156 1790 2203 a
1817 2127 1918 2206 dicto

496 2258 649 2336 domino
670 2259 890 2366 inquisitore
916 2258 1131 2365 repetitum,
1158 2274 1195 2334 et
1213 2258 1349 2335 iterum
1369 2258 1567 2364 prestitum
1594 2257 1640 2334 ab
1668 2258 1750 2363 ipso
1774 2259 1917 2364 priore,

495 2389 601 2496 quod
613 2389 654 2465 id
671 2388 774 2495 quod
787 2387 976 2466 consessus
993 2405 1050 2465 est
1063 2416 1192 2465 verum
1214 2405 1284 2478 est,
1309 2405 1345 2464 et
1360 2388 1463 2495 quod
1479 2387 1580 2466 aliud
1597 2415 1711 2495 quam
1727 2387 1918 2466 veritatem

495 2523 545 2610 vi,
567 2519 625 2597 vel
646 2537 750 2597 metu
765 2520 940 2627 prisionis
960 2537 1023 2598 aut
1042 2520 1235 2607 tormenti,
1254 2547 1331 2596 non
1352 2519 1455 2596 dixit.

551 2652 684 2727 Actum
712 2648 948 2756 presentibus
978 2649 1084 2727 dictis
1116 2649 1228 2728 fratre
1256 2648 1481 2757 Reginald0,
1509 2649 1634 2759 priore
1662 2649 1711 2725 de
1740 2650 1917 2738 pissiaco,

497 2780 701 2859 Guillelmo
717 2781 764 2857 de
784 2783 984 2890 Hangesto,
1008 2798 1044 2858 et
1063 2780 1146 2858 aliis
1164 2780 1323 2859 testibus
1343 2781 1391 2857 ad
1410 2779 1484 2858 hoc
1502 2781 1638 2858 vocatis
1653 2798 1692 2858 et
1710 2781 1860 2888 rogatis.

551 3048 641 3122 ltem
663 3075 774 3133 anno,
798 3046 1003 3134 indicione,
1025 3045 1264 3151 pontificatu,
1288 3073 1387 3121 anno
1408 3061 1446 3121 et
1466 3044 1528 3121 die
1545 3042 1737 3149 predictis,
1758 3044 1799 3120 in
1820 3041 1918 3119 dicta

391 3191 395 3195 '
495 3173 608 3252 domo
629 3175 776 3282 Templi
804 3175 983 3264 Parisius,
1010 3176 1049 3250 in
1071 3174 1162 3252 dicti
1183 3175 1327 3252 domini
1353 3174 1599 3281 inquisitoris,
1621 3187 1792 3251 nostrum
1812 3189 1918 3248 nota·

494 3306 636 3381 riorum
653 3305 890 3409 publicorum
910 3323 946 3381 et
960 3305 1114 3381 testium
1131 3303 1452 3409 infrascriptorum
1466 3303 1659 3409 presencia
1677 3301 1918 3408 personaliter

496 3435 718 3511 constitutus
737 3433 850 3510 frater
870 3434 996 3512 Guido
1015 3433 1230 3540 Delphinus
1253 3433 1379 3523 mileS,
1400 3434 1546 3540 juratus
1571 3433 1706 3511 eodem
1734 3431 1849 3532 modo
1869 3432 1915 3509 de

494 3582 586 3639 sset
606 3564 653 3639 de
672 3563 754 3640 aliis
775 3583 811 3640 et
831 3565 929 3642 dicta
944 3593 1051 3641 causa
1072 3563 1161 3641 lidei
1183 3564 1350 3671 plenam,
1372 3593 1503 3671 puram
1527 3580 1565 3639 et
1587 3563 1768 3668 integram
1790 3561 1914 3639 dicere

494 3695 704 3783 veritatem,
728 3712 765 3770 et
784 3695 1030 3801 interrogatus
1045 3694 1092 3771 de
1112 3713 1282 3801 tempore
1295 3713 1333 3772 et
1342 3694 1457 3772 modo
1470 3693 1700 3799 recepcionis
1720 3720 1804 3778 sue,
1825 3691 1917 3767 dixit

493 3853 561 3929 per
574 3827 833 3933 juramentum
853 3855 979 3914 suum,
996 3825 1102 3933 quod
1116 3843 1291 3934 receptus
1305 3825 1378 3903 fuit
1397 3826 1437 3903 in
1457 3823 1591 3902 ordine
1606 3823 1776 3929 predicto
1791 3822 1830 3898 in
1848 3822 1916 3899 Ar·

493 3958 632 4042 vernia,
649 3957 688 4032 in
708 3955 868 4063 quadam
885 3957 998 4034 domo
1022 3956 1111 4033 dicti
1133 3955 1273 4034 ordinis
1293 3974 1417 4034 vocata
1442 3955 1476 4031 la
1498 3957 1674 4043 Vausete,
1706 3953 1834 4059 viginti
1854 3979 1915 4028 sex

493 4087 600 4164 annis
621 4088 677 4163 vel
697 4088 792 4165 circa
813 4086 963 4193 elapsis,
985 4115 1052 4193 per
1066 4086 1218 4164 fratrem
1236 4088 1469 4164 Franconem
1489 4084 1536 4162 de
1556 4085 1713 4171 Bornio,
1735 4111 1914 4160 unacum

494 4216 643 4295 duobus
663 4217 744 4293 aliis
761 4216 936 4295 fratribus
955 4216 1152 4322 capellanis
1170 4217 1234 4323 qui
1255 4216 1409 4294 fuerunt
1427 4216 1568 4323 recepti
1591 4243 1676 4291 cum
1703 4240 1749 4290 eo
1772 4240 1843 4319 per
1863 4211 1914 4288 di-

493 4366 593 4425 ctum
611 4347 760 4425 fratrem
780 4351 1021 4425 Franconcm.
1048 4348 1094 4423 Et
1121 4348 1311 4426 consessus
1335 4347 1406 4424 luit
1432 4365 1468 4425 et
1488 4345 1700 4452 recognovit
1723 4372 1790 4449 per
1813 4343 1915 4450 jura-

492 4498 664 4556 mentum
679 4507 788 4556 suum
809 4479 931 4585 quod,
950 4507 995 4556 eo
1015 4497 1181 4584 recepto,
1198 4478 1448 4584 promissione
1463 4478 1509 4554 ab
1523 4504 1569 4554 eo
1582 4477 1675 4552 lacta
1695 4474 1742 4550 de
1753 4475 1912 4560 statutis,

493 4608 825 4686 consuetudinibus
848 4626 885 4686 et
907 4609 1058 4685 secretis
1078 4609 1221 4686 ordinis
1240 4608 1496 4697 observandis,
1519 4624 1557 4684 et
1575 4605 1756 4684 mantello
1777 4603 1848 4681 sibi
1869 4603 1914 4679 ad
1949 4688 1953 4693 ,

493 4736 632 4814 collum
652 4739 791 4843 posito,
818 4738 1008 4844 predictus
1030 4739 1213 4844 recipiens
1238 4739 1343 4815 duxit
1371 4766 1458 4814 eum
1488 4737 1535 4813 ad
1562 4736 1766 4844 quemdam
1790 4735 1913 4813 locum

493 4867 714 4957 obscurum,
732 4886 785 4958 et,
800 4887 946 4948 ostensa
966 4869 1036 4946 sibi
1062 4897 1188 4957 cruce,
1210 4868 1377 4974 precepit
1395 4867 1466 4946 sibi
1483 4867 1588 4974 quod
1607 4865 1807 4973 abnegaret
1824 4893 1911 4971 pro·
