4236 5948
734 517 933 609 enocts
959 537 1054 608 ons
1079 537 1380 611 rnurmms.
1693 543 1768 617 sos

347 679 428 784 ipso
449 705 565 783 quem
583 675 862 783 representabat
880 677 957 783 ipsa
978 705 1075 755 crux.
1098 678 1171 772 Qui
1183 679 1386 785 respondit
1402 679 1506 786 quod
1528 707 1676 756 crucem
1695 683 1772 759 Do-

348 808 439 886 mini
460 807 577 884 nostri
592 806 708 882 Jbesu
726 805 881 896 Christi,
900 825 938 884 et
957 806 1069 912 peciit
1089 807 1209 885 dictus
1228 809 1481 886 thesaurarius
1495 810 1525 886 si
1542 810 1716 887 credebat
1736 813 1773 887 in

350 967 434 1016 eum
448 968 457 1012 z
471 937 537 1045 qui
557 938 750 1042 respondit
769 938 873 1044 quod
888 939 958 1029 sic3
980 954 1016 1014 et
1038 955 1127 1015 tunc
1143 939 1235 1016 dixit
1254 940 1325 1017 sibi
1345 941 1449 1045 quod
1468 940 1566 1017 male
1583 943 1772 1034 credebat,

348 1097 417 1148 nec
431 1067 560 1146 salvari
585 1085 732 1174 potemt
749 1068 790 1143 in
809 1066 878 1143 hac
897 1066 990 1156 fide,
1015 1069 1079 1174 qui
1102 1069 1173 1146 luit
1198 1069 1310 1148 falsus
1329 1070 1529 1177 propheta;
1551 1088 1589 1148 et
1607 1089 1698 1149 tunc
1718 1074 1774 1148 iu·

343 1200 467 1307 junxit
479 1197 567 1286 sibi,
581 1199 716 1274 virtute
729 1197 966 1286 obediencie,
984 1200 1087 1306 quod
1099 1201 1139 1276 in
1152 1200 1330 1306 despectu
1342 1202 1459 1307 ipsius
1472 1199 1608 1278 Christi
1624 1222 1776 1307 spueret

347 1347 405 1406 ter
429 1357 538 1432 supra
559 1356 722 1415 crucem,
750 1344 787 1404 et
805 1327 876 1404 hec
899 1329 1021 1433 primo
1042 1329 1319 1407 renuitfacere.
1342 1330 1473 1407 Dictus
1500 1329 1613 1407 irater
1634 1332 1774 1409 Radul-

347 1459 445 1564 phus
459 1458 506 1534 de
520 1457 665 1535 Grandi·
674 1456 800 1534 Villari
816 1475 971 1564 propter
984 1457 1056 1535 hoc
1076 1460 1218 1563 accepit
1236 1487 1324 1535 eum
1338 1460 1520 1537 violenter
1538 1488 1606 1566 per
1624 1479 1770 1567 pectus,

350 1587 507 1664 dicendo
536 1586 607 1664 sibi
631 1586 736 1693 quod
769 1587 965 1692 oportebat
988 1589 1090 1693 quod
1121 1588 1194 1665 hoc
1224 1588 1377 1681 faceret,
1406 1590 1573 1695 alioquin
1596 1607 1771 1696 tanquam

347 1718 569 1795 inobediens
590 1719 628 1792 in
651 1735 833 1823 perpetuo
848 1746 992 1794 carcere
1012 1736 1227 1824 poneretur.
1249 1721 1356 1796 Tunc
1371 1721 1449 1827 ipse
1467 1737 1615 1796 coactus
1632 1737 1668 1796 et
1687 1750 1771 1826 per-

346 1848 513 1934 territus,
538 1845 645 1922 finxit
669 1875 802 1951 spuere
826 1865 885 1924 ter
908 1877 1017 1954 supra
1043 1877 1206 1936 crucem,
1230 1866 1267 1925 et
1284 1849 1383 1954 spuit
1402 1852 1438 1926 in
1458 1869 1607 1927 terram.
1626 1852 1772 1928 Deinde

348 1977 531 2055 osculatus
550 1977 622 2054 luit
641 1977 783 2054 dictum
797 1978 1044 2083 recipientem
1060 1980 1184 2083 primo
1204 1980 1340 2067 inore,
1362 1980 1498 2056 deinde
1519 1982 1557 2056 in
1573 1981 1771 2070 umbilico,

348 2124 384 2183 et
401 2107 606 2212 requisitus
625 2107 671 2183 ab
694 2107 862 2213 eoquod
882 2108 1109 2185 oscularetur
1128 2109 1245 2186 tercio
1265 2138 1353 2185 eum
1374 2110 1412 2184 in
1434 2109 1507 2186 line
1528 2111 1633 2215 spine
1655 2111 1772 2197 dorsi,

347 2238 499 2314 omuino
524 2235 596 2314 boc
620 2236 739 2313 lacere
763 2239 954 2315 recusavit.
980 2239 1194 2345 Requisitus
1220 2239 1267 2316 de
1293 2241 1427 2345 capite,
1455 2239 1651 2346 respondit
1670 2242 1773 2346 quod

347 2367 459 2445 nichil
476 2369 554 2444 scit.
571 2369 717 2444 Deinde
735 2368 828 2444 dixit
841 2371 944 2473 quod
962 2397 1004 2446 ea
1019 2398 1092 2475 que
1109 2368 1283 2475 deposuit
1297 2388 1385 2447 sunt
1399 2400 1482 2446 vera
1502 2387 1538 2446 et
1555 2371 1633 2447 sine
1652 2370 1774 2477 aliqua

346 2497 519 2587 salsitate,
531 2527 600 2575 nec
611 2498 837 2603 eadeposuit
851 2527 921 2575 nec
935 2499 986 2587 vi,
997 2527 1065 2574 nec
1076 2517 1182 2575 metu
1198 2527 1312 2605 pene,
1330 2527 1399 2576 nec
1414 2499 1482 2576 alia
1501 2500 1547 2575 de
1564 2529 1688 2588 causa,
1706 2501 1773 2577 sed

346 2629 393 2706 ud
418 2628 687 2734 expediendam
708 2628 974 2705 conscienciam
995 2657 1116 2716 suam,
1139 2628 1375 2731 presentibus
1396 2629 1580 2733 religiosis
1598 2630 1686 2706 viris
1703 2629 1773 2705 fra·

346 2758 464 2838 tribus
481 2759 663 2864 Gregorio
679 2758 726 2834 de
752 2758 867 2844 Luca,
893 2757 1060 2835 Johanne
1082 2757 1129 2833 de
1149 2757 1313 2834 Marchia
1332 2758 1536 2834 Aconitana
1559 2758 1772 2837 bachelario

345 2888 384 2965 iu
403 2888 607 2993 theologia,
638 2887 781 2965 ordinis
802 2887 923 2963 Sancti
942 2887 1158 2993 Augustini,
1179 2905 1216 2963 et
1236 2886 1348 2964 fratre
1366 2887 1550 2964 Richardo
1574 2890 1621 2965 de
1640 2888 1771 2995 Anglia

347 3017 516 3124 q'usdem
533 3017 693 3105 ordinis,
712 3034 749 3093 et
760 3016 1032 3093 venerabilibus
1049 3032 1086 3094 et
1100 3018 1268 3093 discretis
1282 3017 1369 3092 viris
1382 3017 1558 3123 magistro
1569 3018 1771 3125 Regiualdo

347 3145 393 3224 de
405 3146 622 3253 Albigniaco
638 3164 853 3224 succentore
863 3147 1101 3235 Bituricensi‚
1119 3164 1157 3225 et
1174 3147 1544 3255 dominoReginaldo
1561 3149 1609 3225 de
1626 3150 1769 3254 Royaco

345 3276 489 3356 domini
507 3278 623 3356 nostri
640 3278 738 3384 regis
757 3277 1004 3366 thesaurario,
1024 3278 1180 3356 testibus
1195 3279 1241 3354 ad
1261 3279 1333 3355 hoc
1352 3279 1488 3356 vocatis
1513 3278 1719 3384 specialiter
1734 3297 1772 3354 et

347 3425 494 3515 rogatis.

382 3669 493 3746 ⁴ltem
515 3669 627 3747 irater
648 3672 778 3748 Petrus
798 3673 844 3748 de
865 3672 983 3749 Blesis
1007 3671 1202 3779 presbyter
1226 3674 1314 3750 dicti
1345 3674 1503 3761 ordinis,
1533 3675 1637 3750 etatis
1662 3672 1771 3778 quin-

346 3801 520 3906 quaginta
548 3802 716 3907 quinque
744 3829 926 3877 annorum
950 3801 1014 3878 vel·
1033 3803 1191 3889 circiter,
1218 3820 1261 3878 ut
1280 3803 1386 3892 dicit,
1419 3804 1552 3880 eodem
1578 3803 1694 3881 modo
1710 3804 1771 3909 ju-

344 3946 444 4009 retus
460 3948 497 4007 et
516 3930 734 4036 requisitus,
752 3949 796 4008 ut
811 3931 915 4021 dicit,
934 3932 1070 4008 eodem
1090 3933 1206 4008 modo
1216 3933 1364 4038 juratus
1382 3951 1420 4010 et
1432 3933 1636 4038 requisitus
1653 3948 1696 4008 ut
1709 3961 1770 4007 su-

343 4087 426 4165 pm,
450 4061 539 4136 dicit
558 4061 663 4166 quod
677 4059 748 4136 fuit
767 4078 939 4166 receptus
959 4078 1043 4137 octo
1061 4061 1148 4136 anui
1170 4077 1259 4138 sunt
1274 4060 1502 4166 elapsiapud
1512 4061 1768 4166 Savigniacum

344 4189 508 4295 Templi,
519 4217 587 4296 per
601 4189 740 4265 dictum
752 4189 1025 4266 thesaurarium
1032 4189 1180 4294 Templi
1192 4191 1400 4295 quondam,
1415 4188 1768 4295 presentibuslretre

343 4317 540 4424 liudulpho
561 4320 608 4395 de
628 4319 880 4408 Hordivillari,
903 4337 940 4396 et
963 4319 1043 4396 aliis
1063 4318 1239 4397 iratribus
1264 4321 1353 4398 dicti
1376 4321 1517 4397 ordinis
1538 4321 1584 4396 de
1605 4347 1767 4424 quorum

342 4449 557 4526 nominibus
576 4450 624 4525 ad
643 4477 797 4554 presens
813 4478 890 4528 non
907 4448 1048 4527 recolit.
1065 4452 1113 4526 Et
1127 4468 1211 4555 post
1226 4450 1364 4527 multas
1379 4449 1627 4557 obligationes
1640 4465 1676 4524 et
1689 4478 1770 4555 pro·

342 4579 537 4656 missiones
558 4580 605 4655 de
626 4578 872 4657 observanciis
888 4581 976 4656 dicti
999 4580 1158 4666 ordinis,
1179 4597 1329 4684 recepto
1347 4579 1524 4656 mantello
1537 4608 1558 4655 a
1572 4578 1670 4655 dicto
1684 4578 1767 4656 the·

342 4709 521 4794 samario,
539 4710 672 4785 ductus
686 4709 757 4786 luit
775 4738 843 4812 per
858 4711 1057 4816 quemdam
1073 4709 1223 4786 fratrem
1243 4710 1290 4786 de
1310 4709 1418 4816 cujus
1435 4709 1588 4786 nomine
1609 4735 1685 4786 non
1705 4740 1765 4784 νε-

342 4840 429 4916 colit
439 4839 767 4917 addormitorium
786 4840 884 4917 dicte
899 4840 1051 4930 domus,
1071 4842 1135 4948 qui
1149 4840 1220 4917 sibi
1236 4840 1398 4919 ostendit
1408 4840 1605 4945 quamdam
1617 4868 1764 4915 crucem
