4236 5948
478 568 551 639 sss
868 545 1065 636 moces
1093 563 1189 634 nus
1215 561 1513 635 rennuens.

477 704 679 811 inquisitor
703 703 816 808 peciit
843 703 889 780 ab
917 732 979 790 eo,
1016 734 1082 809 per
1108 703 1364 809 juramentum
1394 733 1503 781 suum
1535 704 1640 781 tactis
1665 707 1904 782 sacrosanctis

476 835 684 942 Evangeliis
710 836 847 913 iterum
872 833 1026 926 lactum,
1063 853 1189 912 utrum
1209 836 1247 911 in
1267 835 1508 940 deposicione
1537 863 1619 923 sua,
1646 852 1800 941 propter
1827 853 1905 912 tor-

477 984 619 1053 menta,
634 965 690 1041 vel
703 983 808 1041 metu
817 982 1093 1043 tormentorum
1103 1025 1112 1053 ,
1122 965 1179 1042 vel
1190 965 1310 1073 aliqua
1325 965 1395 1042 alia
1407 994 1531 1056 causa,
1542 966 1703 1072 aliquam
1713 965 1904 1043 veritatem

477 1099 669 1186 tacuisset,
692 1096 748 1172 vel
765 1095 963 1173 falsitatem
983 1097 1244 1173 immiscuisset
1263 1114 1326 1173 aut
1346 1097 1507 1175 dixisset.
1529 1096 1605 1189 Qui
1626 1095 1822 1203 respondit
1838 1125 1906 1204 per

470 1230 728 1334 juramentum
737 1226 960 1332 suumquod
971 1255 1063 1317 non3
1074 1229 1191 1304 immo
1203 1228 1535 1333 puramveritatem
1550 1226 1736 1304 dixeratet
1747 1255 1903 1305 meram.

531 1360 667 1436 Actum
691 1358 926 1464 presentibus
947 1358 1056 1435 dictis
1080 1358 1190 1435 fratre
1211 1359 1416 1464 Reginaldo
1436 1359 1561 1465 priore
1580 1359 1627 1436 de
1648 1359 1823 1447 Pissiaco,
1842 1387 1904 1438 or·

475 1489 573 1566 dinis
603 1490 901 1578 Prodicatorum3
933 1490 1108 1595 magistro
1135 1488 1339 1596 Reginaldo
1364 1488 1412 1566 de
1435 1488 1650 1597 Albigniaco
1682 1488 1903 1567 Bituricensi

475 1620 669 1709 canonice,
687 1620 892 1698 Guillelmo
913 1619 960 1696 de
980 1623 1166 1729 Hangesto
1181 1621 1346 1710 seniore;
1368 1620 1572 1699 Guillelmo
1586 1621 1634 1697 de
1650 1620 1807 1727 Cboque
1825 1623 1904 1700 cive

474 1750 686 1839 Parisiensi;
708 1768 745 1826 et
762 1749 967 1829 Guillelmo
981 1751 1029 1828 de
1043 1754 1246 1858 Hangesto,
1269 1768 1307 1829 et
1318 1750 1491 1857 pluribus
1506 1750 1585 1828 aliis
1602 1750 1759 1828 testibus
1772 1752 1819 1829 ad
1832 1751 1905 1830 boc

474 1881 610 1959 vocatis
622 1899 658 1959 et
670 1882 818 1987 rogatis.
827 1883 944 1969 Anno,
953 1882 1153 1972 indicione,
1166 1881 1396 1988 pontificatu,
1408 1910 1506 1958 anno
1516 1881 1621 1958 etdie
1630 1880 1769 1988 quibus
1779 1911 1902 1988 supra.

531 2144 578 2219 Et
599 2172 667 2249 ego
684 2145 848 2221 Amisius
864 2144 911 2222 de
931 2145 1142 2224 Aurelianis
1162 2144 1284 2222 dictus
1304 2145 1338 2220 le
1359 2143 1461 2221 Ratis
1465 2203 1473 2233 ,
1496 2143 1652 2221 clericus
1672 2160 1903 2221 sacrosancte

474 2275 638 2350 Romane
665 2273 846 2365 Ecclesie,
876 2276 1040 2352 notarius
1063 2274 1254 2380 publicus,
1280 2275 1471 2380 premissis
1495 2275 1798 2381 juramentorum
1818 2303 1904 2382 pre·

474 2404 711 2493 stationibus,
725 2402 1019 2482 confessionibus
1033 2435 1100 2483 seu
1115 2405 1419 2511 deposicionibus
1434 2423 1472 2482 et
1487 2405 1662 2483 omnibus
1675 2406 1774 2495 aliis,
1790 2423 1903 2514 prout

474 2537 648 2640 superius
673 2554 758 2613 sunt
786 2564 972 2642 expressa,
999 2566 1072 2613 una
1098 2565 1182 2613 cum
1212 2537 1469 2643 suprascriptis
1487 2537 1645 2614 testibus
1665 2553 1704 2613 et
1723 2536 1902 2645 magistro

474 2665 654 2742 Gaulrido
674 2665 774 2743 dicto
785 2667 944 2771 Chalop,
962 2669 1105 2744 notario
1120 2666 1289 2773 publico,
1310 2696 1462 2773 presens
1476 2666 1644 2756 interlui,
1658 2696 1717 2756 ac,
1733 2668 1780 2745 de
1798 2696 1903 2745 man-

474 2794 561 2872 dato
581 2795 812 2901 inquisitoris
832 2797 1006 2903 predicti,
1028 2797 1117 2874 huic
1133 2798 1378 2874 instrumento
1396 2797 1545 2904 publico
1566 2825 1627 2874 me
1646 2797 1848 2904 subscripsi
1863 2799 1902 2874 in

473 2926 730 3003 testimonium
747 2928 1030 3033 premissorum,
1046 2928 1215 3034 illudque
1228 2928 1334 3036 signo
1352 2955 1435 3005 meo
1456 2927 1566 3006 solito
1583 2929 1722 3033 signavi
1738 2946 1899 3034 rogatus.

529 3190 575 3266 Et
592 3219 660 3296 ego
681 3188 884 3268 Gaufridus
907 3188 1098 3295 Enguelor
1116 3189 1236 3265 dictus
1261 3188 1421 3294 Chalop,
1444 3189 1601 3266 clericus
1620 3188 1796 3268 Dolensis
1817 3187 1899 3266 dio·

473 3319 585 3410 cesis,
606 3320 805 3425 apostolica
826 3321 1045 3398 auctoritate
1065 3320 1234 3396 notarius
1253 3318 1442 3425 publicus,
1463 3319 1653 3424 premissis
1673 3318 1850 3396 omuibus
1864 3336 1901 3395 et

472 3451 644 3558 singulis,
667 3478 847 3528 unacum
875 3449 984 3526 dictis
1005 3449 1177 3554 magistro
1203 3448 1344 3526 Amisio
1366 3448 1413 3525 de
1435 3448 1659 3536 Aurelianis,
1682 3449 1816 3525 eadem
1835 3476 1900 3525 au·

473 3586 642 3661 ctoritate
658 3583 803 3661 notario
817 3581 987 3689 publico,
1004 3600 1040 3659 et
1055 3581 1213 3659 testibus
1226 3580 1498 3686 suprascriptis,
1516 3607 1669 3687 presens
1679 3579 1850 3667 interlui,
1864 3597 1899 3656 et

472 3715 512 3788 in
532 3714 789 3791 testimonium
810 3713 1080 3819 premissorum
1103 3741 1162 3789 me
1183 3711 1382 3817 subscripsi
1406 3711 1596 3818 premissis
1614 3711 1654 3787 in
1673 3710 1744 3787 bae
1762 3728 1799 3786 et
1816 3738 1899 3816 pre·

472 3843 619 3920 cedenti
642 3844 756 3949 peciis
776 3844 889 3921 simul
914 3844 1006 3921 sutis
1030 3842 1229 3933 contentis,
1257 3859 1294 3919 et
1312 3842 1460 3949 signum
1483 3870 1610 3921 meum
1637 3841 1792 3948 apposui
1813 3868 1899 3919 con-

470 3993 618 4052 suetum
639 3993 787 4053 vocatus
808 3992 845 4054 et
862 3993 1022 4081 rogatus.

526 4238 568 4312 ln
583 4236 722 4315 Christi
742 4239 895 4316 nomine
920 4268 1041 4315 amen.
1068 4241 1193 4316 Pateat
1212 4239 1409 4327 universis,
1431 4267 1499 4344 per
1514 4235 1586 4314 boc
1605 4262 1759 4341 presens
1777 4233 1898 4341 publi-

470 4394 556 4443 cum
576 4368 883 4458 instrumentum,
906 4369 1011 4476 quod
1031 4398 1130 4447 anno
1149 4369 1301 4447 Domini
1323 4367 1523 4445 millesimo
1543 4380 1624 4445 ccc⁰
1643 4366 1820 4472 septimo,
1842 4365 1899 4440 in·

471 4494 619 4574 dicione
641 4516 758 4587 serta,
777 4528 905 4578 mense
925 4500 1087 4591 octobri,
1110 4500 1281 4581 vicesima
1303 4499 1364 4576 die
1382 4498 1552 4606 ejusdem
1572 4496 1726 4585 mensis,
1743 4492 1897 4601 pontifi-

470 4643 571 4703 catus
602 4630 821 4707 sanctissimi
844 4631 958 4736 patris
984 4631 1127 4708 domini
1156 4631 1359 4709 Clementis
1392 4628 1516 4705 divina
1539 4625 1775 4735 providentia
1802 4650 1896 4730 pape

469 4755 591 4861 quinti
613 4784 709 4834 anno
734 4760 916 4849 secundo,
939 4761 978 4838 in
997 4761 1160 4868 religiosi
1179 4761 1248 4837 viri
1270 4778 1307 4838 et
1327 4759 1473 4837 bonesti
1494 4757 1617 4835 fratris
1634 4753 1827 4834 Guillelmi
1848 4753 1896 4830 de

468 4885 629 4964 Parisius
655 4887 796 4967 ordinis
825 4890 1122 4980 Predieatorum,
1155 4890 1397 4998 ,inquisitoris
1433 4888 1600 4968 heretice
1637 4885 1826 4994 pravitatis
1858 4885 1896 4961 in
