4236 5948
731 560 927 651 reeens
952 576 1055 649 eus
1074 576 1372 649 rennuens
1690 578 1758 654 eor

397 720 444 795 Et
465 746 534 823 ego
553 718 701 796 Euenus
720 718 827 827 Phily
842 718 889 796 de
905 720 1040 798 Sancto
1056 718 1198 796 Nicasie
1211 720 1368 797 clericus
1382 718 1668 824 Corisopitensis
1687 721 1766 799 dio

340 849 449 935 cesis,
472 847 672 953 apostolica
692 848 867 954 publicus
892 850 1107 927 auctoritate
1128 852 1310 939 notarius,
1335 847 1531 956 premissis
1542 850 1582 924 in
1601 853 1763 956 presenti

339 995 437 1056 carte
457 979 562 1083 peoia
578 996 616 1055 ct
629 979 916 1084 precedentibus
936 981 1044 1057 cartis
1064 981 1249 1057 contentis
1264 1008 1352 1059 cum
1376 978 1535 1056 testibus
1555 996 1593 1056 et
1611 982 1766 1059 notariis

340 1136 452 1216 supra
460 1125 503 1186 et
517 1108 757 1214 infrascriptis
778 1110 945 1199 interlui,
968 1129 1092 1188 etune
1107 1140 1192 1187 cum
1209 1111 1323 1218 signis
1342 1111 1512 1216 ipsorum
1531 1111 1763 1188 notariorum

341 1241 488 1344 signum
512 1268 639 1317 meum
656 1241 719 1318 hic
737 1258 889 1347 rogatus
908 1244 1064 1349 apposui
1080 1268 1142 1318 me
1158 1240 1407 1320 subscribens.

397 1505 443 1579 Et
461 1531 530 1610 ege
549 1504 707 1582 Jacobus
726 1502 773 1579 de
786 1504 933 1581 Virtute
954 1503 1108 1580 clericus
1127 1503 1434 1581 Cathalaunensis
1456 1502 1626 1592 diocesis,
1649 1502 1766 1608 publi-

342 1663 409 1712 cus
438 1631 623 1737 imperiali
659 1635 876 1710 auctoritate
907 1634 1089 1722 notarius,
1116 1634 1305 1740 premissis
1330 1632 1506 1710 omnihus
1529 1650 1568 1713 et
1591 1633 1762 1740 singulis,

341 1780 453 1870 prout
470 1764 510 1838 in
530 1764 693 1869 presenti
715 1781 812 1841 carte
832 1791 899 1839 seu
917 1764 1021 1868 pecie
1043 1780 1080 1841 et
1099 1763 1386 1869 precedentibus
1404 1763 1554 1868 plenius
1572 1764 1766 1840 continen-

340 1912 411 1983 tur,
440 1921 618 1971 unacum
639 1892 795 1971 testibus
817 1911 853 1970 et
879 1895 1031 1972 notariis
1060 1894 1316 2000 suprascriptis
1340 1922 1493 2000 presens
1514 1893 1684 1982 interlui,
1710 1911 1762 1981 et,

342 2024 388 2100 ad
401 2023 616 2100 mandatum
633 2041 669 2099 et
684 2023 973 2129 requisicionem
992 2024 1082 2101 dicti
1100 2023 1360 2112 commissarii,
1382 2025 1454 2101 hoc
1472 2025 1763 2102 instrumentum

341 2182 455 2230 manu
471 2155 621 2259 propria
644 2153 772 2258 scripsi
797 2154 836 2228 iu
865 2153 1123 2231 testimonium
1147 2154 1432 2259 premissorum,
1464 2153 1633 2260 illudque
1660 2155 1764 2259 signo

342 2312 428 2361 meo
447 2283 555 2362 solito
573 2285 711 2392 signavi
730 2299 891 2388 rogatus.

398 2549 439 2623 ln
456 2547 593 2624 Christi
609 2548 759 2624 nomine
774 2575 894 2623 amen.
913 2549 1037 2624 Pateat
1054 2548 1234 2623 universis
1249 2548 1353 2653 quod
1369 2575 1468 2640 anno
1479 2547 1630 2623 Domini
1648 2546 1768 2622 mille-

342 2679 437 2754 simo
454 2693 534 2754 oce⁰
544 2679 717 2782 septime,
732 2677 922 2755 indicione
937 2696 1048 2765 sexta,
1064 2678 1300 2784 pontificatus
1314 2679 1531 2756 sanctissimi
1546 2676 1690 2755 domini
1705 2678 1767 2752 de

343 2808 436 2884 mini
455 2806 660 2885 Clementis
687 2837 781 2914 pape
803 2808 925 2915 quinti
945 2837 1044 2885 anno
1071 2810 1256 2897 secundo,
1280 2809 1341 2885 die
1363 2834 1435 2888 xvn
1454 2809 1594 2885 mensis
1613 2835 1766 2884 novem·

342 2938 436 3027 bris,
451 2940 489 3015 iu
505 2939 696 3045 presencia
714 2939 876 3045 religiosi
896 2957 934 3016 et
947 2939 1093 3016 honesti
1107 2940 1174 3015 viri
1193 2938 1314 3016 fratris
1328 2938 1522 3016 Guillelmi
1541 2938 1588 3014 de
1603 2938 1767 3014 Parisius

343 3068 486 3145 ordinis
501 3069 656 3146 fratrum
668 3069 963 3157 predicatorum,
980 3069 1213 3174 inquisitoris
1227 3069 1392 3146 heretice
1403 3068 1589 3175 pravitatis
1600 3069 1640 3143 in
1649 3095 1766 3173 regno

343 3199 493 3274 Francie
507 3200 724 3277 auctoritate
735 3200 938 3306 apostolica
947 3200 1131 3306 deputati,
1145 3218 1314 3277 nestrum
1325 3200 1558 3277 notariorum
1571 3197 1766 3274 ettestium

342 3326 678 3435 infrascriptorum,
709 3331 954 3435 personaliter
984 3332 1204 3408 constitutus
1236 3330 1348 3407 lrater
1374 3331 1556 3407 Henricus
1581 3328 1628 3404 de
1657 3328 1764 3433 Supi,

342 3462 599 3565 sexagenarius
632 3462 690 3538 vel
726 3465 837 3552 circa,
858 3463 971 3541 lrater
1005 3464 1148 3541 ordinis
1179 3464 1316 3540 milicie
1346 3462 1514 3567 Templi,
1540 3461 1687 3568 juratus
1720 3461 1767 3537 ad

341 3593 556 3687 sanctaDei
578 3593 773 3698 Evangelia
797 3611 892 3669 tacta
913 3595 1154 3699 corporaliter
1173 3595 1220 3670 ab
1246 3594 1398 3682 eedem,
1416 3609 1455 3669 et
1474 3594 1676 3698 requisitus
1701 3621 1769 3697 per

336 3722 594 3827 juramentum
615 3720 737 3795 dicere
753 3723 800 3797 de
832 3752 870 3797 se
900 3741 938 3798 et
952 3723 1033 3800 aliis
1053 3724 1142 3800 dicti
1164 3722 1307 3799 ordinis
1327 3722 1465 3799 milicie
1488 3723 1635 3827 Templi
1655 3752 1768 3829 super

343 3830 442 3927 dieto
471 3851 625 3926 crimine
644 3850 785 3926 heresis
809 3851 959 3944 delatis,
981 3882 1023 3928 ac
1044 3854 1090 3929 de
1113 3854 1228 3930 modo
1241 3854 1472 3958 recepcionis
1492 3883 1575 3941 sue,
1597 3854 1637 3929 in
1657 3882 1766 3930 causa

342 3979 430 4057 fidei
444 3980 567 4056 dicero
581 3983 784 4069 veritatem,
808 3982 900 4057 dixit
914 4010 981 4087 per
991 3983 1249 4088 juramentum
1270 3980 1379 4060 suum
1399 3982 1502 4089 quod
1522 3983 1602 4087 ipse
1622 3981 1693 4057 fuit
1706 4009 1767 4057 re-

342 4130 480 4218 ceptus,
501 4113 627 4216 viginti
642 4114 726 4187 anni
747 4130 833 4189 sunt
855 4113 983 4218 elapsi,
999 4114 1037 4188 in
1059 4113 1173 4190 domo
1186 4114 1334 4219 Templi
1358 4112 1589 4204 Perisiensis‚
1611 4140 1679 4215 per
1693 4110 1767 4187 frn-

342 4258 436 4316 trem
447 4242 672 4320 Amahicum
690 4244 907 4348 magistrum
921 4261 1011 4319 tunc
1025 4245 1196 4332 Francie,
1212 4243 1381 4333 militem,
1402 4240 1636 4352 presentibus
1654 4240 1765 4318 fratre

342 4373 511 4448 Huberto
532 4373 766 4451 thesaurario
785 4391 885 4463 tunc,
905 4392 941 4450 et
959 4375 1071 4452 fratre
1092 4378 1125 4451 J.
1148 4376 1194 4451 de
1209 4377 1352 4464 Turno,
1368 4377 1433 4481 qui
1453 4389 1581 4480 postea
1597 4372 1669 4447 suit
1686 4370 1766 4449 the·

342 4502 539 4578 saurarius.
560 4504 661 4578 Dixit
675 4506 792 4580 eciam
806 4533 873 4609 per
886 4505 1144 4609 juramentum
1161 4534 1270 4582 suum
1288 4506 1404 4610 quod,
1427 4522 1512 4610 post
1527 4501 1665 4579 multas
1678 4530 1766 4608 pro-

342 4631 539 4708 missiones
556 4633 603 4708 de
622 4635 766 4711 statutis
786 4652 825 4710 ot
844 4636 996 4711 secretis
1021 4635 1166 4712 ordinis
1191 4633 1432 4712 observandis
1459 4633 1571 4710 sectas
1596 4633 1642 4709 ab
1665 4632 1762 4737 ipso,

343 4780 379 4839 et
391 4762 568 4839 mantello
579 4763 649 4839 sihi
661 4764 708 4840 ad
723 4764 862 4841 collum
874 4765 1013 4869 posito,
1025 4765 1146 4842 dictus
1159 4764 1357 4871 recipiens,
1372 4756 1560 4842 sublevata
1569 4781 1669 4841 veste
1679 4792 1761 4851 sun,

342 4894 507 4998 precepit
515 4894 586 4971 sibi
604 4897 707 5000 quod
728 4896 958 4980 oscularetur
978 4925 1066 4976 eum
1088 4897 1126 4973 in
1147 4896 1342 4987 umbili003
1360 4913 1398 4973 et
1416 4895 1495 5003 ipse
1513 4894 1579 5003 qui
1596 4895 1763 5001 loquitur

427 5050 534 5110 raocls
549 5068 600 5110 ess
616 5069 789 5111 rennuens.
806 5085 848 5097 -
864 5069 896 5110 n.
1577 5048 1611 5110 51
