4236 5948
360 514 433 587 aas
746 493 941 590 raucus
967 513 1062 585 nns
1092 512 1391 588 rnurnrnas.

358 672 397 732 et
418 657 497 761 ipse
518 653 583 759 qui
603 652 770 759 loquitur
794 655 887 729 dixit
905 655 1008 759 quod
1030 655 1099 744 sic;
1125 672 1164 731 et
1184 672 1273 732 ωηο
1296 654 1486 760 predictus
1508 650 1692 758 recipiens
1708 653 1785 737 silai

359 785 451 862 dixit
465 785 569 890 quod
579 782 772 889 oportebat
788 784 894 889 quod
910 784 1109 889 abnegaret
1124 813 1211 861 eum
1229 786 1335 893 cujus
1349 812 1481 892 ymago
1498 801 1575 860 erat
1588 783 1641 861 ibi
1656 801 1724 872 ter,
1741 803 1780 863 et

357 932 414 990 ter
426 931 576 1020 spueret
592 943 702 1019 supra
716 942 864 989 crucem
884 931 920 990 et
933 912 1142 1022 ymaginem
1161 914 1329 1003 easdem,
1347 931 1384 991 et
1403 913 1569 1020 precepit
1587 913 1657 990 sibi
1675 917 1778 1032 quod

357 1045 429 1123 boc
447 1045 599 1132 faceret3
623 1061 658 1119 et
676 1060 766 1119 tunc
785 1043 864 1148 ipse
885 1045 948 1149 qui
977 1043 1145 1149 loquitu-r
1164 1047 1310 1149 negavit
1327 1061 1395 1133 ter,
1421 1061 1464 1120 et·
1476 1061 1533 1119 ter
1548 1044 1652 1150 spuit
1668 1073 1777 1149 supra

355 1204 504 1252 crucem
529 1191 566 1251 et
584 1174 797 1279 ymaginem
820 1174 1021 1279 predictas,
1042 1190 1078 1249 et
1099 1173 1169 1250 hec
1192 1173 1280 1250 lecit
1304 1202 1387 1264 ore,
1408 1175 1568 1250 sednon
1584 1174 1714 1263 corde,
1736 1192 1778 1252 ut

353 1306 458 1382 dixit.
480 1309 574 1381 ltem
594 1303 687 1380 dixit
704 1333 770 1408 per
789 1304 1046 1410 juramentum
1062 1333 1191 1392 suum,
1213 1304 1318 1410 quod
1338 1302 1525 1382 osculatus
1545 1302 1616 1380 fuit
1634 1301 1777 1382 dictum

353 1436 596 1540 recipientem
620 1435 658 1509 in
679 1434 861 1511 umbilico
886 1450 924 1511 et
948 1436 987 1510 in
1006 1461 1089 1522 ore,
1111 1451 1147 1510 et
1165 1462 1241 1510 non
1265 1434 1370 1526 alibi;
1393 1453 1430 1511 et
1452 1435 1621 1542 precepit
1643 1436 1716 1513 sibi
1738 1453 1778 1513 et

353 1565 445 1641 dixit
462 1565 583 1641 dictus
600 1565 783 1669 recipiens
799 1563 902 1671 quod
918 1565 948 1639 si
965 1563 1066 1640 calor
1081 1563 1257 1640 naturalis
1271 1581 1437 1642 moveret
1456 1593 1561 1653 eum,
1578 1566 1683 1670 quod
1698 1566 1775 1670 ipse

353 1697 545 1773 accederet
560 1695 607 1771 ad
620 1695 750 1771 fratres
769 1725 872 1783 suos,
891 1713 928 1771 et
947 1696 1103 1773 haberet
1114 1725 1193 1772 rem
1211 1725 1297 1773 cum
1318 1696 1391 1786 eis;
1408 1696 1473 1773 sed
1488 1697 1567 1801 ipse
1581 1723 1774 1803 nunquam

352 1824 455 1914 fecit,
476 1844 518 1903 ut
535 1825 637 1904 dixit.

407 1958 500 2034 Item
525 1956 726 2062 requisitus
741 1985 809 2060 per
823 1957 1099 2062 juramentum,
1116 1972 1247 2032 utrum
1266 1958 1316 2040 vi,
1338 1957 1396 2032 vel
1416 1974 1521 2033 metu
1540 1928 1697 2034 carceris
1712 1975 1775 2034 aut

350 2103 641 2174 tormentorum,
666 2085 799 2161 dixerit
822 2085 925 2162 aliud
950 2114 1063 2191 quam
1083 2085 1291 2174 veritatem,
1318 2086 1411 2164 dixit
1431 2115 1499 2192 per
1517 2089 1775 2195 juramentum

293 2208 297 2216 ¹
351 2244 463 2291 suum
483 2216 586 2321 quod
606 2243 699 2307 non,
726 2232 763 2291 ct
781 2216 885 2321 quod
909 2244 1043 2321 puram
1071 2217 1264 2294 veritatem
1288 2216 1380 2293 dixit
1404 2245 1474 2322 pro
1504 2217 1624 2295 salute
1650 2218 1772 2295 anime

352 2373 432 2422 sue.
483 2404 485 2408 Α

405 2612 499 2686 ltem
525 2638 640 2698 anno,
669 2611 872 2702 indicione,
899 2605 1136 2715 pontificatu,
1164 2638 1274 2688 anno¹
1291 2629 1328 2687 et
1354 2605 1415 2686 die
1440 2609 1634 2715 predictis,
1661 2608 1772 2689 frater

348 2739 536 2822 lohannes
551 2741 599 2818 de
619 2740 860 2818 Amblanvilla
877 2759 1075 2847 preceptor
1090 2741 1136 2819 de
1156 2740 1337 2828 Puteolis,
1363 2740 1703 2848 quinquagenarius
1717 2743 1773 2820 vel

349 2869 460 2960 circa,
492 2873 628 2949 eodem
646 2870 770 2948 modo
796 2873 1033 2960 constitutus,
1055 2873 1202 2980 juratus
1230 2888 1268 2952 et
1296 2872 1561 2979 interrogatus,
1588 2871 1682 2949 dixit
1705 2901 1772 2978 per

342 3000 598 3106 juramentum
625 3030 738 3079 suum
766 3001 872 3108 quod
892 3001 991 3079 bene
1012 3021 1101 3078 sunt
1123 3021 1198 3080 tres
1221 3002 1306 3116 anni
1330 3001 1388 3078 vel
1414 3002 1509 3077 circa
1533 3002 1648 3106 elapsi
1668 3002 1772 3108 quod

347 3128 419 3206 fuit
437 3149 609 3239 receptus
624 3133 663 3207 in
679 3133 828 3238 grangia
852 3133 899 3207 de
919 3133 1139 3235 Messelent,
1160 3161 1228 3239 per
1242 3131 1394 3210 fratrem
1413 3134 1612 3238 Hugonem
1637 3133 1684 3210 dc
1704 3135 1770 3210 Pa·
1881 3134 1884 3139 ’

346 3260 464 3338 raudo
480 3261 718 3339 visitatorem
742 3262 912 3348 Francie,
942 3263 1179 3369 presentibus
1208 3261 1320 3339 fratre
1348 3261 1518 3340 lohanne
1550 3278 1769 3368 preceptore

347 3389 567 3466 de‘Yvriaco
588 3390 627 3465 in
647 3391 925 3495 Weuquesino,
949 3408 986 3467 et
1005 3389 1116 3467 fratre
1131 3392 1240 3468 Petro
1261 3407 1430 3470 morante
1446 3391 1547 3497 apud
1561 3394 1692 3468 Barne.

401 3520 495 3596 Item
521 3519 613 3595 dixit
641 3548 710 3626 per
723 3517 981 3628 juramentum
1009 3522 1113 3627 quod
1138 3521 1329 3627 predictus
1357 3521 1542 3628 recipiens
1570 3520 1658 3599 fecit
1682 3549 1769 3600 eum

339 3648 467 3753 jurare
487 3678 629 3727 servare
650 3666 786 3727 statuta
801 3667 838 3726 et
852 3667 993 3727 secreta
1008 3649 1169 3740 ordinis,
1188 3668 1226 3728 et
1244 3653 1372 3757 posuit
1391 3652 1461 3729 sibi
1483 3650 1703 3728 mantellum
1722 3653 1769 3731 ad

326 3882 328 3887 .
345 3776 499 3869 collum,
520 3798 558 3858 et
572 3797 705 3886 postea
716 3797 864 3858 ostensa
879 3780 950 3860 sibi
965 3809 1075 3858 cruce
1091 3810 1179 3858 cum
1201 3780 1323 3890 effigie
1336 3782 1453 3858 Jhesu
1467 3782 1605 3860 Christi
1621 3782 1659 3857 in
1675 3811 1769 3889 quo·

345 3907 432 3985 dam
451 3911 606 3999 missali,
628 3913 811 4017 recipiens
827 3911 987 4018 quesivit
1006 3911 1053 3988 ab
1076 3939 1122 3988 eo
1145 3912 1175 3988 si
1196 3911 1373 3989 credebat
1390 3913 1494 4017 quod
1516 3929 1614 3990 esset
1631 3911 1768 3991 Jhesus

344 4038 515 4118 Christus
543 4041 650 4147 cujus
669 4069 810 4149 ymago
823 4058 901 4117 erat
920 4039 995 4129 ibi,
1017 4058 1054 4116 et
1071 4041 1151 4148 ipse
1169 4041 1235 4147 qui
1257 4042 1430 4147 loquitur
1446 4040 1642 4146 respondit
1661 4042 1768 4147 quod

343 4167 412 4259 sic;
429 4184 468 4246 et
482 4186 573 4247 tunc
594 4171 698 4247 idem
714 4171 896 4276 recipiens
916 4170 1085 4277 precepit
1103 4171 1173 4247 sibi
1195 4171 1300 4277 quod
1311 4171 1513 4278 abnegaret
1527 4189 1584 4249 ter
1601 4199 1708 4259 enm,
1729 4188 1768 4249 et

341 4314 400 4375 ter
425 4317 576 4405 spueret
595 4329 705 4407 supra
730 4329 877 4377 crucem
905 4317 944 4377 et
963 4300 1176 4407 ymaginem
1195 4300 1397 4406 predictas,
1419 4317 1458 4378 et
1482 4317 1573 4379 tunc
1594 4300 1675 4407 ipse
1699 4301 1765 4408 qui

343 4427 510 4535 loquitur
529 4431 675 4538 negavit
690 4459 776 4508 eum
788 4448 847 4507 ter
865 4459 943 4523 ore,
965 4431 1033 4508 sed
1052 4452 1129 4509 non
1144 4431 1273 4520 corde,
1291 4449 1334 4509 ut
1350 4431 1458 4519 dixit,
1476 4447 1514 4507 et
1531 4429 1638 4509 finxit
1652 4448 1712 4508 ter
1726 4459 1776 4509 se>

341 4586 474 4663 spuere
492 4590 601 4667 supra
621 4589 770 4639 crucem
786 4579 823 4638 et
836 4562 1047 4668 ymaginem
1061 4560 1262 4665 predictas,
1283 4561 1352 4639 sed
1367 4562 1468 4668 spuit
1486 4561 1534 4638 ad
1552 4580 1708 4650 terram,
1723 4578 1767 4639 ut

341 4687 446 4765 dixit.

396 4821 488 4896 ltcm
510 4820 602 4896 dixit
619 4821 739 4927 quod,
762 4824 809 4900 da
823 4839 999 4930 precepto
1019 4824 1248 4930 recipientis,
1266 4823 1345 4929 ipse
1358 4822 1625 4904 osculatussuit
1639 4822 1765 4929 ipsunt
