4236 5948
345 530 419 602 ara
726 509 921 602 naocts
952 528 1049 600 ons
1072 527 1386 604 'supputans

344 699 430 747 nam
451 688 489 747 et
508 698 650 752 meram
669 670 880 761 veritatem,
894 669 1109 746 ‘secundum
1129 667 1289 746 lormam
1305 668 1512 776 juramenti
1533 668 1693 748 aliorum
1711 691 1766 750 te-

343 802 458 878 stium
479 801 651 906 superius
670 801 917 910 registratam,
941 800 1145 906 expositam
1164 798 1474 905 etvulgarizatam
1492 800 1651 878 eisdem.
1682 890 1690 902 ,

399 1063 541 1139 Eadem
555 1063 616 1138 die
631 1062 789 1168 predicti
808 1063 951 1140 domini
969 1062 1214 1147 commissarii
1229 1062 1399 1140 secarunt
1416 1064 1542 1164 venire
1556 1065 1604 1142 ad
1618 1094 1770 1172 presen-

344 1194 437 1270 ciam
453 1181 557 1270 suam
578 1190 826 1270 Guillelmum
851 1191 991 1300 Pidoye
1012 1192 1354 1270 administratorem
1376 1211 1413 1271 et
1433 1195 1629 1273 custodem
1647 1198 1770 1277 bono-

343 1351 425 1400 mm
441 1321 609 1429 Templi,
633 1323 672 1398 in
689 1325 796 1429 cujus
814 1340 851 1399 et
869 1323 1131 1401 consociorum
1148 1325 1227 1431 ejus
1245 1341 1428 1430 potestate
1449 1324 1674 1405 dicebantur
1687 1355 1769 1407 esse

342 1454 502 1560 reliquie
522 1471 566 1530 et·
579 1481 686 1559 capse
709 1452 955 1560 reliquiarum
976 1482 1051 1560 que
1070 1471 1241 1560 tempore
1263 1455 1447 1560 capcionis
1465 1457 1769 1563 Templariorom

342 1584 491 1660 invente
508 1583 661 1660 luerunt
671 1584 714 1659 <in
727 1584 842 1661 domo
855 1583 1003 1690 Templi
1021 1584 1253 1695 Parisiensis,
1269 1601 1306 1661 et
1317 1586 1486 1691 precepit
1500 1587 1552 1673 ei,
1570 1588 1666 1665 sicut
1679 1589 1771 1666 alias

341 1731 560 1820 preceptum
581 1712 794 1821 fuerat‘per
814 1713 969 1792 eosdem
997 1714 1173 1791 dominos
1189 1715 1467 1795 commissarios
1487 1733 1524 1793 et
1548 1717 1768 1794 mandatum

342 1844 430 1931 sibi,
454 1860 491 1920 et
511 1845 687 1951 magistro
705 1843 915 1923 Guillelmo
937 1840 983 1922 de
1005 1844 1194 1938 Gisorcio,
1214 1864 1252 1922 et
1266 1846 1449 1954 Raynerio
1464 1847 1770 1940 Bord'ono,con·

343 1974 457 2050 sociis·
480 1974 557 2050 suis
582 1975 622 2049 iu
649 1973 978 2051 administracione
999 1990 1042 2051 et·
1062 1968 1233 2051 custodia
1255 1974 1492 2081 supradictis,
1512 1974 1616 2083 quod
1631 1972 1770 2054 deffer-

341 2103 493 2181 renttad
514 2131 579 2181 eos
599 2105 726 2180 omnia
746 2105 865 2209 capita
889 2103 1082 2182 metallina
1105 2103 1164 2181 vel
1189 2104 1317 2212 lignea
1340 2132 1413 2210 que
1440 2132 1509 2209 per
1532 2132 1596 2182 eos
1620 2107 1769 2215 inventa

343 2232 491 2310 fuerant
510 2234 549 2308 in
570 2233 667 2310 dicta
689 2236 805 2311 domo
825 2233 995 2340 Templi:
1010 2235 1082 2310 Per
1100 2261 1220 2340 quem·
1234 2234 1392 2311 allatum
1412 2233 1484 2310 suit
1504 2235 1557 2312 eis
1576 2237 1768 2343 quoddam

343 2391 522 2472 magnum
541 2363 661 2469 capud
678 2380 898 2469 argenteum
909 2363 1131 2440 deauratum
1145 2362 1339 2468 pulcrum,
1362 2359 1521 2470 figuram
1541 2363 1768 2443 muliebrem

343 2493 486 2569 habens
499 2523 521 2581 ,·
537 2494 634 2570 intra
651 2494 757 2599 qu'od
778 2511 883 2570 erant
902 2522 984 2570 ossa
1002 2493 1117 2569 unius
1139 2493 1284 2598 capitis,
1303 2493 1471 2570 involuta
1489 2512 1527 2570 et
1550 2507 1708 2573 consuta
1730 2499 1770 2574 in

342 2621 507 2729 quodam
531 2651 654 2729 panno
678 2623 780 2700 lineo
805 2622 908 2709 albo,
932 2622 1101 2730 syndone
1128 2621 1256 2699 rubea
1269 2624 1522 2729 superposita,
1550 2641 1586 2700 et
1617 2643 1697 2703 erat
1717 2627 1769 2704 ibi

342 2753 507 2859 quedam
528 2753 663 2830 cedula
686 2771 840 2830 consuta
863 2755 901 2828 in
923 2783 996 2859 qua
1019 2770 1098 2829 erat
1116 2753 1297 2860 scriptum
1324 2755 1444 2859 capud
1466 2769 1585 2845 annm,
1610 2773 1648 2832 et
1671 2757 1768 2834 dicta

343 2911 425 2962 ossa
445 2884 909 2969 assimilabantucossibus
930 2884 1060 2990 capitis
1076 2884 1177 2990 parvi
1200 2883 1416 2972 muliebris,
1441 2902 1479 2961 et
1503 2885 1698 2964 dicebatur
1723 2885 1768 2964 ab

343 3012 653 3120 aliquibusssquod
667 3030 746 3090 erat
758 3012 879 3119 capud
895 3014 1007 3090 unius
1025 3014 1203 3091 undecim
1219 3014 1384 3090 millium
1401 3014 1599 3123 virginum.
1616 3015 1696 3092 Atia
1712 3044 1774 3094 ca-

343 3143 419 3247 pita
437 3141 529 3218 dixit
547 3143 650 3219 idem
670 3141 900 3220 Guillelmus
911 3143 1059 3250 Pidoye
1075 3166 1114 3220 se
1133 3171 1212 3223 non
1227 3143 1412 3221 invenisse
1428 3144 1472 3219 in
1484 3144 1601 3222 domo
1619 3147 1768 3252 Templi

342 3274 521 3378 predicta.
546 3274 727 3378 Postque
749 3273 837 3350 dicti
858 3274 1001 3351 domini
1025 3275 1269 3352 commissarii
1285 3275 1454 3352 lecerunt
1471 3278 1667 3354 venire-ad
1686 3300 1770 3384 pre·-

344 3404 507 3479 senciam
524 3430 658 3480 eornm
674 3403 825 3480 fratrem
841 3401 1089 3482 Guillelmum
1108 3405 1155 3482 de
1175 3404 1336 3512 Arbleyo
1353 3405 1444 3482 olim
1464 3405 1768 3485 elemosinarium

343 3533 462 3639 regis,
479 3549 615 3610 testem
629 3563 741 3640 supra
756 3535 1027 3620 examinatum,
1048 3534 1115 3641 qui
1135 3534 1360 3640 deposuerat
1375 3536 1474 3611 inter
1489 3536 1560 3611 alia
1577 3563 1616 3611 se
1634 3538 1769 3615 vidisse

344 3662 536 3769 quoddam
548 3664 669 3769 capud
684 3664 722 3738 in
737 3663 909 3769 capitulis
922 3691 1055 3741 eorum
1067 3664 1321 3771 generalibus,
1336 3666 1396 3742 cui
1407 3667 1658 3743 reverenciam
1669 3668 1770 3745 exhi·

343 3791 498 3881 bebant,
521 3810 560 3870 et
574 3811 650 3871 erat
666 3793 882 3883 barbatum,
911 3811 949 3871 et
974 3780 1151 3872 credebat
1163 3823 1242 3872 esse
1257 3773 1414 3902 ydolum
1432 3796 1537 3902 quod
1548 3797 1770 3877 dicebantur

342 3923 523 4015 adorare3
551 3941 588 4002 et
607 3925 855 4002 ostenderunt
872 3926 1001 4004 ,eidem
1024 3924 1128 4004 fratri
1156 3926 1364 4005 Guillelmo
1393 3926 1536 4002 dictum
1563 3929 1705 4032 capud,
1721 3929 1766 4005 ad

343 4054 540 4131 sciendum
554 4056 586 4131 si
613 4073 692 4132 erat
715 4056 811 4133 illud
836 4057 957 4162 capud
978 4059 1025 4133 de
1050 4085 1127 4164 quo
1146 4057 1248 4133 idern
1268 4056 1383 4134 irater
1399 4054 1629 4135 Guillelmns
1651 4058 1769 4165 depo-

343 4202 481 4274 suerat,
496 4187 864 4293 etrespoudit‘quod
884 4216 980 4279 non,
1003 4216 1073 4263 nec
1088 4204 1166 4264 erat
1179 4204 1301 4265 certus
1314 4188 1343 4264 si
1366 4188 1456 4263 alias
1468 4186 1613 4264 viderat
1627 4184 1777 4266 dictum

342 4315 465 4419 capud
482 4316 521 4390 in
538 4315 654 4393 domo
673 4317 834 4423 Templi.
953 4341 971 4376 0
1759 4400 1765 4411 ,

401 4444 490 4521 Acta
511 4444 752 4524 suemnt'bec
767 4447 874 4526 dictis
892 4449 954 4526 die
976 4466 1015 4526 et
1031 4448 1136 4538 loco,
1155 4448 1395 4554 presentibus
1415 4446 1592 4553 magistro
1607 4447 1765 4538 Amisio,

344 4604 405 4652 me
425 4575 913 4670 FloriamonteDondedei,
934 4597 972 4656 et
984 4580 1065 4657 aliis
1078 4571 1232 4692 notariis
1243 4606 1356 4686 supra
1372 4578 1510 4656 ultimo
1523 4579 1738 4661 nominatis.

401 4837 488 4914 Post
504 4837 590 4927 bec,
603 4839 666 4916 die
682 4842 857 4917 Mercurii
872 4842 1061 4947 sequenti,
1074 4867 1149 4948 que
1164 4840 1235 4919 fuit
1247 4867 1297 4919 xn
1310 4841 1392 4918 dies
1407 4839 1496 4917 dicti
1507 4840 1652 4918 mensis·
1662 4840 1764 4926 Maii,
