4236 5948
611 526 809 619 rnoons
840 546 938 618 nus
968 547 1272 624 rnupnrnns
1582 558 1652 630 ros

231 691 300 768 alia
326 691 401 768 sint
424 685 583 766 confessi
603 702 731 764 contra
749 686 893 764 dictum
908 687 1108 779 ordinem,
1130 690 1178 767 ad
1197 692 1305 800 eujus
1327 690 1599 773 deffensionem
1615 726 1655 776 se

230 846 307 902 non
320 818 523 899 obtulerat.

285 950 503 1059 Requisitus
517 948 546 1025 si
562 947 614 1025 sic
626 949 852 1055 deposuerat
864 978 989 1055 prece,
1009 969 1202 1060 precepto,
1221 954 1370 1044 timore,
1388 983 1532 1048 amore,
1550 958 1654 1049 odio,

230 1085 287 1162 vel
314 1079 513 1188 temporali
538 1078 698 1156 comodo
728 1078 857 1156 habito
887 1079 945 1156 vel
975 1080 1170 1170 habendo,
1201 1084 1396 1190 respondit
1423 1087 1527 1191 quod
1558 1115 1656 1179 non,

231 1216 297 1295 sed
322 1243 392 1322 pro
415 1213 568 1289 veritate
599 1210 773 1299 dicenda3
804 1211 864 1288 cui
892 1210 964 1288 fuit
990 1213 1202 1323 injunctum
1233 1215 1339 1322 quod
1370 1244 1448 1294 non
1476 1219 1658 1299 revelaret

231 1348 326 1425 lianc
345 1372 452 1423 suam
473 1342 770 1450 deposicionem,
793 1370 992 1450 quousque
1013 1345 1272 1422 attestaciones
1290 1344 1432 1424 firerint
1454 1348 1653 1455 publicato.

287 1611 375 1686 Post
390 1609 476 1697 hec,
498 1606 612 1683 frater
630 1607 764 1682 Petrus
785 1606 832 1682 de
852 1604 995 1683 Palude
1015 1607 1280 1716 Lugdunensis
1306 1608 1485 1695 diocesis,
1512 1608 1657 1686 ordinis

232 1740 530 1827 Predioatorum,
550 1735 779 1814 baccalarius
798 1738 835 1813 in
855 1737 1063 1844 theologia,
1085 1738 1150 1845 qui
1175 1738 1370 1816 dicebatur
1393 1739 1538 1845 aliquid
1562 1740 1659 1817 scire

233 1872 279 1948 de
299 1871 486 1949 contentis
500 1869 538 1946 in
558 1868 667 1945 dictis
681 1866 864 1956 articulis,
880 1869 1038 1975 juravit,
1053 1869 1159 1947 tactis
1173 1870 1413 1947 sacrosanctis
1426 1869 1654 1979 Euangelus,

234 2002 357 2081 dicere
372 2002 567 2080 veritatem
587 2000 626 2074 in
648 1999 805 2107 negocio
821 1999 913 2089 isto,
936 2000 1145 2076 secundum
1165 1998 1325 2079 formam
1338 2001 1544 2108 juramenti
1562 2001 1657 2079 elio·

232 2163 317 2211 rum
346 2132 499 2211 testium
525 2130 698 2236 superius
715 2130 964 2236 registratam,
994 2129 1128 2207 lectam
1149 2130 1292 2220 eidem,
1318 2131 1529 2208 secundum
1554 2132 1658 2238 quod

233 2260 509 2340 recordabatur.
533 2260 656 2337 Lectis
681 2276 808 2336 autem
835 2259 905 2335 sibi
932 2259 1110 2337 omnibus
1134 2278 1171 2337 et
1194 2259 1353 2369 singulis
1381 2261 1563 2350 articulis,
1598 2290 1658 2338 re-

234 2392 385 2500 spondit
404 2420 443 2468 se
470 2390 632 2477 nescire,
659 2418 728 2465 nec
748 2389 921 2475 credere,
948 2418 1018 2466 nec
1036 2390 1219 2467 audivisse
1249 2391 1321 2467 dici
1347 2391 1395 2467 de
1416 2391 1600 2468 contentis
1618 2392 1657 2467 in

235 2523 286 2598 eis
304 2521 376 2599 nisi
398 2519 503 2627 quod
522 2519 694 2627 sequitur
715 2550 723 2594 :
744 2517 919 2595 videlicet
942 2518 1046 2624 quod
1076 2517 1294 2595 interfuerat
1316 2521 1659 2597 examinacionibus

235 2651 443 2730 multorum
463 2648 785 2755 Templariorum,
806 2675 969 2754 quorum
999 2647 1116 2755 aliqui
1144 2646 1434 2726 confitebantur>
1454 2649 1595 2727 multos
1615 2669 1658 2727 ex

236 2779 424 2858 erroribus
444 2778 629 2857 contentis
648 2778 689 2854 in
710 2777 818 2854 dictis
838 2777 1020 2868 articulis,
1042 2794 1081 2854 et
1105 2777 1220 2883 aliqui
1241 2778 1304 2855 alii
1325 2807 1389 2855 eos
1408 2780 1567 2856 omnino
1589 2780 1660 2857 dil-

235 2910 450 2997 litebantur,
476 2927 578 2987 etex
605 2906 734 2984 multis
756 2909 986 3013 argumentis
1011 2906 1210 2984 videbatur
1233 2908 1268 2984 ei
1293 2908 1398 3014 quod
1422 2909 1542 3016 major
1563 2908 1659 2987 fides

236 3058 330 3119 esset
343 3038 558 3117 adhibenda
571 3035 795 3144 negantibus
806 3065 920 3143 quam
937 3036 1218 3135 confitentibus.
1232 3035 1387 3114 Audivit
1398 3054 1524 3114 tamen
1539 3039 1659 3115 multa

235 3171 373 3249 narrari
391 3200 411 3246 a
435 3167 565 3247 multis
586 3169 650 3275 qui
669 3167 930 3245 examinabant
954 3168 1073 3245 dictos
1095 3167 1347 3274 Templarios,
1370 3167 1489 3244 multa
1513 3168 1658 3246 mutes

234 3318 310 3378 sata
326 3328 449 3378 coram
465 3300 534 3386 eis,
553 3299 751 3405 exquibus
770 3299 1103 3376 narracionibuset
1121 3298 1204 3375 eliis
1215 3298 1392 3376 credebat
1406 3299 1511 3403 quod
1530 3298 1660 3376 illicite

236 3447 410 3509 contenta
429 3429 470 3505 in
497 3429 607 3507 dictis
628 3429 808 3520 articulis,
830 3428 888 3505 vel
912 3429 1031 3537 major
1052 3457 1137 3534 pars
1159 3457 1203 3506 ex
1228 3429 1298 3517 eis,
1321 3429 1592 3506 intervenirent
1618 3430 1659 3505 in

235 3559 519 3668 recepcionibus
537 3558 751 3666 aliquosum
767 3588 810 3636 ex
827 3558 1003 3637 fratribus
1023 3559 1167 3635 ordinis
1183 3559 1245 3636 rel
1266 3577 1367 3664 post,
1390 3577 1428 3636 et
1444 3586 1521 3635 non
1542 3560 1581 3634 in
1601 3587 1660 3636 re-

236 3689 477 3797 cepcionibus
501 3688 664 3767 aliorum
687 3717 757 3766 nec
784 3706 887 3795 post,
911 3707 949 3767 ct
978 3689 1120 3766 audivit
1147 3690 1289 3766 narrari
1318 3690 1425 3795 quod
1452 3689 1499 3765 ab
1525 3689 1659 3780 inicio,

236 3819 389 3929 quando
409 3820 504 3897 ordo
524 3819 829 3926 Templariorum
850 3819 1021 3925 inceptus
1046 3818 1185 3905 suerat,
1211 3819 1289 3896 duo
1315 3820 1525 3927 equitantes
1549 3850 1662 3927 super

237 3979 357 4027 unum
376 3974 524 4056 equum
545 3950 586 4025 in
606 3948 728 4056 prelio
748 3950 848 4025 ultra
865 3978 987 4037 mare,
1008 3977 1171 4056 quorum
1196 3949 1342 4055 primus
1366 3978 1488 4027 sessor
1513 3978 1661 4026 recum-

238 4081 427 4159 meudavit
445 4108 485 4158 se
513 4081 628 4158 lhesu
645 4080 813 4170 Christo,
835 4094 874 4156 et
898 4078 969 4157 luit
989 4080 1205 4157 vulneratus
1223 4079 1261 4155 in
1286 4079 1428 4185 preli03
1456 4078 1551 4155 alter
1573 4107 1660 4156 vero

237 4228 430 4317 postcom
451 4211 638 4318 equitans,
662 4239 776 4317 quern
806 4209 926 4286 credit
944 4209 1057 4287 luisse
1078 4209 1282 4317 dyabolum
1299 4208 1604 4286 transformatum
1621 4209 1660 4284 in

237 4339 358 4419 forma
378 4342 558 4427 humana,
581 4341 675 4418 dixit
698 4340 802 4446 quod
822 4340 902 4446 ipse
928 4339 1263 4417 recummeudabat
1289 4368 1328 4418 se
1352 4339 1409 4420 illi
1438 4340 1504 4446 qui
1526 4338 1662 4416 mel-ius

235 4473 364 4578 juvare
383 4489 546 4576 poterut,
574 4489 715 4549 etcum
734 4499 812 4547 non
834 4470 966 4548 suisset
986 4471 1025 4546 in
1045 4470 1167 4577 prelio
1192 4470 1428 4561 vulneratus,
1457 4469 1662 4574 reprehen-

240 4601 349 4679 deret
365 4601 482 4678 aliurn
510 4602 616 4709 quod
639 4601 1009 4678 recommendaverat
1033 4628 1071 4676 se
1098 4598 1214 4676 Jhesu
1241 4599 1409 4688 Christo,
1439 4615 1488 4675 et·
1510 4598 1603 4674 dixit
1627 4599 1660 4674 ei

240 4732 360 4837 quod,
384 4732 415 4809 si
434 4732 584 4810 volebat
601 4731 674 4811 sibi
695 4729 866 4817 credere,
886 4729 1201 4836 multiplicaretur
1221 4746 1260 4807 et
1279 4729 1461 4806 ditaretur
1480 4728 1603 4814 Ordo,
1624 4744 1664 4804 et

241 4861 395 4950 audivit,
418 4864 535 4940 nescit
553 4880 681 4941 tamen
698 4892 718 4938 a
738 4860 894 4970 quibus,
912 4861 1018 4969 qnod
1044 4860 1188 4967 primus
1207 4860 1274 4968 qui
1299 4859 1421 4937 fuerat
1447 4858 1661 4934 vulneratus

1464 4998 1511 5057 25.
