4236 5948
726 547 922 642 vnocbs
944 570 1039 641 nas
1066 570 1368 643 renarrans.
1685 576 1754 646 105

342 706 543 814 superioris
558 706 629 783 nisi
647 737 715 813 pro
731 710 864 785 arciori
876 708 1057 815 religione
1080 711 1138 786 vel
1157 711 1469 799 Cartusiensium,
1486 682 1641 788 credens
1654 715 1757 818 quod

343 837 402 913 alii
418 835 521 912 idem
532 836 714 943 jurarent.
731 838 972 916 Clandestine
993 840 1278 945 recipiebantur,
1300 840 1416 917 nullis
1432 840 1670 947 presentibus
1686 843 1755 917 nisi

343 965 515 1043 iratribus
535 967 694 1056 ordinis,
716 997 852 1074 exque
869 970 988 1045 credit
1007 970 1109 1074 quod
1130 988 1226 1047 esset
1246 971 1407 1077 suspicio
1423 988 1551 1047 contra
1571 999 1646 1048 eos.
1667 971 1759 1048 Cor-

344 1096 440 1173 dulis
452 1096 554 1173 unde
567 1097 740 1174 volebant
753 1099 951 1204 assumptis
964 1098 1209 1207 cingebantur
1221 1129 1333 1205 super
1343 1102 1509 1178 camisias
1523 1130 1607 1176 curn
1621 1101 1757 1206 quibus

339 1226 518 1332 jacebant.
536 1227 801 1335 injungebatur
814 1229 866 1305 eis
885 1258 953 1334 per
972 1248 1244 1306 sacramentum
1261 1231 1364 1336 quod
1381 1260 1456 1308 non
1475 1231 1680 1308 revelarent
1700 1260 1757 1308 se-

344 1373 439 1433 creta
450 1356 715 1462 capitulorum,
730 1358 776 1434 de
788 1358 903 1434 modo
917 1359 1144 1464 recepcionis
1158 1360 1307 1466 speciali
1320 1390 1395 1437 non
1410 1361 1533 1439 habita
1546 1362 1754 1437 mencione.

344 1485 534 1578 Quamdiu
566 1486 704 1561 habere
737 1504 909 1592 poterant
937 1488 1148 1564 sacerdotes
1168 1489 1326 1574 ordinis,
1352 1518 1426 1565 non
1454 1489 1643 1566 debebant
1677 1490 1757 1565 aliis

345 1616 481 1720 absque
497 1643 629 1691 eorum
653 1614 808 1692 licencia
831 1616 1015 1693 confiteri.
1042 1619 1190 1693 Fratres
1213 1618 1373 1694 scientes
1399 1647 1544 1695 errores
1570 1617 1758 1721 predictos

340 1744 490 1821 fuerunt
516 1744 748 1850 negligentes
774 1746 860 1852 quia
887 1774 962 1823 non
989 1764 1229 1823 correxerunt
1255 1776 1318 1824 eos
1344 1776 1412 1824 nec
1434 1748 1754 1824 denunciaverunt

341 1872 515 1950 Ecclesie.
549 1872 780 1950 Elemosinas
811 1892 847 1951 et
878 1874 1168 1981 hospitalitatem
1198 1876 1293 1951 vidit
1322 1877 1586 1952 convenienter
1612 1876 1692 1951 fieri
1721 1895 1757 1951 et

342 2003 474 2079 servari
499 2004 538 2078 in
560 2003 735 2080 domibus
760 2004 903 2080 ordinis
927 2005 966 2080 in
991 2004 1128 2112 quibus
1154 2006 1293 2082 exstitit
1317 2024 1587 2091 commoratus,
1623 2023 1660 2080 et
1690 2033 1757 2110 per

341 2133 549 2239 predictum
570 2133 720 2210 fratrem
741 2134 950 2211 iohannem
969 2134 1015 2211 de
1031 2136 1167 2212 Sancto
1182 2136 1386 2212 Benedicto
1402 2134 1472 2211 suit
1489 2136 1522 2211 ei
1538 2152 1755 2240 preceptum

342 2263 444 2369 quod
463 2264 577 2340 dictas
598 2265 818 2341 elemosinas
835 2282 873 2341 et
887 2265 1181 2371 hospitalitatem
1201 2266 1299 2343 bene
1316 2282 1477 2343 servaret
1492 2267 1532 2340 in
1546 2265 1757 2370 periculum

341 2394 463 2469 anime
479 2421 557 2470 sue.
579 2395 800 2499 Preceptum
820 2394 891 2470 luit
911 2395 944 2470 ei
961 2394 1066 2500 quod
1087 2395 1209 2471 modis
1226 2394 1362 2471 debitis
1382 2411 1599 2499 procuraret
1615 2394 1757 2469 ordinis

342 2523 625 2599 incrementum.
657 2524 785 2601 Credit
809 2523 913 2629 quod
936 2524 1031 2600 illud
1056 2524 1158 2630 quod
1183 2553 1339 2630 magnus
1363 2524 1537 2629 Magister
1562 2553 1646 2599 cum
1669 2552 1758 2600 con·

341 2669 453 2728 ventu
478 2653 686 2730 ordinasset
715 2671 892 2729 servasset
916 2670 1018 2731 totus
1044 2654 1153 2739 ordo,
1187 2671 1314 2729 contra
1341 2682 1452 2759 quem
1480 2682 1580 2730 nunc
1604 2654 1756 2760 grandia

342 2782 528 2869 scandala,
546 2784 706 2889 suspicio
721 2800 758 2859 et
771 2782 923 2858 inlamia
938 2799 1026 2858 sunt
1039 2799 1181 2870 exorta3
1203 2783 1309 2888 cujus
1329 2782 1504 2860 fratribus
1524 2783 1641 2860 credit
1654 2786 1755 2888 quod

344 2929 464 2989 essent
483 2929 572 2987 nota
588 2912 792 2989 confessata
811 2940 879 3017 per
894 2939 1007 2987 eum:
1029 2939 1103 3016 que
1123 2939 1200 2986 non
1222 2911 1397 3018 deposuit
1414 2940 1542 3016 prece,
1563 2929 1754 3017 precepto,

342 3042 493 3129 timore,
510 3069 653 3133 amore,
672 3041 773 3129 odio,
790 3040 847 3117 vel
863 3041 1061 3146 temporali
1077 3040 1238 3117 comodo
1259 3040 1388 3117 habito
1407 3040 1464 3117 vel
1482 3040 1673 3124 habendo,
1691 3042 1756 3116 sed

342 3198 408 3275 pro
420 3171 574 3247 veritate
592 3170 766 3261 dicenda,
789 3189 831 3247 ut
844 3170 957 3258 dixit3
979 3171 1038 3246 cui
1052 3169 1123 3246 fuit
1139 3169 1347 3275 injunctum
1363 3170 1466 3274 quod
1481 3197 1558 3246 non
1579 3169 1758 3245 revelaret

344 3299 438 3374 hanc
452 3328 555 3376 suam
577 3299 874 3404 deposicionem,
896 3327 1092 3406 quousque
1113 3300 1370 3376 attestaciones
1390 3298 1530 3375 luerint
1549 3298 1756 3403 publicate;

345 3446 432 3506 etse
454 3457 531 3507 non
551 3429 740 3507 obtulerat
756 3430 803 3505 ad
820 3429 1092 3506 deffensionem
1115 3428 1270 3505 ordinis.

396 3695 527 3769 Frater
554 3694 777 3800 Raynaudus
798 3692 972 3769 Larchier
991 3693 1174 3779 serviens,
1196 3693 1430 3768 Turonensis
1455 3691 1628 3780 diocesis,
1656 3692 1759 3766 testis

344 3851 453 3929 supra
462 3823 627 3930 juratus,
646 3824 798 3929 triginta
824 3839 908 3898 octo
929 3849 1113 3897 annorum
1134 3819 1190 3898 vel
1212 3821 1323 3912 circa,
1350 3847 1426 3896 non
1447 3819 1634 3897 defferens
1654 3848 1760 3895 man-

344 3952 478 4030 tellum
501 3951 659 4040 ordinis,
677 3953 764 4058 quia
792 3953 915 4057 ipsum
936 3951 1130 4026 dimiserat
1148 3964 1330 4026 vetustate
1350 3966 1631 4054 consumptum,
1659 3965 1760 4053 post-

345 4083 502 4159 modum
522 4083 603 4159 radi
624 4084 760 4160 lecerat
780 4082 850 4159 sibi
870 4082 1043 4167 barbam,
1061 4108 1147 4156 cum
1168 4107 1244 4185 quo
1259 4079 1483 4185 inquisitum
1503 4078 1639 4167 luerat,
1656 4077 1760 4152 abso·

345 4212 445 4289 lutus
464 4229 502 4288 et
517 4213 779 4290 reconciliatus
795 4241 862 4318 per
877 4210 1073 4288 officialem
1093 4210 1362 4322 Pictavensem‚
1383 4206 1488 4283 lectis
1505 4223 1543 4281 et
1560 4205 1760 4311 diligenter

346 4342 519 4447 expositis
542 4342 613 4420 sibi
635 4343 812 4419 omnibus
835 4359 871 4419 et
896 4341 1051 4449 singulis
1075 4338 1256 4429 articulis,
1282 4336 1554 4443 protestacione
1581 4333 1758 4439 premissa

344 4472 448 4577 quod
459 4499 537 4548 non
551 4472 712 4550 intendit
734 4473 907 4549 recedere
929 4499 949 4546 a
969 4469 1208 4577 deposiciono
1224 4495 1291 4572 per
1306 4495 1393 4544 eum
1410 4465 1503 4541 facta
1518 4491 1642 4540 coram
1659 4463 1759 4540 dicto

346 4600 511 4689 officiali,
533 4602 728 4706 respondit
756 4601 860 4707 quod
887 4628 964 4676 non
988 4600 1131 4676 viderat
1153 4596 1268 4702 recipi
1289 4596 1328 4673 in
1354 4594 1486 4671 ordine
1512 4592 1582 4668 nisi
1609 4591 1760 4668 fratrem

345 4730 537 4807 Nicolaum
558 4730 713 4809 Rosselli
729 4731 969 4817 servientem,
991 4728 1241 4817 deffunctum,
1264 4753 1377 4832 quern
1392 4723 1534 4829 recepit
1551 4721 1664 4798 frater
1677 4722 1762 4798 Ste-

344 4861 493 4964 phanus
511 4861 635 4936 Enrici
656 4861 866 4966 quondam,
883 4876 974 4937 tunc
993 4841 1189 4965 preceptor
1216 4856 1353 4934 domus
1374 4852 1522 4960 Templi
1546 4851 1593 4928 de
1613 4849 1760 4928 Clisson

431 4993 539 5057 rnocis
560 5016 613 5059 ors
635 5017 898 5059 reuertens-n.
1578 4991 1615 5054 tlt
