4236 5948
665 516 861 612 rsocss
879 537 983 616 ¹nus
1007 537 1306 612 rsurnrsns.
1625 543 1698 616 sos

277 708 468 790 parcerem
483 678 551 765 tibi
572 679 612 754 in
633 679 718 758 boc.
735 718 747 747 ·
764 680 810 756 Et
828 696 918 756 tunc
937 678 1016 784 ipse
1028 680 1095 786 qui
1111 680 1278 787 loquitur
1296 680 1465 786 promisit
1482 680 1646 793 sibihoc
1664 701 1698 758 et

272 811 426 921 juravit,
453 829 489 889 et
508 827 598 886 tunc
615 809 783 916 pepercit
800 807 870 886 sibi
892 808 964 885 boc
988 809 1089 887 salvo
1106 811 1231 918 qnod,
1261 827 1436 917 cooperta
1460 839 1567 888 cruce
1587 840 1700 888 manu

277 942 368 1022 dicti
391 940 620 1047 recipientis,
644 939 731 1017 fecit
754 969 842 1017 eum
862 968 995 1047 spuere
1021 969 1131 1048 supra
1156 970 1320 1018 manum.
1349 941 1562 1047 Requisitus
1586 970 1700 1048 quare

277 1072 395 1150 eredit
408 1071 514 1178 qnod
532 1071 758 1177 pepercisset
773 1069 860 1159 sibi,
891 1069 1099 1178 dixitquod
1123 1072 1203 1178 ipse
1226 1088 1262 1147 et
1282 1071 1472 1178 predictus
1499 1072 1700 1151 avunculus

276 1228 382 1293 suus,
399 1203 464 1309 qui
481 1218 558 1278 erat
574 1200 765 1279 fantifiaris
784 1202 882 1308 regis
902 1200 1050 1307 Angfie,
1072 1202 1189 1278 multa
1203 1202 1353 1278 servicia
1370 1200 1533 1277 fecerant
1553 1202 1623 1307 ipsi
1643 1232 1701 1278 re-

277 1334 445 1441 cipienti,
463 1351 500 1409 et
508 1333 685 1438 precipue
701 1333 780 1438 ipse
793 1333 857 1438 qui
874 1331 1056 1438 loquitur,
1076 1333 1139 1438 qui
1155 1334 1251 1409 inter
1266 1332 1416 1409 servicia
1431 1331 1575 1438 pluries
1588 1332 1699 1408 intro-

276 1465 431 1542 duxerat
444 1490 532 1540 eunt
545 1463 585 1539 in
599 1491 743 1550 cornera
758 1463 846 1539 dicti
858 1463 957 1568 regis
973 1463 1121 1569 Angfie,
1139 1463 1290 1569 quando
1303 1461 1465 1540 habebat
1479 1460 1600 1538 facere
1613 1491 1698 1538 cum

276 1622 339 1683 eo,
356 1612 395 1672 et
408 1594 556 1671 racione
568 1593 770 1699 juramenti
786 1592 891 1698 quod
909 1591 1046 1670 fecerat
1058 1623 1097 1670 se
1119 1593 1308 1671 dicturum
1327 1593 1431 1699 quod
1447 1590 1613 1699 predicta
1627 1593 1697 1669 sibi

276 1725 439 1832 injuncta
450 1723 608 1799 fecisset.
623 1723 837 1828 Requisitus
846 1751 961 1827 quare
969 1723 1124 1801 tardavit
1134 1725 1259 1818 dicere
1267 1741 1427 1812 tantum,
1440 1721 1633 1827 quiaalias
1645 1752 1698 1800 re-

274 1855 435 1960 quisitus
446 1854 567 1930 fuerat
582 1854 705 1931 dicere
727 1854 933 1941 veritatem,
950 1853 1041 1931 dixit
1060 1855 1165 1961 quod
1178 1883 1247 1961 pro
1260 1884 1306 1932 eo
1321 1856 1409 1961 quia
1426 1855 1472 1930 de
1494 1852 1593 1932 dicto
1613 1883 1698 1959 pec-

275 2001 355 2061 oato
368 1984 490 2073 fuerat
506 1983 697 2061 confessus
720 1983 868 2061 cuidam
888 1985 1082 2091 capellano
1102 1985 1192 2061 dicti
1209 1985 1369 2073 ordinis,
1388 2002 1425 2061 et
1446 1985 1564 2061 eciam
1578 1984 1698 2060 fuerat

274 2115 475 2192 conuictus
490 2114 712 2220 depeream,
734 2131 772 2191 et
785 2114 962 2193 credebat
975 2143 1055 2193 esse
1070 2116 1295 2193 veraciteret
1303 2115 1470 2221 plenarie
1486 2113 1694 2203 absolutus,

274 2246 361 2351 qnia
380 2244 518 2320 dicitur
537 2261 575 2320 et
591 2262 742 2321 tenetur
756 2245 796 2321 in
812 2244 945 2322 ordine
961 2246 1065 2352 quod
1085 2245 1132 2322 de
1150 2245 1346 2352 privilegio
1363 2244 1472 2323 Sedis
1483 2245 1697 2351 Apostolice

273 2373 454 2480 capellani
473 2374 563 2450 dicti
583 2373 727 2454 ordinis
742 2372 1111 2480 bebentpotestatem
1131 2374 1349 2453 absolvendi
1365 2375 1496 2452 fratres
1510 2406 1531 2451 a
1547 2375 1698 2481 quibus·

273 2532 433 2610 cumque
449 2505 623 2611 peccatis,
642 2505 791 2610 etquod
803 2504 980 2582 credebat
988 2503 1094 2612 quod
1105 2504 1261 2611 predicti
1279 2533 1425 2581 errores
1438 2524 1562 2583 essent
1572 2535 1697 2581 ernen-
1825 2598 1830 2605 ι

274 2634 348 2711 dati
374 2652 412 2710 et
428 2636 542 2712 emoti
568 2635 616 2712 de
636 2635 788 2723 ordine,
814 2634 872 2712 vel
892 2635 1074 2713 deberent
1092 2636 1255 2712 breviter
1278 2636 1452 2711 amoveri.
1482 2636 1696 2740 Requisitus

272 2782 400 2842 utrum
421 2764 566 2871 aliquos
583 2765 711 2842 fratres
732 2763 836 2853 fecit,
854 2766 945 2842 dixit
962 2765 1068 2872 quod
1083 2778 1229 2871 paucos'
1240 2764 1328 2841 fecit
1341 2793 1455 2841 manu
1474 2766 1642 2870 propria;
1660 2784 1697 2841 et

272 2894 365 2971 dixit
382 2895 487 3002 quod
500 2923 639 3000 paucos
654 2894 741 2972 fecit
754 2913 907 3001 propter
918 2894 1219 2972 inconveniencia
1233 2895 1399 3001 predicta
1415 2923 1488 3001 que
1500 2894 1694 3000 oportebat

271 3024 354 3102 fieri
369 3026 406 3101 in
425 3026 645 3132 recepcione
666 3051 813 3116 eorum3
828 3044 866 3102 et
879 3043 1032 3132 propter
1051 3025 1139 3112 hoc,
1156 3042 1356 3130 postquam
1383 3045 1615 3102 concesserat
1641 3027 1695 3101 eis

271 3152 457 3243 ordinem,
471 3154 629 3233 faciebat
639 3184 703 3233 eos
713 3157 827 3261 recipi
839 3184 908 3262 per
917 3154 1100 3260 quosdam
1115 3172 1352 3261 preceptores
1364 3172 1402 3230 et
1415 3155 1508 3232 afios
1524 3155 1596 3233 sibi
1611 3155 1694 3232 sub·

270 3283 380 3369 daos.
402 3286 503 3363 Dixit
516 3303 648 3362 tamen
667 3314 735 3392 per
749 3287 1005 3393 juramentum
1025 3313 1137 3361 snum
1156 3284 1263 3391 quod
1283 3313 1398 3362 manu
1421 3288 1692 3392 propriaquin-

270 3442 343 3520 qne
371 3417 507 3494 milites
532 3416 629 3493 fecit.
656 3416 871 3523 Requisitus
888 3432 1017 3494 utrum
1033 3414 1164 3493 fecerit
1180 3415 1237 3492 eis
1256 3416 1440 3521 abnegare
1465 3415 1692 3492 Crucifrxurn

270 3562 308 3621 et
321 3573 456 3651 spuere
483 3574 595 3651 supra
610 3573 779 3633 crucem,
802 3546 895 3622 dixit
913 3574 982 3650 per
989 3547 1242 3652 juramentum
1266 3575 1378 3624 suurn
1402 3547 1502 3652 quod
1528 3549 1695 3653 pepercit

269 3675 323 3750 eis
345 3703 389 3751 eo
411 3672 525 3750 modo
540 3701 618 3777 quo
643 3673 706 3751 ille
722 3676 786 3780 qui
807 3693 998 3780 receperat
1012 3704 1101 3753 eum
1125 3676 1206 3765 sibi
1223 3695 1456 3782 pepercerat,
1480 3695 1517 3753 et
1535 3679 1692 3782 contigit

268 3803 373 3909 qnod
398 3830 483 3879 cum
512 3802 675 3908 quadam
700 3803 762 3879 die
786 3820 884 3880 esset
901 3805 942 3879 in
964 3803 1125 3906 quadum
1153 3804 1291 3910 capella
1312 3823 1354 3883 ut
1376 3806 1523 3884 audiret
1541 3808 1690 3884 missam

269 3960 288 4008 a
306 3933 472 4039 quodam
491 3931 600 4009 fratre
621 3949 749 4009 vocato
762 3933 969 4022 Bemardo,
987 3933 1166 4011 existente
1183 3935 1230 4011 de
1247 3935 1346 4012 dicto
1363 3936 1512 4021 ordine,
1535 3936 1599 4040 qui
1610 3937 1687 4041 jam

269 4079 347 4139 erat
371 4063 546 4140 inductus
568 4062 667 4151 alba,
695 4078 733 4139 et
755 4063 970 4169 expectabat
994 4061 1109 4140 aliurn
1129 4061 1299 4150 fratrem,
1327 4080 1370 4139 ut
1387 4064 1523 4150 credit,
1550 4082 1592 4142 ut
1606 4091 1692 4139 con-

268 4189 437 4269 fiteretur
453 4191 541 4282 sibi,
567 4192 669 4269 idem
684 4192 796 4269 frater
809 4193 1020 4271 Bernartius
1041 4193 1171 4270 videns
1185 4194 1312 4300 ipsum
1324 4194 1390 4300 qui
1403 4193 1581 4300 loquitur,
1595 4192 1689 4269 dixit

267 4321 360 4398 sibi:
376 4323 580 4412 «Domine,
598 4323 842 4430 sciatis-quod
862 4325 1024 4432 quedam
1044 4325 1274 4403 machinacio
1294 4325 1336 4401 fit
1355 4343 1481 4402 contra
1498 4353 1578 4413 vos,
1601 4325 1688 4428 quia

262 4452 340 4558 jem
354 4469 417 4529 est
435 4452 571 4530 facturn
592 4453 784 4559 quoddam
805 4455 982 4560 scripturn
1006 4455 1045 4531 in
1072 4482 1148 4561 quo
1174 4457 1371 4532 mandatur
1396 4473 1434 4531 et
1458 4454 1691 4560 significatur

267 4582 442 4689 Magistro
458 4583 599 4660 ordinis
610 4601 647 4660 et
656 4583 737 4661 aliis
746 4585 851 4691 quod
863 4586 904 4662 in
921 4586 1140 4692 recipiendo
1161 4585 1291 4664 fratres
1306 4586 1447 4664 ordinis
1467 4613 1544 4663 non
1566 4585 1689 4663 obser-

267 4713 357 4793 vatis
377 4713 534 4790 modum
549 4742 662 4818 quem
682 4715 875 4797 ohservare
891 4716 1046 4793 debetis.
1066 4754 1078 4783 ι
1099 4719 1146 4793 Et
1163 4735 1253 4793 tunc
1268 4700 1438 4822 cogitavit
1458 4718 1535 4821 ipse
1555 4717 1620 4822 qui
1635 4716 1689 4792 lo·

267 4845 396 4948 quitur
410 4845 514 4950 quod
530 4862 608 4920 erat
618 4863 771 4950 propter
786 4846 857 4924 hoc
868 4847 972 4954 quod
991 4848 1039 4924 ita
1054 4865 1271 4954 pepercerat
1284 4848 1463 4953 predictis
1478 4876 1573 4954 quos
1586 4876 1688 4932 rece-
