<?xml version="1.0" encoding="UTF-8"?>
<!DOCTYPE html PUBLIC "-//W3C//DTD XHTML 1.0 Transitional//EN"
    "http://www.w3.org/TR/xhtml1/DTD/xhtml1-transitional.dtd">
<html xmlns="http://www.w3.org/1999/xhtml" xml:lang="en" lang="en">
 <head>
  <title>
</title>
<meta http-equiv="Content-Type" content="text/html;charset=utf-8" />
  <meta name='ocr-system' content='tesseract 3.04.00' />
  <meta name='ocr-capabilities' content='ocr_page ocr_carea ocr_par ocr_line ocrx_word'/>
</head>
<body>
  <div class='ocr_page' id='page_1' title='image "./procsdestemplie00defegoog/procsdestemplie00defegoog_0246.png"; bbox 0 0 4236 5948; ppageno 0'>
   <div class='ocr_carea' id='block_1_1' title="bbox 345 490 1383 603">
    <p class='ocr_par' dir='ltr' id='par_1_1' title="bbox 345 490 1383 603">
     <span class='ocr_line' id='line_1_1' title="bbox 345 490 1383 603; baseline -0.003 -18"><span class='ocrx_word' id='word_1_1' title='bbox 345 510 418 585; x_wconf 74' lang='lat' dir='ltr'><strong>aaa</strong></span> <span class='ocrx_word' id='word_1_2' title='bbox 723 490 917 585; x_wconf 79' lang='lat' dir='ltr'><strong>enecas</strong></span> <span class='ocrx_word' id='word_1_3' title='bbox 948 510 1046 582; x_wconf 81' lang='lat' dir='ltr'><strong>nas</strong></span> <span class='ocrx_word' id='word_1_4' title='bbox 1076 508 1383 603; x_wconf 73' lang='lat' dir='ltr'><strong>renarrans.</strong></span> 
     </span>
    </p>
   </div>
   <div class='ocr_carea' id='block_1_2' title="bbox 303 649 1773 4929">
    <p class='ocr_par' dir='ltr' id='par_1_2' title="bbox 303 649 1773 4929">
     <span class='ocr_line' id='line_1_2' title="bbox 343 649 1765 760; baseline 0.001 -31"><span class='ocrx_word' id='word_1_5' title='bbox 343 654 505 734; x_wconf 87' lang='lat' dir='ltr'><strong>habebat</strong></span> <span class='ocrx_word' id='word_1_6' title='bbox 520 651 681 731; x_wconf 89' lang='lat' dir='ltr'><strong>multum</strong></span> <span class='ocrx_word' id='word_1_7' title='bbox 697 681 824 731; x_wconf 89' lang='lat' dir='ltr'><strong>carum</strong></span> <span class='ocrx_word' id='word_1_8' title='bbox 836 653 1045 760; x_wconf 89' lang='lat' dir='ltr'><strong>repositum</strong></span> <span class='ocrx_word' id='word_1_9' title='bbox 1061 670 1157 743; x_wconf 91' lang='lat' dir='ltr'><strong>erat,</strong></span> <span class='ocrx_word' id='word_1_10' title='bbox 1173 672 1302 760; x_wconf 89' lang='lat' dir='ltr'><strong>aperto</strong></span> <span class='ocrx_word' id='word_1_11' title='bbox 1320 653 1421 732; x_wconf 90' lang='lat' dir='ltr'><strong>dicto</strong></span> <span class='ocrx_word' id='word_1_12' title='bbox 1436 649 1573 730; x_wconf 90' lang='lat' dir='ltr'><strong>scrinio</strong></span> <span class='ocrx_word' id='word_1_13' title='bbox 1592 668 1630 729; x_wconf 90' lang='lat' dir='ltr'><strong>et</strong></span> <span class='ocrx_word' id='word_1_14' title='bbox 1644 650 1765 759; x_wconf 87' lang='lat' dir='ltr'><strong>capite</strong></span> 
     </span>
     <span class='ocr_line' id='line_1_3' title="bbox 343 780 1766 890; baseline 0 -30"><span class='ocrx_word' id='word_1_15' title='bbox 343 785 598 890; x_wconf 83' lang='lat' dir='ltr'><strong>discooperto,</strong></span> <span class='ocrx_word' id='word_1_16' title='bbox 631 800 850 890; x_wconf 77' lang='lat' dir='ltr'><strong>tempestate</strong></span> <span class='ocrx_word' id='word_1_17' title='bbox 882 784 1007 862; x_wconf 90' lang='lat' dir='ltr'><strong>subito</strong></span> <span class='ocrx_word' id='word_1_18' title='bbox 1041 784 1281 872; x_wconf 85' lang='lat' dir='ltr'><strong>imminente,</strong></span> <span class='ocrx_word' id='word_1_19' title='bbox 1311 784 1407 861; x_wconf 92' lang='lat' dir='ltr'><strong>dicta</strong></span> <span class='ocrx_word' id='word_1_20' title='bbox 1440 783 1542 859; x_wconf 80' lang='lat' dir='ltr'><strong>navis</strong></span> <span class='ocrx_word' id='word_1_21' title='bbox 1569 780 1766 860; x_wconf 87' lang='lat' dir='ltr'><strong>submersa</strong></span> 
     </span>
     <span class='ocr_line' id='line_1_4' title="bbox 343 911 1765 1021; baseline -0.001 -30"><span class='ocrx_word' id='word_1_22' title='bbox 343 917 462 991; x_wconf 85' lang='lat' dir='ltr'><strong>extitit</strong></span> <span class='ocrx_word' id='word_1_23' title='bbox 488 943 575 992; x_wconf 91' lang='lat' dir='ltr'><strong>cum</strong></span> <span class='ocrx_word' id='word_1_24' title='bbox 598 914 843 994; x_wconf 83' lang='lat' dir='ltr'><strong>existentibus</strong></span> <span class='ocrx_word' id='word_1_25' title='bbox 865 915 906 990; x_wconf 94' lang='lat' dir='ltr'><strong>in</strong></span> <span class='ocrx_word' id='word_1_26' title='bbox 931 916 1081 1005; x_wconf 89' lang='lat' dir='ltr'><strong>eadem,</strong></span> <span class='ocrx_word' id='word_1_27' title='bbox 1107 915 1337 1021; x_wconf 86' lang='lat' dir='ltr'><strong>quibusdam</strong></span> <span class='ocrx_word' id='word_1_28' title='bbox 1361 914 1485 990; x_wconf 91' lang='lat' dir='ltr'><strong>nautis</strong></span> <span class='ocrx_word' id='word_1_29' title='bbox 1512 913 1673 1019; x_wconf 83' lang='lat' dir='ltr'><strong>exceptis</strong></span> <span class='ocrx_word' id='word_1_30' title='bbox 1697 911 1765 1020; x_wconf 87' lang='lat' dir='ltr'><strong>qui</strong></span> 
     </span>
     <span class='ocr_line' id='line_1_5' title="bbox 343 1042 1768 1151; baseline 0 -30"><span class='ocrx_word' id='word_1_31' title='bbox 343 1073 411 1151; x_wconf 88' lang='lat' dir='ltr'><strong>per</strong></span> <span class='ocrx_word' id='word_1_32' title='bbox 425 1074 530 1122; x_wconf 89' lang='lat' dir='ltr'><strong>suam</strong></span> <span class='ocrx_word' id='word_1_33' title='bbox 545 1045 767 1123; x_wconf 90' lang='lat' dir='ltr'><strong>iudustriam</strong></span> <span class='ocrx_word' id='word_1_34' title='bbox 783 1061 995 1133; x_wconf 89' lang='lat' dir='ltr'><strong>evasemnt,</strong></span> <span class='ocrx_word' id='word_1_35' title='bbox 1012 1062 1049 1121; x_wconf 92' lang='lat' dir='ltr'><strong>et</strong></span> <span class='ocrx_word' id='word_1_36' title='bbox 1060 1045 1228 1151; x_wconf 89' lang='lat' dir='ltr'><strong>predicta</strong></span> <span class='ocrx_word' id='word_1_37' title='bbox 1238 1060 1491 1122; x_wconf 89' lang='lat' dir='ltr'><strong>narraverunt.</strong></span> <span class='ocrx_word' id='word_1_38' title='bbox 1505 1044 1553 1120; x_wconf 85' lang='lat' dir='ltr'><strong>Et</strong></span> <span class='ocrx_word' id='word_1_39' title='bbox 1568 1042 1768 1121; x_wconf 83' lang='lat' dir='ltr'><strong>dicebatur</strong></span> 
     </span>
     <span class='ocr_line' id='line_1_6' title="bbox 343 1173 1765 1280; baseline 0 -29"><span class='ocrx_word' id='word_1_40' title='bbox 343 1175 447 1280; x_wconf 91' lang='lat' dir='ltr'><strong>quod</strong></span> <span class='ocrx_word' id='word_1_41' title='bbox 468 1192 604 1251; x_wconf 84' lang='lat' dir='ltr'><strong>extunc</strong></span> <span class='ocrx_word' id='word_1_42' title='bbox 633 1203 710 1253; x_wconf 91' lang='lat' dir='ltr'><strong>non</strong></span> <span class='ocrx_word' id='word_1_43' title='bbox 731 1174 873 1252; x_wconf 82' lang='lat' dir='ltr'><strong>luerint</strong></span> <span class='ocrx_word' id='word_1_44' title='bbox 892 1175 1011 1280; x_wconf 90' lang='lat' dir='ltr'><strong>pisces</strong></span> <span class='ocrx_word' id='word_1_45' title='bbox 1030 1174 1070 1250; x_wconf 93' lang='lat' dir='ltr'><strong>in</strong></span> <span class='ocrx_word' id='word_1_46' title='bbox 1092 1173 1156 1252; x_wconf 92' lang='lat' dir='ltr'><strong>illa</strong></span> <span class='ocrx_word' id='word_1_47' title='bbox 1178 1192 1281 1280; x_wconf 91' lang='lat' dir='ltr'><strong>parte</strong></span> <span class='ocrx_word' id='word_1_48' title='bbox 1304 1174 1416 1251; x_wconf 89' lang='lat' dir='ltr'><strong>maris</strong></span> <span class='ocrx_word' id='word_1_49' title='bbox 1442 1173 1481 1249; x_wconf 94' lang='lat' dir='ltr'><strong>in</strong></span> <span class='ocrx_word' id='word_1_50' title='bbox 1501 1200 1575 1279; x_wconf 92' lang='lat' dir='ltr'><strong>qua</strong></span> <span class='ocrx_word' id='word_1_51' title='bbox 1593 1173 1765 1279; x_wconf 85' lang='lat' dir='ltr'><strong>predicta</strong></span> 
     </span>
     <span class='ocr_line' id='line_1_7' title="bbox 343 1301 1767 1413; baseline -0.001 -32"><span class='ocrx_word' id='word_1_52' title='bbox 343 1305 624 1413; x_wconf 82' lang='lat' dir='ltr'><strong>contingerunt3</strong></span> <span class='ocrx_word' id='word_1_53' title='bbox 648 1334 725 1384; x_wconf 94' lang='lat' dir='ltr'><strong>non</strong></span> <span class='ocrx_word' id='word_1_54' title='bbox 744 1323 871 1382; x_wconf 90' lang='lat' dir='ltr'><strong>tamen</strong></span> <span class='ocrx_word' id='word_1_55' title='bbox 891 1304 1034 1381; x_wconf 93' lang='lat' dir='ltr'><strong>audivit</strong></span> <span class='ocrx_word' id='word_1_56' title='bbox 1058 1305 1132 1382; x_wconf 93' lang='lat' dir='ltr'><strong>dici</strong></span> <span class='ocrx_word' id='word_1_57' title='bbox 1156 1305 1262 1412; x_wconf 90' lang='lat' dir='ltr'><strong>quod</strong></span> <span class='ocrx_word' id='word_1_58' title='bbox 1284 1304 1427 1410; x_wconf 89' lang='lat' dir='ltr'><strong>dictum</strong></span> <span class='ocrx_word' id='word_1_59' title='bbox 1453 1303 1574 1409; x_wconf 91' lang='lat' dir='ltr'><strong>capud</strong></span> <span class='ocrx_word' id='word_1_60' title='bbox 1593 1304 1643 1380; x_wconf 93' lang='lat' dir='ltr'><strong>ad</strong></span> <span class='ocrx_word' id='word_1_61' title='bbox 1661 1301 1767 1381; x_wconf 91' lang='lat' dir='ltr'><strong>ordi-</strong></span> 
     </span>
     <span class='ocr_line' id='line_1_8' title="bbox 342 1433 1767 1542; baseline 0 -32"><span class='ocrx_word' id='word_1_62' title='bbox 342 1464 429 1511; x_wconf 88' lang='lat' dir='ltr'><strong>nem</strong></span> <span class='ocrx_word' id='word_1_63' title='bbox 450 1434 754 1542; x_wconf 88' lang='lat' dir='ltr'><strong>Templariorum</strong></span> <span class='ocrx_word' id='word_1_64' title='bbox 773 1436 1000 1542; x_wconf 88' lang='lat' dir='ltr'><strong>pervenerit,</strong></span> <span class='ocrx_word' id='word_1_65' title='bbox 1022 1463 1092 1514; x_wconf 89' lang='lat' dir='ltr'><strong>nec</strong></span> <span class='ocrx_word' id='word_1_66' title='bbox 1103 1433 1207 1512; x_wconf 92' lang='lat' dir='ltr'><strong>aliud</strong></span> <span class='ocrx_word' id='word_1_67' title='bbox 1219 1434 1341 1542; x_wconf 89' lang='lat' dir='ltr'><strong>capud</strong></span> <span class='ocrx_word' id='word_1_68' title='bbox 1352 1434 1485 1542; x_wconf 89' lang='lat' dir='ltr'><strong>dequo</strong></span> <span class='ocrx_word' id='word_1_69' title='bbox 1498 1433 1675 1541; x_wconf 90' lang='lat' dir='ltr'><strong>deposuit</strong></span> <span class='ocrx_word' id='word_1_70' title='bbox 1683 1460 1767 1511; x_wconf 84' lang='lat' dir='ltr'><strong>ma-</strong></span> 
     </span>
     <span class='ocr_line' id='line_1_9' title="bbox 342 1563 1765 1674; baseline -0.001 -32"><span class='ocrx_word' id='word_1_71' title='bbox 342 1568 454 1673; x_wconf 89' lang='lat' dir='ltr'><strong>gister</strong></span> <span class='ocrx_word' id='word_1_72' title='bbox 483 1565 697 1644; x_wconf 78' lang='lat' dir='ltr'><strong>Anthonius</strong></span> <span class='ocrx_word' id='word_1_73' title='bbox 721 1565 769 1642; x_wconf 95' lang='lat' dir='ltr'><strong>de</strong></span> <span class='ocrx_word' id='word_1_74' title='bbox 795 1563 985 1644; x_wconf 85' lang='lat' dir='ltr'><strong>Vercellis.</strong></span> <span class='ocrx_word' id='word_1_75' title='bbox 1012 1565 1284 1674; x_wconf 80' lang='lat' dir='ltr'><strong>injungebatur</strong></span> <span class='ocrx_word' id='word_1_76' title='bbox 1313 1565 1366 1642; x_wconf 90' lang='lat' dir='ltr'><strong>eis</strong></span> <span class='ocrx_word' id='word_1_77' title='bbox 1391 1593 1460 1672; x_wconf 90' lang='lat' dir='ltr'><strong>per</strong></span> <span class='ocrx_word' id='word_1_78' title='bbox 1488 1580 1765 1642; x_wconf 88' lang='lat' dir='ltr'><strong>sacramentum</strong></span> 
     </span>
     <span class='ocr_line' id='line_1_10' title="bbox 343 1693 1767 1803; baseline 0 -31"><span class='ocrx_word' id='word_1_79' title='bbox 343 1725 391 1772; x_wconf 90' lang='lat' dir='ltr'><strong>ne</strong></span> <span class='ocrx_word' id='word_1_80' title='bbox 412 1696 619 1774; x_wconf 84' lang='lat' dir='ltr'><strong>revelarent</strong></span> <span class='ocrx_word' id='word_1_81' title='bbox 637 1714 777 1775; x_wconf 91' lang='lat' dir='ltr'><strong>secreta</strong></span> <span class='ocrx_word' id='word_1_82' title='bbox 796 1696 1081 1803; x_wconf 91' lang='lat' dir='ltr'><strong>capituliorum,</strong></span> <span class='ocrx_word' id='word_1_83' title='bbox 1104 1697 1222 1774; x_wconf 90' lang='lat' dir='ltr'><strong>eciam</strong></span> <span class='ocrx_word' id='word_1_84' title='bbox 1244 1695 1421 1775; x_wconf 81' lang='lat' dir='ltr'><strong>fratribus</strong></span> <span class='ocrx_word' id='word_1_85' title='bbox 1444 1696 1508 1802; x_wconf 94' lang='lat' dir='ltr'><strong>qui</strong></span> <span class='ocrx_word' id='word_1_86' title='bbox 1533 1723 1610 1773; x_wconf 91' lang='lat' dir='ltr'><strong>uon</strong></span> <span class='ocrx_word' id='word_1_87' title='bbox 1630 1693 1767 1772; x_wconf 83' lang='lat' dir='ltr'><strong>adfue-</strong></span> 
     </span>
     <span class='ocr_line' id='line_1_11' title="bbox 342 1825 1763 1934; baseline -0.001 -31"><span class='ocrx_word' id='word_1_88' title='bbox 342 1845 425 1903; x_wconf 89' lang='lat' dir='ltr'><strong>rant</strong></span> <span class='ocrx_word' id='word_1_89' title='bbox 444 1828 483 1904; x_wconf 93' lang='lat' dir='ltr'><strong>in</strong></span> <span class='ocrx_word' id='word_1_90' title='bbox 505 1827 666 1916; x_wconf 91' lang='lat' dir='ltr'><strong>eisdem,</strong></span> <span class='ocrx_word' id='word_1_91' title='bbox 688 1828 736 1905; x_wconf 90' lang='lat' dir='ltr'><strong>de</strong></span> <span class='ocrx_word' id='word_1_92' title='bbox 756 1826 874 1904; x_wconf 91' lang='lat' dir='ltr'><strong>modo</strong></span> <span class='ocrx_word' id='word_1_93' title='bbox 889 1827 1119 1932; x_wconf 90' lang='lat' dir='ltr'><strong>recepcionis</strong></span> <span class='ocrx_word' id='word_1_94' title='bbox 1135 1827 1284 1934; x_wconf 91' lang='lat' dir='ltr'><strong>speciali</strong></span> <span class='ocrx_word' id='word_1_95' title='bbox 1305 1853 1383 1904; x_wconf 91' lang='lat' dir='ltr'><strong>non</strong></span> <span class='ocrx_word' id='word_1_96' title='bbox 1403 1825 1530 1904; x_wconf 88' lang='lat' dir='ltr'><strong>habita</strong></span> <span class='ocrx_word' id='word_1_97' title='bbox 1545 1826 1763 1912; x_wconf 76' lang='lat' dir='ltr'><strong>mencions3</strong></span> 
     </span>
     <span class='ocr_line' id='line_1_12' title="bbox 343 1955 1763 2064; baseline -0.001 -30"><span class='ocrx_word' id='word_1_98' title='bbox 343 1974 380 2034; x_wconf 89' lang='lat' dir='ltr'><strong>et</strong></span> <span class='ocrx_word' id='word_1_99' title='bbox 407 1958 472 2064; x_wconf 89' lang='lat' dir='ltr'><strong>qui</strong></span> <span class='ocrx_word' id='word_1_100' title='bbox 498 1956 740 2048; x_wconf 82' lang='lat' dir='ltr'><strong>revelassent,</strong></span> <span class='ocrx_word' id='word_1_101' title='bbox 766 1958 976 2034; x_wconf 90' lang='lat' dir='ltr'><strong>secundum</strong></span> <span class='ocrx_word' id='word_1_102' title='bbox 1003 1973 1139 2034; x_wconf 88' lang='lat' dir='ltr'><strong>statuta</strong></span> <span class='ocrx_word' id='word_1_103' title='bbox 1158 1957 1301 2035; x_wconf 88' lang='lat' dir='ltr'><strong>ordinis</strong></span> <span class='ocrx_word' id='word_1_104' title='bbox 1321 1956 1480 2033; x_wconf 91' lang='lat' dir='ltr'><strong>domum</strong></span> <span class='ocrx_word' id='word_1_105' title='bbox 1496 1955 1763 2062; x_wconf 85' lang='lat' dir='ltr'><strong>perdidissent.</strong></span> 
     </span>
     <span class='ocr_line' id='line_1_13' title="bbox 343 2085 1766 2194; baseline 0 -31"><span class='ocrx_word' id='word_1_106' title='bbox 343 2088 565 2192; x_wconf 88' lang='lat' dir='ltr'><strong>Superiores</strong></span> <span class='ocrx_word' id='word_1_107' title='bbox 590 2088 734 2166; x_wconf 89' lang='lat' dir='ltr'><strong>ordinis</strong></span> <span class='ocrx_word' id='word_1_108' title='bbox 758 2087 823 2193; x_wconf 91' lang='lat' dir='ltr'><strong>qui</strong></span> <span class='ocrx_word' id='word_1_109' title='bbox 851 2103 1051 2193; x_wconf 89' lang='lat' dir='ltr'><strong>potuerant</strong></span> <span class='ocrx_word' id='word_1_110' title='bbox 1079 2088 1264 2194; x_wconf 84' lang='lat' dir='ltr'><strong>corrigere</strong></span> <span class='ocrx_word' id='word_1_111' title='bbox 1292 2114 1437 2164; x_wconf 88' lang='lat' dir='ltr'><strong>errores</strong></span> <span class='ocrx_word' id='word_1_112' title='bbox 1465 2085 1621 2164; x_wconf 87' lang='lat' dir='ltr'><strong>luerunt</strong></span> <span class='ocrx_word' id='word_1_113' title='bbox 1644 2087 1766 2194; x_wconf 88' lang='lat' dir='ltr'><strong>negli-</strong></span> 
     </span>
     <span class='ocr_line' id='line_1_14' title="bbox 342 2215 1767 2324; baseline -0.001 -31"><span class='ocrx_word' id='word_1_114' title='bbox 342 2234 489 2324; x_wconf 85' lang='lat' dir='ltr'><strong>gentes,</strong></span> <span class='ocrx_word' id='word_1_115' title='bbox 500 2217 589 2323; x_wconf 92' lang='lat' dir='ltr'><strong>quia</strong></span> <span class='ocrx_word' id='word_1_116' title='bbox 601 2245 678 2294; x_wconf 92' lang='lat' dir='ltr'><strong>nou</strong></span> <span class='ocrx_word' id='word_1_117' title='bbox 688 2234 929 2293; x_wconf 87' lang='lat' dir='ltr'><strong>correxerunt</strong></span> <span class='ocrx_word' id='word_1_118' title='bbox 941 2244 1005 2295; x_wconf 89' lang='lat' dir='ltr'><strong>eos</strong></span> <span class='ocrx_word' id='word_1_119' title='bbox 1017 2245 1087 2293; x_wconf 91' lang='lat' dir='ltr'><strong>nec</strong></span> <span class='ocrx_word' id='word_1_120' title='bbox 1101 2217 1421 2294; x_wconf 84' lang='lat' dir='ltr'><strong>denunciaverunt</strong></span> <span class='ocrx_word' id='word_1_121' title='bbox 1430 2215 1767 2295; x_wconf 73' lang='lat' dir='ltr'><strong>Ecclesialllemo-</strong></span> 
     </span>
     <span class='ocr_line' id='line_1_15' title="bbox 343 2345 1766 2453; baseline 0.001 -31"><span class='ocrx_word' id='word_1_122' title='bbox 343 2345 441 2423; x_wconf 92' lang='lat' dir='ltr'><strong>sinas</strong></span> <span class='ocrx_word' id='word_1_123' title='bbox 456 2364 494 2423; x_wconf 90' lang='lat' dir='ltr'><strong>et</strong></span> <span class='ocrx_word' id='word_1_124' title='bbox 507 2346 796 2453; x_wconf 87' lang='lat' dir='ltr'><strong>hospitalitatem</strong></span> <span class='ocrx_word' id='word_1_125' title='bbox 817 2346 909 2423; x_wconf 89' lang='lat' dir='ltr'><strong>vidit</strong></span> <span class='ocrx_word' id='word_1_126' title='bbox 927 2347 1193 2424; x_wconf 90' lang='lat' dir='ltr'><strong>convenienter</strong></span> <span class='ocrx_word' id='word_1_127' title='bbox 1211 2346 1293 2424; x_wconf 89' lang='lat' dir='ltr'><strong>lieri</strong></span> <span class='ocrx_word' id='word_1_128' title='bbox 1315 2364 1352 2424; x_wconf 90' lang='lat' dir='ltr'><strong>et</strong></span> <span class='ocrx_word' id='word_1_129' title='bbox 1371 2345 1506 2425; x_wconf 88' lang='lat' dir='ltr'><strong>servari</strong></span> <span class='ocrx_word' id='word_1_130' title='bbox 1525 2346 1566 2422; x_wconf 91' lang='lat' dir='ltr'><strong>in</strong></span> <span class='ocrx_word' id='word_1_131' title='bbox 1586 2345 1766 2424; x_wconf 83' lang='lat' dir='ltr'><strong>domibus</strong></span> 
     </span>
     <span class='ocr_line' id='line_1_16' title="bbox 344 2475 1767 2584; baseline 0 -31"><span class='ocrx_word' id='word_1_132' title='bbox 344 2477 487 2554; x_wconf 87' lang='lat' dir='ltr'><strong>ordinis</strong></span> <span class='ocrx_word' id='word_1_133' title='bbox 504 2477 544 2552; x_wconf 94' lang='lat' dir='ltr'><strong>in</strong></span> <span class='ocrx_word' id='word_1_134' title='bbox 564 2477 704 2584; x_wconf 88' lang='lat' dir='ltr'><strong>quibus</strong></span> <span class='ocrx_word' id='word_1_135' title='bbox 720 2477 856 2553; x_wconf 87' lang='lat' dir='ltr'><strong>exstitit</strong></span> <span class='ocrx_word' id='word_1_136' title='bbox 874 2494 1138 2554; x_wconf 88' lang='lat' dir='ltr'><strong>commoratus.</strong></span> <span class='ocrx_word' id='word_1_137' title='bbox 1158 2477 1201 2553; x_wconf 95' lang='lat' dir='ltr'><strong>ln</strong></span> <span class='ocrx_word' id='word_1_138' title='bbox 1220 2478 1349 2584; x_wconf 87' lang='lat' dir='ltr'><strong>regula</strong></span> <span class='ocrx_word' id='word_1_139' title='bbox 1370 2504 1503 2554; x_wconf 90' lang='lat' dir='ltr'><strong>eorum</strong></span> <span class='ocrx_word' id='word_1_140' title='bbox 1523 2475 1767 2554; x_wconf 87' lang='lat' dir='ltr'><strong>inhibebatur</strong></span> 
     </span>
     <span class='ocr_line' id='line_1_17' title="bbox 344 2605 1768 2715; baseline 0 -31"><span class='ocrx_word' id='word_1_141' title='bbox 344 2637 391 2684; x_wconf 90' lang='lat' dir='ltr'><strong>ne</strong></span> <span class='ocrx_word' id='word_1_142' title='bbox 407 2608 544 2715; x_wconf 89' lang='lat' dir='ltr'><strong>aliquis</strong></span> <span class='ocrx_word' id='word_1_143' title='bbox 557 2606 670 2685; x_wconf 87' lang='lat' dir='ltr'><strong>lrater</strong></span> <span class='ocrx_word' id='word_1_144' title='bbox 690 2607 833 2686; x_wconf 90' lang='lat' dir='ltr'><strong>ordinis</strong></span> <span class='ocrx_word' id='word_1_145' title='bbox 850 2607 1045 2686; x_wconf 90' lang='lat' dir='ltr'><strong>interesset</strong></span> <span class='ocrx_word' id='word_1_146' title='bbox 1064 2607 1149 2685; x_wconf 90' lang='lat' dir='ltr'><strong>loco</strong></span> <span class='ocrx_word' id='word_1_147' title='bbox 1169 2609 1209 2685; x_wconf 91' lang='lat' dir='ltr'><strong>in</strong></span> <span class='ocrx_word' id='word_1_148' title='bbox 1229 2636 1306 2714; x_wconf 92' lang='lat' dir='ltr'><strong>quo</strong></span> <span class='ocrx_word' id='word_1_149' title='bbox 1325 2605 1460 2712; x_wconf 89' lang='lat' dir='ltr'><strong>aliquis</strong></span> <span class='ocrx_word' id='word_1_150' title='bbox 1476 2607 1768 2684; x_wconf 85' lang='lat' dir='ltr'><strong>exheredaretur</strong></span> 
     </span>
     <span class='ocr_line' id='line_1_18' title="bbox 343 2734 1768 2847; baseline 0.001 -34"><span class='ocrx_word' id='word_1_151' title='bbox 343 2737 493 2847; x_wconf 80' lang='lat' dir='ltr'><strong>injuste,</strong></span> <span class='ocrx_word' id='word_1_152' title='bbox 517 2755 554 2816; x_wconf 88' lang='lat' dir='ltr'><strong>et</strong></span> <span class='ocrx_word' id='word_1_153' title='bbox 567 2738 795 2815; x_wconf 90' lang='lat' dir='ltr'><strong>contrarium</strong></span> <span class='ocrx_word' id='word_1_154' title='bbox 816 2738 992 2815; x_wconf 87' lang='lat' dir='ltr'><strong>facientes</strong></span> <span class='ocrx_word' id='word_1_155' title='bbox 1012 2737 1278 2842; x_wconf 88' lang='lat' dir='ltr'><strong>puniebantur.</strong></span> <span class='ocrx_word' id='word_1_156' title='bbox 1300 2739 1444 2815; x_wconf 87' lang='lat' dir='ltr'><strong>Eorum</strong></span> <span class='ocrx_word' id='word_1_157' title='bbox 1464 2734 1640 2842; x_wconf 83' lang='lat' dir='ltr'><strong>capitolia</strong></span> <span class='ocrx_word' id='word_1_158' title='bbox 1658 2754 1768 2814; x_wconf 91' lang='lat' dir='ltr'><strong>tene-</strong></span> 
     </span>
     <span class='ocr_line' id='line_1_19' title="bbox 342 2865 1768 2975; baseline 0.002 -32"><span class='ocrx_word' id='word_1_159' title='bbox 342 2868 480 2945; x_wconf 87' lang='lat' dir='ltr'><strong>bantur</strong></span> <span class='ocrx_word' id='word_1_160' title='bbox 500 2868 547 2946; x_wconf 92' lang='lat' dir='ltr'><strong>de</strong></span> <span class='ocrx_word' id='word_1_161' title='bbox 570 2868 649 2959; x_wconf 91' lang='lat' dir='ltr'><strong>die,</strong></span> <span class='ocrx_word' id='word_1_162' title='bbox 670 2868 796 2975; x_wconf 91' lang='lat' dir='ltr'><strong>januis</strong></span> <span class='ocrx_word' id='word_1_163' title='bbox 815 2866 966 2954; x_wconf 91' lang='lat' dir='ltr'><strong>clausis,</strong></span> <span class='ocrx_word' id='word_1_164' title='bbox 989 2865 1106 2946; x_wconf 90' lang='lat' dir='ltr'><strong>nullis</strong></span> <span class='ocrx_word' id='word_1_165' title='bbox 1124 2867 1362 2973; x_wconf 87' lang='lat' dir='ltr'><strong>presentibus</strong></span> <span class='ocrx_word' id='word_1_166' title='bbox 1378 2867 1449 2944; x_wconf 89' lang='lat' dir='ltr'><strong>nisi</strong></span> <span class='ocrx_word' id='word_1_167' title='bbox 1467 2866 1643 2945; x_wconf 90' lang='lat' dir='ltr'><strong>lratribus</strong></span> <span class='ocrx_word' id='word_1_168' title='bbox 1663 2865 1768 2946; x_wconf 90' lang='lat' dir='ltr'><strong>ordi-</strong></span> 
     </span>
     <span class='ocr_line' id='line_1_20' title="bbox 344 2996 1764 3105; baseline -0.001 -32"><span class='ocrx_word' id='word_1_169' title='bbox 344 2998 422 3089; x_wconf 92' lang='lat' dir='ltr'><strong>nis,</strong></span> <span class='ocrx_word' id='word_1_170' title='bbox 448 3016 485 3076; x_wconf 90' lang='lat' dir='ltr'><strong>et</strong></span> <span class='ocrx_word' id='word_1_171' title='bbox 507 2997 774 3104; x_wconf 89' lang='lat' dir='ltr'><strong>providebatur</strong></span> <span class='ocrx_word' id='word_1_172' title='bbox 795 3026 842 3075; x_wconf 92' lang='lat' dir='ltr'><strong>ne</strong></span> <span class='ocrx_word' id='word_1_173' title='bbox 863 2998 1057 3075; x_wconf 90' lang='lat' dir='ltr'><strong>audiretur</strong></span> <span class='ocrx_word' id='word_1_174' title='bbox 1081 2998 1242 3075; x_wconf 88' lang='lat' dir='ltr'><strong>exterius</strong></span> <span class='ocrx_word' id='word_1_175' title='bbox 1265 2996 1370 3104; x_wconf 93' lang='lat' dir='ltr'><strong>quod</strong></span> <span class='ocrx_word' id='word_1_176' title='bbox 1394 2997 1552 3075; x_wconf 90' lang='lat' dir='ltr'><strong>interius</strong></span> <span class='ocrx_word' id='word_1_177' title='bbox 1575 2996 1764 3105; x_wconf 84' lang='lat' dir='ltr'><strong>agebatur.</strong></span> 
     </span>
     <span class='ocr_line' id='line_1_21' title="bbox 344 3127 1767 3238; baseline -0.004 -29"><span class='ocrx_word' id='word_1_178' title='bbox 344 3131 525 3209; x_wconf 88' lang='lat' dir='ltr'><strong>Ordinata</strong></span> <span class='ocrx_word' id='word_1_179' title='bbox 544 3160 613 3237; x_wconf 92' lang='lat' dir='ltr'><strong>per</strong></span> <span class='ocrx_word' id='word_1_180' title='bbox 626 3130 848 3238; x_wconf 90' lang='lat' dir='ltr'><strong>Magistrum</strong></span> <span class='ocrx_word' id='word_1_181' title='bbox 865 3157 952 3205; x_wconf 92' lang='lat' dir='ltr'><strong>cum</strong></span> <span class='ocrx_word' id='word_1_182' title='bbox 968 3146 1156 3206; x_wconf 91' lang='lat' dir='ltr'><strong>conventu</strong></span> <span class='ocrx_word' id='word_1_183' title='bbox 1175 3145 1354 3207; x_wconf 88' lang='lat' dir='ltr'><strong>servasset</strong></span> <span class='ocrx_word' id='word_1_184' title='bbox 1371 3145 1476 3205; x_wconf 92' lang='lat' dir='ltr'><strong>totus</strong></span> <span class='ocrx_word' id='word_1_185' title='bbox 1496 3128 1608 3220; x_wconf 89' lang='lat' dir='ltr'><strong>ordo,</strong></span> <span class='ocrx_word' id='word_1_186' title='bbox 1629 3127 1669 3203; x_wconf 91' lang='lat' dir='ltr'><strong>in</strong></span> <span class='ocrx_word' id='word_1_187' title='bbox 1688 3153 1767 3234; x_wconf 90' lang='lat' dir='ltr'><strong>quo</strong></span> 
     </span>
     <span class='ocr_line' id='line_1_22' title="bbox 343 3257 1768 3366; baseline -0.001 -30"><span class='ocrx_word' id='word_1_188' title='bbox 343 3260 435 3337; x_wconf 92' lang='lat' dir='ltr'><strong>dicti</strong></span> <span class='ocrx_word' id='word_1_189' title='bbox 461 3287 606 3338; x_wconf 90' lang='lat' dir='ltr'><strong>errores</strong></span> <span class='ocrx_word' id='word_1_190' title='bbox 630 3259 809 3336; x_wconf 89' lang='lat' dir='ltr'><strong>dicuntur</strong></span> <span class='ocrx_word' id='word_1_191' title='bbox 833 3257 948 3335; x_wconf 81' lang='lat' dir='ltr'><strong>luisse</strong></span> <span class='ocrx_word' id='word_1_192' title='bbox 972 3286 1040 3364; x_wconf 95' lang='lat' dir='ltr'><strong>per</strong></span> <span class='ocrx_word' id='word_1_193' title='bbox 1061 3258 1251 3365; x_wconf 89' lang='lat' dir='ltr'><strong>quendam</strong></span> <span class='ocrx_word' id='word_1_194' title='bbox 1275 3257 1495 3366; x_wconf 90' lang='lat' dir='ltr'><strong>Magistrum</strong></span> <span class='ocrx_word' id='word_1_195' title='bbox 1515 3257 1768 3364; x_wconf 88' lang='lat' dir='ltr'><strong>Burgundum</strong></span> 
     </span>
     <span class='ocr_line' id='line_1_23' title="bbox 303 3370 1767 3495; baseline -0.001 -30"><span class='ocrx_word' id='word_1_196' title='bbox 303 3469 307 3476; x_wconf 78' lang='lat'><strong>.</strong></span> <span class='ocrx_word' id='word_1_197' title='bbox 345 3389 566 3480; x_wconf 87' lang='lat' dir='ltr'><strong>introducti,</strong></span> <span class='ocrx_word' id='word_1_198' title='bbox 593 3389 711 3465; x_wconf 91' lang='lat' dir='ltr'><strong>nescit</strong></span> <span class='ocrx_word' id='word_1_199' title='bbox 735 3389 906 3495; x_wconf 89' lang='lat' dir='ltr'><strong>quando,</strong></span> <span class='ocrx_word' id='word_1_200' title='bbox 933 3416 1003 3463; x_wconf 91' lang='lat' dir='ltr'><strong>nec</strong></span> <span class='ocrx_word' id='word_1_201' title='bbox 1027 3388 1112 3493; x_wconf 92' lang='lat' dir='ltr'><strong>quis</strong></span> <span class='ocrx_word' id='word_1_202' title='bbox 1126 3386 1250 3465; x_wconf 87' lang='lat' dir='ltr'><strong>luerit.</strong></span> <span class='ocrx_word' id='word_1_203' title='bbox 1276 3390 1382 3465; x_wconf 91' lang='lat' dir='ltr'><strong>Nunc</strong></span> <span class='ocrx_word' id='word_1_204' title='bbox 1406 3370 1559 3495; x_wconf 88' lang='lat' dir='ltr'><strong>grandia</strong></span> <span class='ocrx_word' id='word_1_205' title='bbox 1579 3387 1767 3475; x_wconf 88' lang='lat' dir='ltr'><strong>scandala,</strong></span> 
     </span>
     <span class='ocr_line' id='line_1_24' title="bbox 346 3515 1770 3625; baseline -0.001 -28"><span class='ocrx_word' id='word_1_206' title='bbox 346 3519 508 3625; x_wconf 88' lang='lat' dir='ltr'><strong>suspicio</strong></span> <span class='ocrx_word' id='word_1_207' title='bbox 527 3534 563 3594; x_wconf 90' lang='lat' dir='ltr'><strong>et</strong></span> <span class='ocrx_word' id='word_1_208' title='bbox 579 3516 730 3596; x_wconf 80' lang='lat' dir='ltr'><strong>infamia</strong></span> <span class='ocrx_word' id='word_1_209' title='bbox 747 3533 836 3594; x_wconf 89' lang='lat' dir='ltr'><strong>sunt</strong></span> <span class='ocrx_word' id='word_1_210' title='bbox 851 3533 975 3594; x_wconf 87' lang='lat' dir='ltr'><strong>exorta</strong></span> <span class='ocrx_word' id='word_1_211' title='bbox 991 3533 1118 3593; x_wconf 87' lang='lat' dir='ltr'><strong>contra</strong></span> <span class='ocrx_word' id='word_1_212' title='bbox 1137 3516 1280 3594; x_wconf 91' lang='lat' dir='ltr'><strong>dictum</strong></span> <span class='ocrx_word' id='word_1_213' title='bbox 1297 3517 1489 3605; x_wconf 87' lang='lat' dir='ltr'><strong>ordinem,</strong></span> <span class='ocrx_word' id='word_1_214' title='bbox 1512 3516 1620 3624; x_wconf 89' lang='lat' dir='ltr'><strong>cujus</strong></span> <span class='ocrx_word' id='word_1_215' title='bbox 1637 3515 1770 3596; x_wconf 79' lang='lat' dir='ltr'><strong>fratres</strong></span> 
     </span>
     <span class='ocr_line' id='line_1_25' title="bbox 347 3646 1771 3754; baseline 0.004 -32"><span class='ocrx_word' id='word_1_216' title='bbox 347 3647 466 3724; x_wconf 91' lang='lat' dir='ltr'><strong>credit</strong></span> <span class='ocrx_word' id='word_1_217' title='bbox 479 3649 583 3754; x_wconf 88' lang='lat' dir='ltr'><strong>quod</strong></span> <span class='ocrx_word' id='word_1_218' title='bbox 602 3646 1044 3754; x_wconf 87' lang='lat' dir='ltr'><strong>seirentabnegacionem</strong></span> <span class='ocrx_word' id='word_1_219' title='bbox 1060 3647 1289 3754; x_wconf 87' lang='lat' dir='ltr'><strong>predictam,</strong></span> <span class='ocrx_word' id='word_1_220' title='bbox 1312 3664 1349 3724; x_wconf 93' lang='lat' dir='ltr'><strong>et</strong></span> <span class='ocrx_word' id='word_1_221' title='bbox 1366 3647 1470 3753; x_wconf 89' lang='lat' dir='ltr'><strong>quod</strong></span> <span class='ocrx_word' id='word_1_222' title='bbox 1490 3674 1572 3722; x_wconf 91' lang='lat' dir='ltr'><strong>eam</strong></span> <span class='ocrx_word' id='word_1_223' title='bbox 1592 3646 1771 3754; x_wconf 82' lang='lat' dir='ltr'><strong>Magister</strong></span> 
     </span>
     <span class='ocr_line' id='line_1_26' title="bbox 347 3774 1773 3884; baseline 0.001 -32"><span class='ocrx_word' id='word_1_224' title='bbox 347 3795 384 3853; x_wconf 90' lang='lat' dir='ltr'><strong>et</strong></span> <span class='ocrx_word' id='word_1_225' title='bbox 412 3777 473 3855; x_wconf 91' lang='lat' dir='ltr'><strong>alii</strong></span> <span class='ocrx_word' id='word_1_226' title='bbox 503 3778 579 3856; x_wconf 91' lang='lat' dir='ltr'><strong>sint</strong></span> <span class='ocrx_word' id='word_1_227' title='bbox 604 3774 839 3868; x_wconf 59' lang='lat' dir='ltr'><strong>consessieet</strong></span> <span class='ocrx_word' id='word_1_228' title='bbox 858 3777 951 3854; x_wconf 89' lang='lat' dir='ltr'><strong>dixit</strong></span> <span class='ocrx_word' id='word_1_229' title='bbox 974 3778 1079 3882; x_wconf 92' lang='lat' dir='ltr'><strong>quod</strong></span> <span class='ocrx_word' id='word_1_230' title='bbox 1104 3777 1230 3854; x_wconf 90' lang='lat' dir='ltr'><strong>dictus·</strong></span> <span class='ocrx_word' id='word_1_231' title='bbox 1252 3776 1439 3884; x_wconf 88' lang='lat' dir='ltr'><strong>Magister,</strong></span> <span class='ocrx_word' id='word_1_232' title='bbox 1460 3805 1547 3853; x_wconf 90' lang='lat' dir='ltr'><strong>cum</strong></span> <span class='ocrx_word' id='word_1_233' title='bbox 1574 3793 1671 3855; x_wconf 90' lang='lat' dir='ltr'><strong>esset</strong></span> <span class='ocrx_word' id='word_1_234' title='bbox 1700 3777 1773 3854; x_wconf 90' lang='lat' dir='ltr'><strong>dis·</strong></span> 
     </span>
     <span class='ocr_line' id='line_1_27' title="bbox 346 3906 1772 4014; baseline 0.001 -31"><span class='ocrx_word' id='word_1_235' title='bbox 346 3907 473 3984; x_wconf 90' lang='lat' dir='ltr'><strong>cordia</strong></span> <span class='ocrx_word' id='word_1_236' title='bbox 488 3909 586 3986; x_wconf 91' lang='lat' dir='ltr'><strong>ultra</strong></span> <span class='ocrx_word' id='word_1_237' title='bbox 605 3935 709 3984; x_wconf 90' lang='lat' dir='ltr'><strong>mare</strong></span> <span class='ocrx_word' id='word_1_238' title='bbox 728 3908 768 3984; x_wconf 93' lang='lat' dir='ltr'><strong>in</strong></span> <span class='ocrx_word' id='word_1_239' title='bbox 789 3925 975 3985; x_wconf 88' lang='lat' dir='ltr'><strong>conventu</strong></span> <span class='ocrx_word' id='word_1_240' title='bbox 991 3935 1124 3985; x_wconf 87' lang='lat' dir='ltr'><strong>eorum</strong></span> <span class='ocrx_word' id='word_1_241' title='bbox 1145 3909 1193 3985; x_wconf 90' lang='lat' dir='ltr'><strong>de</strong></span> <span class='ocrx_word' id='word_1_242' title='bbox 1214 3908 1406 3985; x_wconf 89' lang='lat' dir='ltr'><strong>creacione</strong></span> <span class='ocrx_word' id='word_1_243' title='bbox 1422 3906 1606 4014; x_wconf 87' lang='lat' dir='ltr'><strong>Magistri,</strong></span> <span class='ocrx_word' id='word_1_244' title='bbox 1625 3924 1663 3984; x_wconf 93' lang='lat' dir='ltr'><strong>et</strong></span> <span class='ocrx_word' id='word_1_245' title='bbox 1681 3934 1772 4012; x_wconf 91' lang='lat' dir='ltr'><strong>pro·</strong></span> 
     </span>
     <span class='ocr_line' id='line_1_28' title="bbox 347 4037 1770 4145; baseline -0.001 -31"><span class='ocrx_word' id='word_1_246' title='bbox 347 4037 519 4116; x_wconf 89' lang='lat' dir='ltr'><strong>vinciales</strong></span> <span class='ocrx_word' id='word_1_247' title='bbox 547 4037 789 4118; x_wconf 89' lang='lat' dir='ltr'><strong>Lemovicinii</strong></span> <span class='ocrx_word' id='word_1_248' title='bbox 812 4054 850 4114; x_wconf 91' lang='lat' dir='ltr'><strong>et</strong></span> <span class='ocrx_word' id='word_1_249' title='bbox 872 4038 1088 4145; x_wconf 87' lang='lat' dir='ltr'><strong>Alvergnie,</strong></span> <span class='ocrx_word' id='word_1_250' title='bbox 1110 4039 1177 4144; x_wconf 91' lang='lat' dir='ltr'><strong>qui</strong></span> <span class='ocrx_word' id='word_1_251' title='bbox 1204 4038 1387 4115; x_wconf 88' lang='lat' dir='ltr'><strong>faciebant</strong></span> <span class='ocrx_word' id='word_1_252' title='bbox 1412 4037 1592 4145; x_wconf 90' lang='lat' dir='ltr'><strong>majorem</strong></span> <span class='ocrx_word' id='word_1_253' title='bbox 1622 4053 1770 4142; x_wconf 90' lang='lat' dir='ltr'><strong>partem</strong></span> 
     </span>
     <span class='ocr_line' id='line_1_29' title="bbox 346 4166 1772 4276; baseline 0.001 -34"><span class='ocrx_word' id='word_1_254' title='bbox 346 4186 566 4259; x_wconf 87' lang='lat' dir='ltr'><strong>conventus,</strong></span> <span class='ocrx_word' id='word_1_255' title='bbox 588 4166 728 4245; x_wconf 89' lang='lat' dir='ltr'><strong>vellent</strong></span> <span class='ocrx_word' id='word_1_256' title='bbox 747 4168 886 4246; x_wconf 90' lang='lat' dir='ltr'><strong>habere</strong></span> <span class='ocrx_word' id='word_1_257' title='bbox 906 4167 946 4245; x_wconf 88' lang='lat' dir='ltr'><strong>in</strong></span> <span class='ocrx_word' id='word_1_258' title='bbox 969 4169 1188 4276; x_wconf 90' lang='lat' dir='ltr'><strong>Magistrum</strong></span> <span class='ocrx_word' id='word_1_259' title='bbox 1214 4168 1367 4247; x_wconf 81' lang='lat' dir='ltr'><strong>fratrem</strong></span> <span class='ocrx_word' id='word_1_260' title='bbox 1388 4170 1586 4275; x_wconf 90' lang='lat' dir='ltr'><strong>Hugonem</strong></span> <span class='ocrx_word' id='word_1_261' title='bbox 1607 4167 1656 4245; x_wconf 90' lang='lat' dir='ltr'><strong>de</strong></span> <span class='ocrx_word' id='word_1_262' title='bbox 1676 4168 1772 4243; x_wconf 88' lang='lat' dir='ltr'><strong>Pen-</strong></span> 
     </span>
     <span class='ocr_line' id='line_1_30' title="bbox 345 4297 1768 4408; baseline 0 -32"><span class='ocrx_word' id='word_1_263' title='bbox 345 4301 479 4389; x_wconf 91' lang='lat' dir='ltr'><strong>rando,</strong></span> <span class='ocrx_word' id='word_1_264' title='bbox 507 4318 545 4378; x_wconf 93' lang='lat' dir='ltr'><strong>et</strong></span> <span class='ocrx_word' id='word_1_265' title='bbox 568 4301 693 4378; x_wconf 91' lang='lat' dir='ltr'><strong>minor</strong></span> <span class='ocrx_word' id='word_1_266' title='bbox 714 4328 798 4407; x_wconf 90' lang='lat' dir='ltr'><strong>pars</strong></span> <span class='ocrx_word' id='word_1_267' title='bbox 818 4299 961 4377; x_wconf 91' lang='lat' dir='ltr'><strong>dictum</strong></span> <span class='ocrx_word' id='word_1_268' title='bbox 979 4300 1215 4408; x_wconf 86' lang='lat' dir='ltr'><strong>Magistrum,</strong></span> <span class='ocrx_word' id='word_1_269' title='bbox 1237 4298 1402 4406; x_wconf 89' lang='lat' dir='ltr'><strong>prelatus</strong></span> <span class='ocrx_word' id='word_1_270' title='bbox 1422 4298 1598 4404; x_wconf 92' lang='lat' dir='ltr'><strong>Magister</strong></span> <span class='ocrx_word' id='word_1_271' title='bbox 1611 4297 1768 4406; x_wconf 82' lang='lat' dir='ltr'><strong>juravit.</strong></span> 
     </span>
     <span class='ocr_line' id='line_1_31' title="bbox 345 4425 1771 4538; baseline -0.002 -30"><span class='ocrx_word' id='word_1_272' title='bbox 345 4460 471 4510; x_wconf 89' lang='lat' dir='ltr'><strong>coram</strong></span> <span class='ocrx_word' id='word_1_273' title='bbox 489 4431 665 4538; x_wconf 88' lang='lat' dir='ltr'><strong>Magistro</strong></span> <span class='ocrx_word' id='word_1_274' title='bbox 681 4429 883 4536; x_wconf 87' lang='lat' dir='ltr'><strong>Hospitalis</strong></span> <span class='ocrx_word' id='word_1_275' title='bbox 899 4430 966 4535; x_wconf 92' lang='lat' dir='ltr'><strong>qui</strong></span> <span class='ocrx_word' id='word_1_276' title='bbox 977 4447 1069 4507; x_wconf 88' lang='lat' dir='ltr'><strong>tunc</strong></span> <span class='ocrx_word' id='word_1_277' title='bbox 1088 4448 1182 4521; x_wconf 87' lang='lat' dir='ltr'><strong>erat,</strong></span> <span class='ocrx_word' id='word_1_278' title='bbox 1201 4446 1238 4508; x_wconf 90' lang='lat' dir='ltr'><strong>et</strong></span> <span class='ocrx_word' id='word_1_279' title='bbox 1252 4457 1376 4507; x_wconf 90' lang='lat' dir='ltr'><strong>coram</strong></span> <span class='ocrx_word' id='word_1_280' title='bbox 1397 4428 1554 4505; x_wconf 91' lang='lat' dir='ltr'><strong>domino</strong></span> <span class='ocrx_word' id='word_1_281' title='bbox 1569 4425 1705 4505; x_wconf 89' lang='lat' dir='ltr'><strong>Odoue</strong></span> <span class='ocrx_word' id='word_1_282' title='bbox 1720 4427 1771 4505; x_wconf 88' lang='lat' dir='ltr'><strong>de</strong></span> 
     </span>
     <span class='ocr_line' id='line_1_32' title="bbox 346 4557 1772 4667; baseline -0.002 -29"><span class='ocrx_word' id='word_1_283' title='bbox 346 4560 486 4638; x_wconf 91' lang='lat' dir='ltr'><strong>Grandi</strong></span> <span class='ocrx_word' id='word_1_284' title='bbox 506 4562 609 4639; x_wconf 86' lang='lat' dir='ltr'><strong>Sono</strong></span> <span class='ocrx_word' id='word_1_285' title='bbox 630 4560 769 4648; x_wconf 91' lang='lat' dir='ltr'><strong>milite,</strong></span> <span class='ocrx_word' id='word_1_286' title='bbox 792 4578 831 4638; x_wconf 89' lang='lat' dir='ltr'><strong>et</strong></span> <span class='ocrx_word' id='word_1_287' title='bbox 849 4560 1024 4667; x_wconf 88' lang='lat' dir='ltr'><strong>pluribus</strong></span> <span class='ocrx_word' id='word_1_288' title='bbox 1043 4559 1140 4652; x_wconf 89' lang='lat' dir='ltr'><strong>aliis,</strong></span> <span class='ocrx_word' id='word_1_289' title='bbox 1163 4560 1269 4666; x_wconf 90' lang='lat' dir='ltr'><strong>quod</strong></span> <span class='ocrx_word' id='word_1_290' title='bbox 1287 4560 1368 4665; x_wconf 91' lang='lat' dir='ltr'><strong>ipse</strong></span> <span class='ocrx_word' id='word_1_291' title='bbox 1389 4557 1618 4636; x_wconf 87' lang='lat' dir='ltr'><strong>consentiret</strong></span> <span class='ocrx_word' id='word_1_292' title='bbox 1642 4557 1684 4634; x_wconf 90' lang='lat' dir='ltr'><strong>in</strong></span> <span class='ocrx_word' id='word_1_293' title='bbox 1713 4557 1772 4635; x_wconf 91' lang='lat' dir='ltr'><strong>di·</strong></span> 
     </span>
     <span class='ocr_line' id='line_1_33' title="bbox 347 4688 1768 4798; baseline -0.002 -31"><span class='ocrx_word' id='word_1_294' title='bbox 347 4708 448 4768; x_wconf 92' lang='lat' dir='ltr'><strong>ctum</strong></span> <span class='ocrx_word' id='word_1_295' title='bbox 461 4690 614 4768; x_wconf 81' lang='lat' dir='ltr'><strong>fratrem</strong></span> <span class='ocrx_word' id='word_1_296' title='bbox 627 4694 844 4798; x_wconf 90' lang='lat' dir='ltr'><strong>Hugonem,</strong></span> <span class='ocrx_word' id='word_1_297' title='bbox 864 4709 904 4769; x_wconf 90' lang='lat' dir='ltr'><strong>et</strong></span> <span class='ocrx_word' id='word_1_298' title='bbox 920 4691 1026 4798; x_wconf 91' lang='lat' dir='ltr'><strong>quod</strong></span> <span class='ocrx_word' id='word_1_299' title='bbox 1044 4691 1124 4798; x_wconf 92' lang='lat' dir='ltr'><strong>ipse</strong></span> <span class='ocrx_word' id='word_1_300' title='bbox 1141 4689 1297 4771; x_wconf 91' lang='lat' dir='ltr'><strong>nolebat</strong></span> <span class='ocrx_word' id='word_1_301' title='bbox 1310 4718 1389 4768; x_wconf 91' lang='lat' dir='ltr'><strong>esse</strong></span> <span class='ocrx_word' id='word_1_302' title='bbox 1404 4688 1592 4794; x_wconf 89' lang='lat' dir='ltr'><strong>Magister.</strong></span> <span class='ocrx_word' id='word_1_303' title='bbox 1612 4688 1660 4765; x_wconf 84' lang='lat' dir='ltr'><strong>Et</strong></span> <span class='ocrx_word' id='word_1_304' title='bbox 1679 4716 1768 4767; x_wconf 92' lang='lat' dir='ltr'><strong>cum</strong></span> 
     </span>
     <span class='ocr_line' id='line_1_34' title="bbox 347 4821 1766 4929; baseline 0.001 -32"><span class='ocrx_word' id='word_1_305' title='bbox 347 4850 390 4897; x_wconf 89' lang='lat' dir='ltr'><strong>ex</strong></span> <span class='ocrx_word' id='word_1_306' title='bbox 412 4822 483 4898; x_wconf 92' lang='lat' dir='ltr'><strong>hoc</strong></span> <span class='ocrx_word' id='word_1_307' title='bbox 504 4821 622 4928; x_wconf 87' lang='lat' dir='ltr'><strong>major</strong></span> <span class='ocrx_word' id='word_1_308' title='bbox 641 4851 724 4928; x_wconf 89' lang='lat' dir='ltr'><strong>pars</strong></span> <span class='ocrx_word' id='word_1_309' title='bbox 744 4823 992 4901; x_wconf 87' lang='lat' dir='ltr'><strong>consensisset</strong></span> <span class='ocrx_word' id='word_1_310' title='bbox 1015 4822 1120 4929; x_wconf 91' lang='lat' dir='ltr'><strong>quod</strong></span> <span class='ocrx_word' id='word_1_311' title='bbox 1145 4822 1224 4928; x_wconf 90' lang='lat' dir='ltr'><strong>ipse</strong></span> <span class='ocrx_word' id='word_1_312' title='bbox 1247 4821 1356 4900; x_wconf 86' lang='lat' dir='ltr'><strong>lieret</strong></span> <span class='ocrx_word' id='word_1_313' title='bbox 1376 4848 1536 4927; x_wconf 88' lang='lat' dir='ltr'><strong>magnus</strong></span> <span class='ocrx_word' id='word_1_314' title='bbox 1554 4836 1766 4925; x_wconf 88' lang='lat' dir='ltr'><strong>preceptor,</strong></span> 
     </span>
    </p>
   </div>
   <div class='ocr_carea' id='block_1_3' title="bbox 0 0 2127 5940">
    <p class='ocr_par' dir='ltr' id='par_1_3' title="bbox 0 0 2127 5940">
     <span class='ocr_line' id='line_1_35' title="bbox 0 0 2127 5940; baseline 0 0"><span class='ocrx_word' id='word_1_315' title='bbox 0 0 2127 5940; x_wconf 95' lang='lat' dir='ltr'><strong> </strong></span> 
     </span>
    </p>
   </div>
  </div>
 </body>
</html>
