4236 5948
343 502 419 573 220
724 483 922 578 rnocns
950 503 1046 575 oss
1077 501 1382 578 rnurmnns

343 658 380 718 et
401 639 519 717 credit
531 639 638 745 quod
655 639 753 719 bene
772 644 970 721 crederent
985 642 1242 722 ecclesiasticis
1257 642 1512 732 sacramentis,
1531 640 1672 747 quibus
1683 644 1762 749 ipse

342 770 478 859 credit,
496 787 534 846 et
548 770 652 876 quod
668 798 799 851 eorum
816 774 1044 863 sacerdotes,
1065 774 1161 852 sicut
1173 791 1211 851 et
1225 775 1304 881 ipse
1319 775 1423 852 testis
1435 771 1612 862 faciebat,
1634 773 1762 850 debite

341 918 379 977 et
397 902 605 987 secundum
627 901 786 981 formam
804 903 968 984 Ecclesie
987 901 1231 982 celebrarent.
1255 905 1387 983 Statim
1411 931 1479 1011 pro
1499 901 1675 1009 professis
1699 904 1765 981 ha-

338 1031 537 1110 bebantur.
559 1031 798 1110 Clandestiue
814 1032 1104 1141 recipiebantur,
1124 1032 1239 1110 nullis
1252 1034 1489 1141 presentibus
1500 1033 1573 1109 nisi
1588 1030 1765 1110 fratribus

340 1161 499 1249 ordinis,
522 1189 566 1238 ex
585 1190 663 1267 quo
685 1162 806 1240 credit
830 1163 935 1269 quod
948 1180 1046 1241 esset
1060 1164 1221 1269 suspicio
1237 1181 1366 1243 contra
1380 1190 1456 1241 eos.
1468 1159 1764 1240 Cordulisunde

341 1288 514 1401 volebant
529 1293 728 1399 assumptis
745 1293 992 1402 cingebantur
1007 1321 1120 1401 super
1136 1295 1304 1373 camisias
1318 1323 1404 1371 cum
1424 1292 1563 1400 quibus
1574 1291 1762 1400 jacebant.

339 1419 523 1499 Jurabant·
539 1448 615 1498 non
630 1421 794 1499 revelare
809 1440 950 1503 secreta
969 1422 1251 1530 capituliorum‚
1274 1426 1390 1502 eciam
1407 1418 1584 1501 fratribus
1602 1423 1668 1528 qui
1685 1449 1763 1501 non

339 1546 536 1626 adfuerant
558 1550 599 1626 in
616 1550 782 1645 eisdem,
802 1552 850 1631 de
871 1553 988 1631 modo
1002 1552 1231 1660 recepcisnis
1252 1553 1403 1659 speciali
1422 1580 1500 1631 nou
1515 1553 1642 1629 habita
1661 1579 1765 1630 meu·

339 1677 464 1770 cione;
487 1681 609 1787 etqui
629 1680 870 1775 revelassent,
891 1683 1016 1789 puniti
1036 1682 1211 1772 fuissent,
1237 1701 1275 1760 ct
1296 1683 1468 1762 habitum
1488 1682 1759 1788 perdidissent,

339 1809 534 1918 utcredit.
552 1810 822 1920 lnjungebatur
838 1812 893 1891 eis
912 1813 1015 1920 quod
1036 1813 1220 1920 quamdiu
1240 1829 1415 1919 poterant
1438 1810 1611 1889 confiteri
1640 1839 1762 1890 sacer·

338 1935 493 2016 dotibus
508 1940 667 2031 ordinis,
679 1968 764 2019 -non
776 1941 1049 2020 confiterentur
1066 1942 1160 2020 aliis.
1176 1944 1324 2021 Fratres
1339 1941 1478 2050 quibus
1492 1941 1613 2019 credit
1631 1959 1760 2019 notam

336 2065 449 2144 luisse
465 2069 760 2178 abnegacionem
777 2071 1020 2150 conlassatam
1047 2101 1116 2179 per
1131 2101 1218 2151 eum
1233 2072 1388 2150 luerunt
1406 2069 1653 2178 negligentes,
1670 2071 1760 2177 quia

336 2224 414 2276 non
435 2219 677 2279 correxerunt
700 2230 771 2279 nec
794 2201 1113 2282 denunciaverunt
1130 2201 1306 2281 Ecclesie.
1323 2201 1559 2279 Elemosinas
1576 2219 1614 2279 et
1631 2199 1761 2307 bospi-

336 2326 518 2406 talitatem
540 2331 633 2408 vidit
659 2333 927 2411 convenienter
952 2332 1034 2411 lieri
1055 2350 1093 2410 et
1117 2334 1253 2410 servari
1280 2334 1320 2409 in
1348 2331 1525 2410 domibus
1550 2329 1693 2409 ordinis
1718 2332 1759 2410 iu

335 2459 476 2565 quibus
494 2460 619 2538 extitit
637 2480 904 2555 commoratus,
928 2480 966 2541 ct
987 2462 1263 2570 precipiebatur
1285 2463 1339 2540 eis
1360 2461 1465 2569 quod
1487 2459 1614 2545 debite
1632 2463 1762 2568 acqui·

334 2606 463 2667 rorent
491 2591 628 2667 ordini.
655 2590 808 2671 Audiuit
830 2593 1035 2701 diciquod
1061 2621 1193 2671 eorum
1210 2592 1385 2699 capitulis
1405 2590 1759 2680 clam-tenebantur,

335 2717 452 2797 nullis
472 2720 802 2827 presentibusnisi
819 2722 994 2801 fratribus
1021 2724 1181 2810 ordinis,
1196 2722 1322 2831 januis
1349 2721 1539 2799 demusin
1559 2750 1634 2827 qua
1651 2739 1760 2809 tene-

333 2846 448 2925 batur
471 2850 677 2957 capitulum
699 2852 848 2940 clamis,
868 2852 1050 2932 Ordinata
1069 2881 1137 2961 per
1147 2855 1367 2963 Magistrum
1382 2880 1469 2928 cum
1488 2868 1674 2929 conventu
1690 2881 1763 2929 ser·

333 2998 453 3058 vasset
471 2997 574 3059 totus
599 2983 713 3071 ordo,
737 3002 868 3062 contra
886 3013 1001 3091 quem
1027 3013 1128 3061 nunc
1151 2984 1305 3090 grandia
1328 2981 1517 3072 scandala,
1534 2982 1696 3088 suspicio
1723 3001 1762 3059 et

315 3110 487 3197 infamia
512 3129 602 3189 sunt
622 3130 763 3205 exorta,
786 3132 824 3191 et
839 3132 980 3194 ,contra
1000 3143 1115 3220 quem
1141 3113 1261 3192 dictus
1280 3113 1456 3221 Magister
1482 3128 1520 3189 et
1544 3110 1605 3187 alii
1635 3110 1762 3219 aliqua

336 3238 514 3318 dicuntur
527 3242 641 3319 luisse
654 3241 833 3334 confessi3
854 3243 1024 3352 adcujus
1041 3245 1185 3323 ordinis
1198 3244 1470 3322 deffensionem
1492 3269 1628 3318 senon
1648 3240 1760 3320 obtu-

334 3370 445 3460 lerat,
460 3398 529 3447 nec
544 3371 666 3449 luerat
685 3371 783 3452 ultra
795 3403 910 3453 mare.

387 3504 606 3608 Requisitus
622 3504 652 3581 si
667 3503 720 3581 sio
735 3505 962 3612 deposuerat
976 3532 1105 3613 prece,
1127 3523 1317 3612 precepto,
1328 3506 1477 3597 timore,
1492 3532 1632 3595 amore,
1649 3505 1756 3595 odio,

334 3634 392 3718 vel
408 3633 606 3741 temporali
630 3635 792 3713 comodo
806 3636 938 3715 habito
954 3635 1012 3713 vel
1030 3635 1219 3727 habendo,
1241 3635 1436 3742 respondit
1454 3635 1559 3741 quod
1579 3660 1671 3725 non,
1691 3636 1760 3712 sed

334 3793 403 3871 pro
423 3765 574 3842 veritate
601 3765 776 3854 dicenda3
803 3767 864 3843 cui
891 3765 963 3843 suit
985 3767 1199 3875 injunctum
1223 3764 1328 3871 quod
1354 3792 1431 3842 non
1457 3763 1639 3843 revelaret
1662 3764 1760 3840 hanc

334 3922 440 3972 suam
461 3893 759 4002 deposicionem,
780 3922 977 4004 quousque
997 3896 1256 3975 attestacioncs
1275 3894 1415 3974 fuerint
1433 3893 1632 4001 publicata.

390 4162 520 4238 Frater
539 4163 646 4268 Hugo
671 4160 719 4238 de
740 4161 860 4237 Fauro
880 4159 1005 4251 miles,
1027 4159 1303 4237 Lemovicensis
1326 4157 1501 4248 diocesis,
1522 4157 1628 4233 testis
1646 4183 1759 4262 supra

329 4292 494 4399 juratus,
511 4291 852 4399 quinquagenarius
866 4290 924 4367 vel
940 4290 1050 4380 circa,
1067 4317 1145 4366 non
1159 4289 1345 4367 defferens
1358 4285 1582 4366 mantellum
1597 4284 1757 4374 ordinis,

334 4423 422 4529 quia
447 4422 572 4529 ipsum
594 4421 788 4499 dimiserat
805 4436 986 4497 vetustate
1006 4437 1290 4527 consumptum,
1314 4419 1471 4497 barbam
1492 4436 1619 4496 tamen
1639 4416 1760 4495 deffe-

334 4549 463 4640 rebat,
492 4581 579 4635 cum
606 4581 682 4659 quo
710 4552 932 4659 inquisitum
956 4551 1096 4642 luerat,
1123 4549 1317 4629 absolutus
1341 4567 1380 4627 et
1405 4548 1666 4627 reconciliatus
1690 4575 1759 4655 per

337 4679 534 4759 domiuum
563 4683 867 4761 Lemoviccnsem
893 4682 1129 4789 episcopum,
1155 4681 1262 4757 lectis
1286 4697 1325 4757 et
1350 4679 1551 4785 diligenter
1580 4677 1759 4785 expositis

335 4810 407 4891 sibi
423 4811 602 4890 omnibus
617 4830 655 4890 et
669 4812 826 4920 singulis
841 4811 1026 4899 articulis,
1047 4810 1243 4917 respondit
1261 4837 1301 4888 se
1321 4810 1477 4903 nescire,
1498 4836 1568 4887 nec
1588 4808 1754 4898 credere,
