4236 5948
354 542 428 621 ast
744 524 939 615 raeces
965 543 1060 614 nas
1086 542 1383 628 rrururras.

352 716 437 766 cum
459 684 660 764 Meldensis
680 684 855 772 diocesis,
880 712 943 762 sex
968 684 1053 761 anni
1075 701 1162 761 sunt
1184 684 1316 789 elapsi,
1337 712 1405 790 per
1423 680 1576 760 fratrem
1602 685 1775 792 Reginal·

351 815 443 891 dum
464 816 510 892 de
524 811 697 920 Argivilla
717 812 908 918 quondam
923 812 1192 893 cubicularium
1205 842 1320 920 pape,
1340 812 1577 920 presentibus
1596 811 1775 894 fratribus

350 944 502 1022 Alberto
521 941 709 1048 capellano
728 942 816 1018 dicti
833 943 991 1032 ordinis,
1015 960 1051 1020 et
1070 941 1279 1021 Guillelmo
1300 943 1348 1020 de
1369 943 1618 1049 Compendi0‚
1642 963 1680 1022 et
1697 950 1776 1052 qui·

349 1075 505 1153 busdam
525 1074 608 1151 aliis
630 1075 676 1151 de
695 1102 860 1180 quorum
880 1073 1097 1152 nominibus
1116 1102 1191 1154 non
1210 1075 1352 1157 reoolit.
1373 1074 1475 1153 Dixit
1492 1075 1610 1152 eciam
1629 1104 1699 1182 per
1712 1077 1775 1184 ju·

349 1222 562 1283 ramentum
577 1232 688 1281 suum
700 1205 816 1311 quod,
828 1224 912 1310 post
925 1204 1061 1281 multas
1074 1205 1342 1309 promissiones
1353 1204 1403 1282 de
1415 1203 1562 1281 statutis
1575 1222 1612 1282 et
1621 1208 1773 1284 secretis

350 1337 437 1414 dicti
457 1336 599 1415 ordinis
619 1335 860 1415 observandis
878 1337 925 1413 ab
944 1363 990 1413 eo
1008 1334 1136 1425 lectas,
1157 1337 1280 1415 dictus
1297 1336 1480 1440 recipiens
1500 1338 1681 1441 aportnvit
1699 1338 1771 1414 sibi

348 1467 548 1572 quamdam
571 1494 739 1555 crucem,
761 1484 798 1544 et
818 1467 910 1543 dixit
928 1466 1000 1543 sibi
1020 1467 1125 1573 quod
1144 1467 1342 1572 oportebat
1365 1467 1645 1573 ipsumspuere
1661 1494 1772 1572 supra

348 1626 513 1689 crucem,
541 1616 578 1675 et
596 1597 698 1705 quod
720 1598 771 1675 ita
792 1614 1012 1682 consuetum
1029 1615 1109 1673 erat
1132 1598 1172 1674 in
1191 1597 1343 1688 ordine3
1363 1614 1401 1674 et
1419 1614 1508 1674 tuno
1525 1596 1607 1702 ipse
1625 1597 1772 1703 fingens

347 1756 482 1832 spuere
496 1757 608 1835 supra
623 1756 786 1815 crucem,
805 1728 907 1833 spuit
923 1743 981 1804 ter
1000 1727 1047 1804 ad
1063 1744 1211 1805 terram.
1232 1729 1485 1835 Interrogatus
1498 1727 1547 1804 de
1564 1743 1649 1805 voto
1665 1729 1773 1805 casti·

266 1851 268 1856 ’
347 1859 447 1944 tatis,
475 1857 568 1934 dixit
587 1887 654 1964 per
672 1858 927 1966 juramentum
956 1884 1066 1934 sarum
1093 1856 1198 1963 quod
1222 1858 1344 1935 dietus
1368 1857 1550 1962 recipiens
1579 1857 1672 1934 dixit
1698 1858 1768 1934 sibi

347 1989 453 2094 quod
477 1987 563 2064 lecti
592 1986 746 2064 fratrum
781 1987 968 2065 debebant
988 2015 1066 2063 esse
1097 2016 1332 2074 communes,
1355 2004 1392 2063 et
1410 1986 1514 2093 quod
1539 2004 1713 2093 poterant
1730 2016 1770 2064 se

347 2119 588 2195 commiscere
616 2117 812 2195 carnaliter
836 2145 934 2195 unus
958 2145 1043 2192 cum
1065 2116 1156 2206 alio,
1179 2135 1218 2194 et
1238 2117 1343 2222 quod
1364 2117 1520 2194 omnino
1541 2116 1731 2195 debebant
1750 2149 1770 2194 a

345 2246 570 2325 mulieribus
590 2246 786 2324 abstinere.

401 2381 651 2483 Interrogatus
671 2377 718 2454 de
739 2376 885 2466 osculo,
908 2377 1000 2454 dixit
1017 2404 1085 2481 per
1097 2377 1355 2484 juramentum
1380 2405 1493 2455 suum
1520 2377 1625 2483 quod
1648 2378 1770 2455 dictus

345 2508 529 2613 recipiens
547 2507 655 2585 traxit
667 2535 754 2583 eum
766 2507 814 2584 ad
829 2522 973 2612 partem
988 2508 1028 2582 in
1045 2506 1207 2612 quadam
1222 2535 1367 2583 camera
1385 2523 1488 2585 retro
1506 2506 1716 2597 ecclesiam,
1734 2525 1772 2585 et

345 2637 432 2714 lecit
451 2666 491 2714 se
512 2638 671 2716 osculari
692 2636 737 2715 ab
759 2664 804 2713 eo
824 2637 864 2713 in
884 2636 1063 2715 umbilico
1089 2653 1128 2713 et
1152 2637 1193 2713 in
1218 2663 1300 2714 ora·
1323 2637 1573 2742 Interrogatus
1595 2638 1628 2715 si
1651 2638 1770 2714 credit

345 2768 449 2873 quod
469 2795 599 2844 omnes
619 2766 680 2843 alii
700 2764 831 2843 fratres
848 2765 991 2843 ordinis
1010 2765 1124 2842 simili
1141 2765 1258 2843 modo
1268 2765 1511 2871 recipiantur,
1527 2764 1619 2843 dixit
1635 2795 1705 2872 per
1713 2768 1771 2875 ju

345 2916 555 2975 ramentum
577 2923 686 2972 suum
712 2895 816 3002 quod
838 2896 971 2985 credit,
1000 2896 1183 3001 quianon
1207 2894 1326 2972 credit
1345 2923 1478 2972 novam
1496 2894 1618 3001 legem
1638 2924 1710 3002 pro
1730 2926 1769 2974 se

344 3026 456 3104 fuisse
480 3025 623 3104 factam.
652 3028 863 3132 Requisitus
890 3055 958 3130 per
978 3026 1233 3132 juramentum
1264 3054 1374 3101 suurn
1401 3027 1540 3102 iterum
1568 3028 1767 3130 prestitum

343 3175 474 3235 utrum
489 3159 542 3246 vi,
557 3158 614 3233 vel
635 3173 739 3233 metu
753 3155 909 3232 carceris
924 3173 989 3232 aut
1004 3171 1295 3243 tormentorum,
1310 3155 1474 3262 aliquam
1487 3153 1688 3232 falsitatem
1700 3158 1769 3233 im·

343 3288 535 3365 misouerit
553 3288 592 3363 in
609 3314 677 3364 sua
697 3285 951 3391 depositione,
974 3301 1038 3362 aut
1057 3286 1252 3362 veritatem
1270 3284 1447 3372 tacuerit,
1465 3285 1558 3361 dixit
1580 3314 1650 3392 per
1663 3287 1768 3392 jura-

343 3433 513 3494 mentum
524 3442 636 3495 suurn
649 3416 754 3520 quod
770 3442 863 3506 non;
881 3416 998 3491 immo
1014 3440 1147 3519 puram
1158 3433 1196 3492 et
1210 3416 1390 3522 integram
1407 3414 1549 3492 dixerat
1559 3417 1765 3494 veritatem.

400 3679 493 3754 Item
511 3675 624 3752 frater
643 3674 864 3753 Lambertus
884 3675 931 3752 de
952 3676 1081 3782 Toysi,
1106 3677 1211 3752 etatis
1235 3674 1480 3783 quadraginta
1505 3702 1690 3754 annorum
1708 3678 1767 3754 vel

345 3808 457 3896 circa,
491 3823 533 3883 ut
555 3805 718 3897 dicebat,
741 3804 875 3882 eodem
896 3805 1011 3883 modo
1043 3806 1286 3893 constitutus,
1310 3783 1457 3913 juratus
1484 3823 1521 3882 et
1542 3806 1763 3911 requisitas,

343 3937 434 4016 dixit
451 3964 521 4043 per
534 3936 790 4043 juramentum
810 3965 920 4013 suum
939 3934 1042 4043 quod
1058 3953 1230 4041 receptus
1248 3934 1321 4015 luit
1339 3937 1378 4012 in
1397 3936 1512 4013 domo
1528 3934 1575 4012 de
1590 3936 1764 4015 Vinciaoo

342 4067 501 4148 diocesis
521 4067 721 4157 Eduensis‚
738 4093 800 4144 xiu
818 4068 905 4143 anni
920 4083 1007 4143 sunt
1021 4067 1152 4171 elapsi,
1169 4095 1237 4172 per
1249 4065 1399 4144 fratrem
1413 4068 1567 4144 Petrum
1584 4066 1632 4143 de
1648 4067 1763 4172 Sym

340 4215 600 4305 preceptorem
619 4196 779 4275 baillivis
800 4197 848 4274 de
871 4199 1001 4303 byres,
1016 4197 1253 4303 presentibus
1265 4196 1376 4275 fratre
1391 4196 1597 4303 Reginaldo
1613 4197 1667 4274 'de
1679 4198 1765 4274 Toi-

341 4330 438 4407 siaco
460 4345 593 4433 patruo
610 4355 696 4417 suo,
718 4327 830 4405 fratre
843 4325 989 4405 Thema
1004 4326 1051 4402 de
1070 4329 1261 4406 Buceioet
1272 4325 1500 4433 quibusdam
1518 4325 1600 4403 aliis
1611 4326 1660 4403 de
1675 4354 1764 4432 quo

340 4487 425 4536 rum
440 4457 659 4543 nominibus
677 4486 754 4536 non
772 4457 1000 4536 recordatur.
1015 4459 1062 4535 Et
1073 4458 1165 4535 dixit
1178 4486 1247 4564 per
1260 4451 1518 4564 juramentum
1531 4485 1643 4534 suum
1658 4456 1763 4563 quod

343 4588 463 4666 dictus
482 4588 667 4695 recipiens
679 4588 768 4666 fecit
787 4616 874 4665 eum
889 4588 1017 4695 jurare
1037 4604 1076 4667 et
1094 4588 1318 4694 promittere
1342 4587 1478 4667 multas
1504 4587 1762 4665 observantias

343 4717 431 4795 dicti
451 4718 594 4796 ordinis
613 4737 754 4797 sanetas
774 4736 813 4795 et
833 4718 997 4807 devotas,
1026 4737 1065 4796 et
1082 4737 1219 4797 secreta
1252 4737 1290 4797 et
1323 4736 1458 4797 stamtn
1491 4718 1581 4795 dieti
1617 4717 1761 4795 ordinis

340 4865 469 4925 tenere
490 4865 528 4925 et
547 4848 759 4941 observare,
778 4876 937 4955 quarum
957 4849 1098 4956 aliquas
1110 4851 1335 4929 verbotenus
1355 4850 1555 4937 enamavit3
1577 4866 1614 4926 et
1632 4866 1759 4954 postea
