4236 5948
361 607 408 680 n
749 585 944 679 esocis
971 604 1067 677 oss
1094 602 1397 677 rsurcrsss.

260 745 262 748 ⁵
353 746 542 860 pred-ictas
573 747 811 854 spuicionem
840 767 879 826 et
906 747 1200 854 abnegacionem
1236 765 1433 856 negaverat
1464 775 1589 824 coram
1619 776 1664 825 eo
1694 748 1792 827 sicut

352 901 471 991 negat
490 910 604 959 nunc.
626 882 844 988 Requisitus
856 881 888 958 si
907 882 986 969 scit,
1010 880 1130 956 credit
1147 880 1207 957 vel
1222 880 1366 958 audivit
1386 880 1459 956 dici
1476 880 1581 987 qnod
1600 881 1640 956 in
1660 911 1792 988 recep·

353 1012 530 1091 cionibus
555 1012 717 1090 aliorum
744 1015 1028 1090 intervenerunt
1048 1011 1174 1120 aliqua
1196 1042 1239 1090 ex
1260 1012 1403 1091 illicitis
1425 1043 1501 1121 que
1523 1042 1625 1090 nunc
1642 1015 1792 1121 negavit

354 1146 597 1223 intervenisse
615 1147 655 1221 in
674 1175 751 1234 sua,
769 1146 966 1252 respondit
982 1144 1087 1251 quod
1101 1172 1191 1231 non,
1210 1145 1299 1250 quio
1312 1145 1405 1222 vidit
1418 1145 1534 1251 recipi
1549 1145 1643 1223 circa
1656 1147 1791 1223 deceni

351 1277 411 1355 vel
429 1306 475 1356 xv
489 1278 528 1354 in
541 1277 691 1366 ordine,
711 1279 926 1384 inquorum
940 1275 1227 1381 recepcionibus
1243 1305 1321 1352 non
1336 1277 1429 1353 vidit
1445 1277 1528 1353 fieri
1552 1277 1697 1385 aliquid
1714 1279 1790 1355 illi-

352 1410 470 1489 citum
483 1408 712 1488 necsaudivit
730 1408 803 1486 dici
819 1407 926 1514 qnod
940 1424 1027 1514 post
1041 1407 1161 1485 fieret.
1181 1407 1399 1515 Requisitus
1410 1408 1457 1484 de
1469 1408 1691 1488 nominibus
1701 1410 1789 1488 illo-

352 1569 439 1621 tum
455 1568 552 1648 qnos
564 1539 656 1617 vidit
667 1538 796 1645 recipi,
811 1537 1009 1644 respondit
1020 1537 1135 1643 quod,
1155 1537 1252 1616 infre
1265 1568 1437 1616 mensem
1450 1541 1786 1648 arecepcionesua,

352 1673 447 1753 vidit
471 1672 512 1750 in
529 1671 671 1781 capelle
694 1671 862 1777 predicta
884 1670 1001 1776 recipi
1021 1669 1181 1748 insimul
1199 1669 1333 1749 fratres
1355 1673 1553 1750 Matbeum
1573 1672 1726 1752 Golarat
1750 1694 1788 1752 et

349 1806 562 1886 Iohannem
582 1802 713 1882 Borrel
739 1802 895 1891 milites,
921 1799 1153 1895 deffunctos,
1177 1832 1246 1909 per
1271 1801 1427 1881 fratrem
1447 1804 1642 1882 Matheum
1663 1806 1786 1884 Bardo

350 1936 513 2017 militem
533 1937 747 2043 quondam,
771 1935 881 2013 dictis
900 1951 1121 2041 preceptore
1143 1934 1242 2013 dicte
1265 1936 1405 2014 domus
1426 1954 1463 2015 et
1483 1937 1564 2043 ejus
1587 1936 1716 2028 fratre,
1750 1957 1787 2015 et

350 2070 522 2149 Iohanne
541 2067 698 2148 Musseti
718 2067 969 2175 presentibus.
992 2065 1097 2145 Vidit
1117 2067 1235 2144 eciam
1253 2069 1388 2176 recipi,
1418 2068 1618 2176 in-cspella
1647 2071 1786 2147 domus

348 2199 499 2308 Templi
514 2200 744 2279 deLamahn
765 2197 1016 2277 Xantonensis
1037 2197 1217 2291 diocesis,
1240 2199 1394 2277 fratrem
1412 2202 1567 2278 Petrum
1589 2201 1637 2278 de
1657 2220 1784 2279 sancto

349 2334 518 2415 Genesin
527 2333 782 2440 presbiterum
799 2332 1007 2440 quondam,
1021 2358 1088 2439 per
1100 2350 1364 2439 preceptorem
1382 2333 1429 2410 (le
1448 2333 1619 2441 Rupella,
1633 2335 1686 2411 eri
1702 2363 1785 2411 exn-

347 2466 548 2558 minatum,
563 2481 654 2543 sunt
667 2493 738 2545 xxv
754 2464 843 2542 anni
859 2463 918 2542 vel
935 2466 1048 2553 circa3
1066 2482 1104 2542 et
1119 2463 1234 2542 freter
1252 2452 1602 2544 Robertus'Guiteri
1621 2467 1785 2544 serviens

348 2597 544 2707 quondam
568 2597 642 2675 luit
671 2614 845 2704 receptus
867 2626 955 2674 cum
982 2597 1083 2674 dicto
1105 2595 1335 2703 presbitero,
1368 2614 1406 2673 et
1433 2595 1686 2675 interfuerunt
1713 2598 1786 2675 fra·

347 2750 426 2811 tres
443 2720 675 2810 Gbitlelmus
699 2731 747 2808 de
771 2730 807 2807 la
825 2729 976 2809 Cabana
1000 2729 1164 2808 serviens
1189 2729 1401 2837 quondam,
1429 2746 1466 2807 et
1486 2729 1550 2807 alii
1576 2730 1785 2837 dequibus

347 2891 427 2945 non
447 2863 591 2942 recolit.
611 2863 717 2941 Vidit
737 2862 856 2940 eciam
873 2860 990 2967 recipi
1011 2890 1080 2967 per
1103 2861 1249 2939 dictum
1269 2878 1531 2968 preceptorem
1557 2861 1605 2938 de
1625 2862 1784 2968 Rupella

344 2995 499 3074 fratrem
514 2995 735 3073 &nandum
748 2993 913 3072 bocandi
927 2993 1210 3102 agricultorem,
1235 2993 1275 3068 in
1292 2992 1390 3069 dicta
1407 2992 1548 3100 capelle
1564 2992 1612 3071 de
1624 2995 1782 3083 Lernan,

346 3128 605 3219 deffimctum,
643 3142 731 3203 sunt
760 3125 907 3202 circiter
934 3152 1003 3204 xxv
1033 3125 1143 3214 anni,
1170 3123 1412 3231 presentibus
1446 3124 1521 3202 illis
1553 3124 1618 3230 qni
1654 3127 1785 3204 adsue-

344 3277 429 3343 rent
452 3257 665 3366 recepoioni
687 3258 877 3335 dictorum
899 3256 1098 3363 presbiteri
1124 3274 1162 3333 et
1184 3256 1341 3334 Roberti
1362 3256 1519 3336 Guiteti.
1539 3256 1644 3335 Vidit
1665 3259 1781 3335 eciam

345 3391 462 3498 recipi
487 3392 586 3468 ultra
609 3418 713 3467 mare
738 3389 779 3465 in
803 3388 922 3496 Acoy,
944 3406 1033 3467 sunt
1051 3416 1149 3466 xxxn
1175 3388 1262 3466 enni
1289 3406 1328 3465 et
1350 3388 1524 3495 amplius,
1543 3417 1612 3494 per
1630 3389 1782 3472 fratrem

343 3525 533 3603 Thomam
548 3521 714 3614 Berardi,
730 3538 823 3598 tnnc
842 3549 1022 3627 magnum
1039 3520 1261 3628 Magistrum
1283 3519 1443 3613 ordinis,
1465 3519 1619 3598 fratrem
1634 3521 1783 3600 Guido·

343 3684 432 3736 nem
444 3655 498 3732 'de
515 3653 686 3733 Charbec
706 3651 867 3729 militem
884 3653 1078 3759 quondam
1096 3651 1394 3730 Cenomanensis
1411 3651 1586 3741 diocesis,
1610 3653 1649 3729 in
1667 3655 1781 3760 pleno

344 3804 544 3875 conventu,
566 3784 808 3891 presentibus
826 3783 1003 3862 fratribus
1023 3787 1184 3894 Hugone
1202 3787 1249 3863 de
1272 3780 1445 3863 Perando
1467 3801 1506 3862 et
1524 3787 1709 3893 Raynerio
1735 3789 1781 3864 de

343 3919 562 4007 Affiicourt,
576 3915 763 4024 Raynerio
776 3915 823 3993 de
837 3915 950 4008 Lissi,
963 3916 1189 3995 Theobaldo
1203 3916 1388 4005 Geudini,
1404 3918 1471 4023 qui
1483 3935 1612 4024 postea
1626 3918 1698 3996 suit
1710 3949 1783 3998 rna-

341 4080 439 4160 gnus
447 4049 625 4157 Magister
634 4048 792 4139 ordinis,
806 4046 1006 4138 militibus,
1025 4067 1063 4126 et
1081 4050 1258 4156 pluribus
1272 4047 1371 4138 aliis3
1389 4048 1436 4125 de
1454 4049 1675 4128 nominibus
1689 4051 1782 4129 alio-

342 4213 427 4262 rum
442 4178 763 4290 quosviditrecipi
776 4179 868 4260 dixit
877 4209 916 4258 se
924 4209 1003 4260 non
1017 4182 1205 4259 recordari
1216 4181 1438 4287 adpresens.
1455 4183 1562 4269 Item,
1577 4181 1778 4290 dixitquod

341 4314 440 4394 bene
466 4313 645 4393 credebat
670 4311 927 4390 ecclesiasticis
949 4312 1205 4405 sacrementis,
1231 4329 1269 4389 et
1291 4313 1414 4390 credit
1435 4313 1539 4418 quod
1565 4313 1627 4390 alii
1648 4313 1779 4392 fratres

342 4447 441 4526 bene
456 4447 656 4523 crederent
671 4462 708 4522 et
720 4443 826 4553 quod
840 4471 974 4523 corum
995 4445 1208 4524 sacerdotes
1223 4444 1351 4522 debite
1368 4443 1614 4522 celebrarent.
1635 4445 1778 4523 Juravit

343 4578 518 4658 ordinem
529 4605 607 4657 non
624 4577 735 4656 exire.
752 4575 888 4656 Statim
906 4576 1169 4684 pro-professis
1190 4566 1441 4657 habebantur.
1464 4575 1706 4654 Clandestinc
1725 4606 1779 4654 re·

341 4710 590 4820 cipicbantur,
608 4710 713 4816 quod
727 4708 763 4786 ei
784 4707 1016 4816 displicebat,
1035 4726 1079 4789 ut
1092 4708 1197 4798 dixit,
1216 4726 1254 4786 et
1268 4697 1410 4787 secr'eu
1426 4707 1679 4815 capitulorum
1700 4737 1777 4788 non

341 4843 552 4932 audebant,
583 4843 698 4920 eciam
726 4840 902 4921 fratribus
921 4843 1085 4949 quinon
1109 4842 1319 4934 adsuerant,
1340 4840 1524 4932 revelare3
1546 4859 1584 4920 et
1603 4839 1778 4920 cordulas
1838 4844 1841 4849 ’

340 4975 481 5084 quibus
488 4973 736 5084 cingebantur
746 4974 947 5080 portabant
958 4973 1156 5083 insignum
1167 4973 1356 5055 castitatis.
1369 4972 1521 5080 Absque
1530 4973 1686 5052 licencia
1698 5003 1775 5054 non
