4236 5948
352 513 425 584 ua
741 491 936 582 moces
962 506 1057 579 nus
1084 506 1380 579 ruurunns.

347 650 405 756 uel
418 648 617 756 temporali
638 649 800 726 comodo
819 647 950 725 habito
969 646 1028 723 vel
1043 646 1238 735 babendo,
1260 645 1454 752 respondit
1467 646 1572 752 quod
1587 674 1681 736 non,
1703 651 1768 727 sed

347 807 418 886 pro
438 778 592 855 veritate
615 777 790 862 diceuda;
818 778 877 854 cui
905 775 977 852 suit
1007 777 1218 881 injunctum
1250 775 1354 882 quod
1373 802 1451 852 non
1470 775 1651 854 revelaret
1673 776 1769 854 benc

349 936 456 985 suam
474 907 778 1013 deposicionem,
800 933 999 1013 quousque
1020 905 1277 982 attestationes
1298 903 1440 981 fuerint
1453 903 1655 1011 publicato.

406 1171 532 1243 Frater
555 1165 713 1243 Anricus
745 1166 793 1242 de
824 1165 1049 1272 Conpendio
1081 1164 1262 1251 serviens,
1296 1164 1577 1242 suessionensis
1593 1164 1768 1258 diocesis,

348 1298 454 1373 testis
475 1323 586 1401 supra
607 1295 776 1401 juratus,
797 1295 1043 1401 quadraginta
1065 1322 1128 1370 sex
1148 1318 1334 1370 annorum
1361 1293 1419 1369 vel
1440 1294 1552 1385 circa,
1579 1294 1645 1400 qui
1665 1324 1771 1373 man·

347 1426 481 1503 tellum
503 1427 696 1503 dimiserat
709 1426 749 1500 in
761 1423 920 1501 concilio
939 1424 1115 1500 Remensi
1134 1440 1172 1501 et
1190 1424 1433 1529 postmodum
1449 1424 1530 1499 radi
1544 1422 1682 1501 lecerat
1699 1425 1769 1504 sibi

347 1556 526 1648 barbam,
556 1584 644 1632 cum
673 1580 752 1661 quo
782 1553 1007 1659 inquisitum
1037 1553 1180 1641 fuerat,
1208 1552 1402 1630 absolutus
1437 1569 1474 1629 et
1499 1555 1770 1634 reconciliatus

348 1713 417 1790 per
438 1685 636 1762 dominum
652 1683 975 1790 archiepiscopum
991 1686 1237 1772 Remensem,
1254 1683 1360 1760 lectis
1378 1700 1415 1759 et
1437 1668 1639 1789 diligenter
1657 1712 1771 1790 expo·

349 1816 428 1892 sitis
447 1815 518 1893 sibi
547 1814 724 1892 omnibus
744 1830 783 1891 et
801 1813 959 1921 singulis
978 1813 1159 1904 articulis,
1177 1813 1446 1919 protestatione
1465 1813 1646 1917 premissa
1665 1816 1770 1920 quod

348 1973 425 2020 non
441 1945 604 2022 intendit
622 1943 836 2022 recederes
863 1943 1102 2049 deposicione
1121 1971 1191 2049 per
1210 1971 1299 2019 eum
1318 1942 1413 2019 sacta
1430 1970 1556 2020 coram
1577 1943 1679 2020 dicto
1701 1944 1768 2022 do-

348 2074 453 2151 mino
473 2074 767 2180 archiepiscopo,
782 2073 977 2179 respondit
992 2100 1030 2149 se
1045 2073 1205 2164 nescire,
1228 2101 1297 2149 nec
1313 2072 1486 2160 credere,
1504 2100 1575 2149 nec
1584 2073 1769 2152 audivisse

350 2203 423 2280 dici
446 2203 493 2279 de
514 2203 700 2280 contentis
726 2204 765 2279 in
785 2204 839 2280 eis
857 2203 929 2279 nisi
954 2204 1058 2309 quod
1083 2203 1264 2308 sequitur.
1286 2203 1388 2279 Dixit
1411 2229 1547 2307 nempe
1587 2230 1627 2279 se
1656 2201 1770 2280 luisse

348 2350 558 2439 receptum,
587 2349 677 2410 sunt
701 2333 848 2409 circiter
866 2359 936 2410 xxx
958 2333 1064 2421 anni,
1082 2333 1122 2407 in
1142 2330 1281 2438 capella
1302 2333 1440 2409 domus
1454 2331 1603 2436 Templi
1618 2332 1665 2408 de
1685 2332 1770 2410 bel·

347 2461 506 2539 lincuria
534 2463 764 2541 Belvaceusis
790 2463 966 2550 diocesis,
996 2490 1064 2568 per
1090 2461 1244 2538 fratrem
1281 2463 1490 2539 lohannem
1516 2462 1557 2537 lo
1587 2463 1770 2568 Franceys

345 2590 509 2668 militem
523 2591 736 2698 quondam,
757 2608 1016 2698 preceptorem
1035 2610 1127 2669 tunc
1142 2592 1315 2682 Francie,
1338 2591 1574 2696 presentibus
1592 2590 1769 2669 iratribus

347 2722 551 2828 baynaudo
577 2723 624 2798 de
643 2722 773 2812 Codu,
797 2739 835 2799 et
857 2723 1062 2829 Raynaudo
1087 2723 1134 2798 de
1166 2720 1376 2828 Argenvilla
1404 2720 1602 2811 militibus,
1625 2737 1662 2797 et
1680 2723 1769 2798 Bar-

345 2850 542 2928 tbolomeo
562 2852 610 2928 de
630 2851 708 2960 Cay
726 2852 925 2942 serviente,
950 2853 1170 2941 dellunctis3
1191 2879 1302 2958 aquo
1321 2868 1515 2957 receptore
1530 2852 1658 2956 petitis
1671 2879 1768 2957 pane

347 2997 384 3056 et
401 3008 496 3087 aqua
516 2981 661 3058 ordinis
681 2998 719 3058 et
755 2981 827 3059 sibi
848 2983 1052 3069 concessis,
1072 2982 1229 3086 prestito
1252 2976 1451 3087 quod‘uon
1476 2980 1639 3057 habebat
1664 2980 1768 3058 inbr-

345 3111 515 3188 mitatem
535 3111 730 3200 latentem,
747 3139 819 3188 nec
834 3127 912 3187 erat
925 3111 1284 3201 excommunicatus,
1299 3138 1369 3187 uec
1383 3109 1642 3202 matrimonio,
1659 3110 1766 3188 alteri

344 3240 520 3347 religioni
535 3240 594 3316 vel
615 3239 841 3347 debitisque
857 3239 1000 3317 solvere
1025 3267 1102 3317 non
1125 3258 1250 3346 posset
1269 3239 1472 3349 obligatus,
1495 3239 1583 3317 lecit
1602 3267 1692 3317 eum
1706 3268 1770 3318 vo-

343 3396 430 3444 vere
451 3387 488 3445 et
502 3369 631 3474 jurare
652 3369 875 3460 castitatem,
898 3368 1174 3462 obedienciam,
1199 3372 1319 3447 vivere
1340 3370 1421 3446 sine
1440 3369 1612 3476 proprio,
1638 3387 1676 3446 et
1690 3397 1769 3447 ser·

344 3524 428 3574 vare
450 3498 575 3575 bonos
596 3526 687 3576 usus
711 3515 749 3575 et
777 3499 896 3575 bonas
921 3499 1214 3577 consuetudines
1239 3500 1399 3586 ordinis;
1427 3517 1466 3576 et
1488 3499 1667 3604 imposito
1695 3499 1768 3578 sibi

344 3626 543 3715 mantello,
569 3644 740 3733 receptor
763 3645 802 3706 et
825 3644 984 3706 astantes
1003 3627 1158 3705 fuerunt
1182 3629 1338 3707 osculati
1361 3631 1509 3704 eumin
1530 3657 1617 3715 ore;
1651 3645 1689 3704 et
1711 3628 1769 3706 in-

344 3757 477 3835 struxit
492 3785 582 3834 eum
592 3775 687 3864 quot
700 3759 814 3836 Pater
824 3774 940 3836 noster
957 3759 1101 3835 diceret
1118 3787 1187 3865 pro
1198 3760 1302 3837 boris
1315 3761 1409 3852 suis,
1432 3777 1470 3836 et
1485 3759 1647 3865 qualiter
1661 3787 1768 3868 rege·

342 3903 402 3963 ret
419 3913 459 3962 se
476 3887 517 3964 in
536 3887 683 3965 ordine.
704 3889 866 3996 Sumpto
881 3917 969 3966 vero
988 3890 1168 3994 prandio,
1187 3891 1330 3967 vocavit
1342 3891 1467 3994 ipsum
1485 3906 1621 3966 testem
1642 3887 1766 3966 solnm

342 4016 391 4092 ad
414 4018 618 4123 quamdam
642 4047 843 4107 cameram,
871 4037 909 4096 et
935 4019 1061 4097 clauso
1087 4021 1203 4110 ostio,
1232 4020 1402 4126 precepit
1419 4020 1454 4096 ei
1482 4019 1586 4125 quod
1615 4036 1768 4125 negaret

225 4211 228 4215 .
342 4149 546 4252 quamdam
573 4176 723 4228 crucem
751 4150 931 4258 ligneam,
958 4151 1077 4231 nescit
1102 4178 1172 4255 per
1198 4178 1313 4256 quem
1333 4149 1498 4240 allatam,
1521 4150 1561 4224 iu
1583 4178 1659 4256 qua
1687 4176 1766 4226 non

343 4295 422 4354 erat
434 4306 570 4388 ymago
586 4278 783 4367 Crucifixi‚
801 4280 932 4386 etipse
950 4281 1073 4371 testis,
1095 4279 1260 4357 multum
1284 4280 1434 4367 dolens,
1456 4278 1605 4385 negavit
1625 4278 1766 4356 dictam

341 4433 491 4483 crucem
507 4435 572 4484 ore
592 4433 670 4485 non
687 4408 819 4496 corde,
841 4409 929 4514 quia
950 4408 1043 4485 dixit
1066 4410 1099 4485 ei
1120 4409 1226 4517 quod
1241 4411 1314 4487 hoc
1332 4426 1412 4486 erat
1430 4409 1477 4485 de
1499 4410 1647 4513 punctis
1661 4409 1767 4486 ordi-

341 4536 417 4626 nis,
435 4537 646 4617 secundum
662 4565 780 4645 quem
805 4540 921 4615 eciam
941 4556 1088 4646 poterat
1108 4540 1303 4617 carnaliter
1326 4540 1560 4617 commisceri
1586 4538 1764 4617 fratribus

342 4665 485 4742 ordinis
506 4684 543 4743 et
562 4667 633 4773 ipsi
654 4697 742 4746 cum
761 4696 824 4762 eo;
847 4670 920 4747 boc
940 4687 1068 4748 tamen
1084 4697 1163 4746 non
1183 4668 1272 4746 lecit
1289 4696 1360 4746 nec
1379 4670 1498 4746 credit
1513 4668 1620 4775 qnod
1638 4668 1678 4745 in
1703 4694 1766 4746 or·

341 4794 430 4870 diuo
445 4791 564 4876 beret.
586 4797 717 4875 Credit
733 4814 862 4875 tamen
880 4800 987 4905 quod
1000 4800 1040 4877 iu
1055 4797 1334 4906 receptionibus
1353 4799 1515 4887 aliomm
1527 4797 1588 4877 vel
1607 4813 1692 4914 post
1705 4797 1766 4874 in·
