4236 5948
618 524 814 616 rnocns
843 544 936 616 oss
963 545 1265 623 introimus.
1604 553 1650 624 57

229 702 355 761 mente
383 685 430 760 de
456 681 691 759 Hodenvilha
715 686 978 775 servientibus,
1002 688 1218 778 deiiunctis3
1244 718 1361 798 aquo
1381 708 1573 797 receptore
1598 695 1654 768 in-

231 832 370 893 stanter
387 831 424 891 et
439 814 656 918 frequenter
668 816 794 920 petitis
806 844 903 923 pane
918 832 958 895 et
971 846 1083 925 aqua,
1100 821 1277 899 societate
1294 840 1331 899 et
1346 851 1509 928 paupere
1521 823 1654 899 habitu

231 948 389 1034 ordinis,
413 946 524 1052 eique
545 972 724 1051 responso
741 948 847 1053 quod
868 949 966 1025 bene
986 949 1230 1043 deliberaret,
1253 954 1341 1059 quia
1358 970 1548 1058 oporteret
1566 982 1652 1029 eum

231 1107 250 1153 a
265 1106 303 1153 se
320 1077 493 1155 abdicare
506 1076 696 1183 propriam
713 1078 963 1167 voluntatem,
985 1097 1024 1156 et
1036 1080 1169 1188 subjici
1188 1083 1325 1174 aliene,
1345 1083 1487 1159 esurire
1501 1082 1654 1189 quando

230 1207 341 1284 vellet
366 1207 584 1296 comedere,
612 1223 649 1281 et
675 1206 841 1315 vigillare
863 1210 1016 1314 quando
1037 1211 1149 1287 vellet
1170 1213 1353 1302 dormire,
1382 1229 1419 1289 et
1443 1215 1563 1288 multa
1584 1213 1654 1289 alia

232 1341 323 1416 dura
343 1357 381 1416 et
400 1366 528 1444 aspera
548 1339 751 1426 sustinere,
780 1339 942 1416 finaliter
967 1341 1052 1417 iecit
1076 1371 1163 1418 eum
1187 1373 1318 1421 vovere
1340 1361 1377 1420 et
1396 1344 1523 1451 jurare
1547 1346 1655 1420 casti·

231 1487 360 1563 tatem,
385 1470 507 1545 vivere
533 1469 613 1546 sine
637 1471 809 1575 proprio,
834 1487 871 1546 et
897 1471 1053 1549 obedire
1080 1474 1257 1550 omnibus
1278 1474 1562 1580 preceptoribus
1588 1476 1652 1581 qui

232 1617 529 1706 proponerentur
553 1599 697 1688 eidem,
725 1629 868 1677 servare
894 1602 1016 1679 bonos
1041 1631 1131 1679 usus
1154 1622 1189 1679 et
1216 1605 1334 1681 bonas
1359 1605 1653 1681 consuetudines

231 1730 384 1807 ordinis.
403 1731 491 1822 Quo
506 1728 619 1816 sacto,
635 1730 815 1834 imposuit
829 1731 861 1806 ei
878 1732 1119 1823 mantellum,
1135 1750 1172 1808 et
1185 1735 1264 1839 ipse
1279 1751 1315 1809 et
1326 1751 1486 1810 astantes
1501 1732 1655 1810 suerunt

230 1889 314 1937 eum
339 1860 496 1938 osculati
522 1860 562 1935 in
592 1889 668 1936 ore.
699 1861 846 1936 Deinde
871 1862 1040 1968 precepit
1064 1864 1186 1940 dictu‘s
1213 1882 1385 1969 receptor
1411 1863 1586 1968 Philippo
1617 1883 1655 1939 et

229 1990 335 2068 Petro
351 1990 530 2097 predictis
542 1991 646 2097 quod
664 1991 805 2066 exirent
821 2009 858 2067 et
872 1993 971 2068 irent
983 1994 1030 2068 ad
1046 1993 1166 2070 officia
1182 2023 1247 2071 sua
1264 1994 1496 2100 exequendas
1515 2009 1652 2068 etcum

178 2213 190 2225 ·
229 2121 281 2197 illi
302 2121 559 2210 recessissent,
581 2121 746 2226 precepit
771 2122 848 2227 ipse
874 2140 1043 2229 receptor
1070 2126 1195 2201 eidem
1219 2125 1304 2200 testi
1327 2125 1431 2230 quod
1451 2122 1654 2229 abnegaret

228 2253 366 2344 Deum,
391 2254 431 2329 in
451 2251 642 2359 presencia
665 2253 754 2328 dicti
773 2251 996 2344 Clementis;
1018 2273 1056 2332 ct
1076 2285 1163 2331 cum
1187 2256 1269 2361 ipse
1295 2255 1500 2340 resisteret,
1524 2253 1653 2329 dicens

229 2384 331 2489 quod
339 2384 413 2461 hoc
427 2383 535 2459 nullo
549 2381 666 2459 modo
679 2382 831 2471 iaceret,
853 2384 976 2461 dictus
991 2403 1164 2491 receptor
1179 2385 1271 2462 dixit
1289 2384 1323 2461 ei
1335 2385 1439 2490 quod
1455 2384 1653 2488 oportebat

229 2541 314 2590 eum
332 2514 534 2620 abnegare,
557 2515 643 2619 quia
666 2513 737 2589 nisi
760 2514 830 2590 hoc
850 2512 988 2591 laceret
1007 2516 1154 2605 volens,
1177 2516 1268 2594 alias
1283 2517 1421 2594 faceret
1441 2515 1594 2606 invitus,
1616 2534 1654 2592 et

229 2645 331 2749 quod
342 2645 544 2752 abnegaret
558 2643 690 2722 saltem
705 2672 769 2721 ore
779 2671 856 2721 non
869 2648 998 2737 corde;
1015 2664 1053 2724 et
1067 2665 1156 2723 tunc
1172 2650 1250 2753 ipse
1263 2647 1369 2723 testis
1379 2645 1574 2752 abnegavit
1587 2673 1652 2721 ore

229 2802 302 2850 non
314 2776 439 2853 corde.
457 2776 704 2853 Postmodum
719 2777 887 2881 precepit
903 2777 937 2852 ei
955 2777 1060 2883 quod
1071 2796 1222 2883 spueret
1237 2805 1349 2882 super
1358 2777 1559 2883 quamdam
1574 2804 1653 2851 cru-

229 2935 306 2984 cem
319 2907 494 3015 ligneam,
511 2924 554 2983 ut
571 2905 642 2982 sibi
661 2906 820 2996 videtur,
838 2935 907 2982 nec
917 2908 1137 2984 recordatur
1152 2909 1181 2984 si
1201 2924 1280 2983 erat
1294 2908 1347 2982 ibi
1363 2907 1489 3011 aliqua
1503 2933 1648 3011 ymago,

228 3037 376 3114 allatam
387 3067 455 3145 per
470 3038 615 3114 dictum
626 3036 864 3116 Clementem
878 3038 925 3113 de
936 3037 1041 3145 juxta
1062 3038 1194 3127 altare,
1216 3056 1253 3114 et
1273 3066 1360 3113 cum
1382 3037 1461 3142 ipse
1472 3035 1578 3111 testis
1593 3063 1652 3110 re—

229 3171 389 3259 sisteret,
413 3169 536 3247 dictus
555 3186 728 3274 receptor
749 3169 840 3245 dixit
858 3169 892 3245 ei
913 3170 1017 3273 quod
1037 3169 1111 3246 hoc
1127 3169 1326 3276 oportebat
1346 3195 1433 3243 eum
1455 3164 1593 3255 lacere,
1614 3180 1653 3240 et

228 3319 316 3378 tunc
337 3302 415 3407 ipse
435 3301 541 3377 testis
556 3300 658 3405 spuit
671 3301 777 3406 juxta
793 3328 869 3375 non
880 3328 992 3405 supra
1008 3299 1146 3377 dictam
1163 3328 1325 3376 crucem.
1346 3299 1454 3384 Item,
1474 3295 1567 3371 dixit
1581 3292 1651 3370 sibi

229 3432 349 3510 dictus
364 3450 535 3539 receptor
548 3432 670 3539 quod,
688 3432 717 3506 si
734 3449 949 3509 moveretur
962 3430 1084 3508 calore
1101 3430 1278 3517 naturali,
1296 3445 1442 3535 poterat
1456 3424 1653 3504 carnaliter

229 3563 460 3639 commisceri
482 3559 764 3638 cumfratribus
785 3560 928 3638 ordinis
957 3579 994 3637 et
1018 3562 1088 3668 ipsi
1113 3578 1287 3667 poterant
1307 3588 1394 3635 cum
1419 3586 1480 3648 eo,
1508 3573 1546 3634 et
1573 3557 1651 3662 ipse

230 3692 390 3771 debebat
416 3695 490 3771 hoc
512 3694 588 3799 pati
614 3691 823 3768 secundum
848 3708 985 3798 puncta
1011 3691 1171 3779 ordinis,
1201 3691 1279 3798 ipse
1305 3705 1431 3764 tamen
1455 3714 1650 3792 nunquam

229 3822 300 3900 boc
322 3822 412 3900 fecit
435 3850 505 3899 nec
525 3820 598 3899 fuit
616 3821 835 3927 requisitus,
860 3849 928 3897 nec
950 3821 1071 3899 credit
1094 3822 1199 3928 quod
1218 3818 1349 3896 fratres
1370 3817 1487 3924 ipsius
1508 3816 1651 3893 ordinis

229 3952 326 4031 illud
334 3971 529 4060 peccatum
544 3952 836 4030 committerent.
852 3952 959 4038 Item,
974 3950 1143 4057 precepit
1159 3951 1192 4026 ei
1206 3945 1550 4057 quodoscularetur
1563 3973 1650 4021 eum

228 4084 265 4158 iu
289 4082 487 4175 umbilico,
510 4100 548 4161 et
570 4082 692 4159 dictus
708 4081 831 4170 testis,
855 4079 998 4158 elevato
1019 4079 1287 4187 supertunicali
1307 4078 1425 4183 ipsius
1450 4076 1652 4179 receptoris

226 4214 435 4321 peripsum
458 4231 708 4321 receptorem,
733 4210 805 4288 suit
828 4240 916 4287 eum
939 4211 1128 4288 osculatus
1151 4237 1269 4317 prope
1289 4207 1513 4285 umbilicum
1541 4233 1652 4309 supra

226 4345 403 4422 tunicam.
425 4345 506 4423 Alia
527 4343 657 4422 illicita
677 4372 754 4419 non
776 4343 1057 4419 intervenerunt
1078 4344 1115 4417 in
1138 4342 1236 4419 dicta
1257 4338 1477 4444 recepcione
1498 4364 1563 4411 sua
1583 4362 1653 4412 nec

225 4493 324 4581 post,
354 4475 514 4562 credens
538 4475 642 4581 quod
667 4474 798 4551 eadem
827 4472 1098 4550 intervenirent
1123 4473 1160 4547 in
1186 4466 1473 4577 recepcionibus
1492 4464 1653 4542 aliorum

225 4606 281 4684 vel
301 4624 387 4714 post
406 4624 444 4684 et
463 4604 702 4684 uniformiter
721 4605 863 4710 ubique
882 4605 1151 4709 reciperentur.
1174 4604 1285 4689 ltem,
1307 4598 1427 4676 credit
1442 4624 1482 4673 se
1499 4596 1653 4674 credere

225 4739 328 4845 quod
353 4737 485 4815 fratres
509 4736 653 4815 ordinis
678 4737 739 4812 alii
765 4736 863 4812 bene
889 4735 1088 4812 crederent
1111 4731 1367 4812 ecclesiasticis
1391 4729 1650 4817 sacramentis,

225 4864 388 4978 et'quod
406 4871 485 4976 ipse
505 4867 719 4949 celebrabat
737 4868 776 4943 in
798 4866 931 4948 ordine
952 4864 1162 4943 secundum
1183 4862 1343 4941 formam
1359 4860 1542 4946 Ecclesie,
1574 4885 1654 4934 cre-

310 5006 422 5069 rnocits
437 5026 492 5068 ons
506 5025 682 5067 reuertens.
695 5039 737 5052 -
750 5025 782 5064 u.
1502 4997 1523 5058 8
