4236 5948
600 516 797 618 rsocts'
829 544 925 617 nus
956 543 1260 618 Tauriscus.
1566 548 1639 619 217

220 715 294 765 non
310 685 536 765 declarando
556 686 663 793 quod
688 687 762 765 hoc
786 702 885 766 esset
903 685 950 762 de
976 686 1124 791 punctis
1152 685 1294 764 ordinis
1321 711 1392 761 nec
1420 703 1642 762 consuetum

219 819 257 895 iu
273 816 408 896 ordine
428 815 528 907 fieri,
544 818 671 924 etipse
682 819 788 897 testis
801 816 995 924 abnegavit
1006 816 1132 894 Deum
1145 844 1226 906 ore,
1243 845 1320 894 non
1334 814 1463 903 corde,
1483 831 1524 892 ut
1539 815 1642 895 dixit.

219 947 372 1055 Aliquid
388 946 490 1024 aliud
506 946 681 1027 illicitum
699 977 777 1027 non
789 946 989 1025 intervenit
998 945 1036 1023 in
1049 947 1147 1024 dicta
1161 974 1227 1025 sua
1239 947 1459 1053 recepcione
1470 942 1527 1021 vel
1539 963 1641 1052 post,

219 1107 287 1157 nec
301 1077 397 1185 quid
407 1077 586 1186 agebatur
596 1079 635 1155 in
645 1079 932 1186 recepcionibus
944 1077 1104 1157 aliorum
1120 1077 1288 1185 velpost,
1302 1077 1422 1154 credit
1436 1093 1562 1153 tamen
1582 1105 1645 1183 po·

220 1209 299 1286 cius
312 1207 418 1314 quod
439 1206 667 1315 abnegarent
690 1207 944 1286 communiter
961 1207 1110 1300 Deum,
1131 1207 1228 1285 sicut
1245 1207 1422 1315 deposuit
1441 1234 1480 1284 se
1496 1205 1641 1298 fecisse,

220 1365 333 1444 quam
358 1337 600 1415 contrarium.
621 1339 735 1431 ltem,
766 1336 860 1414 dixit
877 1334 981 1443 quod
1003 1337 1083 1443 ipse
1101 1335 1199 1414 bene
1227 1335 1404 1414 credebat
1422 1330 1644 1414 ecclesiasti-

222 1469 272 1546 cis
291 1469 548 1555 sacramentis,
570 1468 727 1546 credens
746 1467 851 1575 quod
873 1465 936 1544 alii
962 1465 1094 1545 fratres
1111 1466 1257 1545 ordinis
1275 1468 1411 1545 eodem
1431 1466 1548 1544 modo
1564 1496 1644 1544 cre-

223 1597 370 1686 derent,
395 1615 434 1675 et
457 1599 559 1704 quod
587 1626 721 1677 eorum
748 1596 958 1675 sacerdotes
982 1596 1109 1676 debite
1128 1596 1372 1675 celebrarent.
1391 1595 1545 1675 Audivit
1569 1596 1643 1674 dici

222 1726 324 1834 quod
338 1727 421 1804 laici
436 1755 567 1805 eorum
581 1727 755 1835 capitulis
765 1743 938 1805 tenentes
952 1727 1171 1805 auctoritate
1185 1726 1386 1834 apostolica
1403 1725 1646 1804 absolvebant

220 1858 351 1937 fratres
361 1858 600 1967 generaliter,
613 1875 651 1936 et
660 1888 730 1966 pro
747 1858 906 1965 peccatis
920 1858 1166 1937 remittebant
1182 1886 1247 1936 sos
1262 1857 1510 1936 absolvendos
1524 1858 1572 1935 ad
1588 1887 1645 1936 sa-

222 1987 392 2069 cerdotes
411 1988 555 2066 ordinis
575 2016 719 2067 eorum.
741 1987 984 2066 Clandestine
1008 1989 1297 2095 recipiebantur,
1323 1987 1439 2065 nullis
1462 1988 1645 2094 presenti·

221 2116 292 2197 bus
312 2118 385 2195 nisi
403 2116 581 2197 fratribus
605 2116 761 2196 ordinis.
782 2116 959 2197 Cordulis
980 2119 1084 2196 unde
1102 2118 1280 2197 volebant
1297 2118 1496 2224 assumptis
1522 2117 1646 2224 cinge-

222 2248 360 2327 bantur
373 2276 487 2355 super
505 2249 673 2327 camisias
689 2277 775 2328 cum
792 2247 932 2357 quibus
946 2248 1133 2358 jacebant.
1154 2251 1302 2328 Fratres
1322 2249 1481 2328 scientes
1501 2274 1646 2327 errores

223 2377 376 2457 fuerumt
390 2379 637 2489 negligentes,
652 2380 740 2488 quia
754 2407 832 2458 non
845 2397 1089 2458 correxerunt
1102 2407 1177 2459 eos.
1196 2379 1450 2458 Elemosinam
1466 2396 1504 2455 et
1516 2379 1646 2486 hospi-

223 2508 403 2588 talitatem
430 2509 524 2587 vidit
545 2510 812 2588 convenienter
834 2507 918 2586 fieri
943 2526 982 2588 et
1005 2509 1139 2588 servari
1163 2511 1204 2586 in
1230 2507 1408 2587 domibus
1435 2509 1645 2585 ordinis'in

224 2639 361 2746 quibus
377 2639 497 2717 extitit
511 2657 779 2731 commoratus,
796 2657 835 2716 et
853 2638 1130 2746 precipiebatur
1148 2638 1203 2716 eis
1220 2639 1325 2746 quod
1339 2637 1438 2715 bene
1459 2654 1647 2716 servarent

225 2768 447 2847 elemosinas
461 2769 621 2857 ordinis,
643 2787 681 2847 et
699 2768 944 2847 inhibebatur
963 2798 1010 2847 ne
1031 2769 1254 2879 degenerent
1281 2785 1435 2876 propter
1459 2768 1558 2845 bona
1586 2796 1647 2845 or-

225 2898 303 2975 dini
327 2898 566 3005 acquirenda.
594 2899 776 2977 Ordinato
797 2928 865 3005 per
896 2897 1116 3007 Magistrum
1140 2927 1226 2975 cum
1257 2915 1444 2975 conventu
1469 2915 1648 2974 servasset

224 3045 322 3106 totus
340 3028 454 3120 ordo,
481 3046 611 3106 contra
633 3057 750 3136 quem
773 3057 875 3106 nunc
901 3045 1057 3135 propter
1080 3028 1246 3133 predicta
1272 3027 1426 3136 grandia
1457 3027 1645 3117 scandala,

225 3158 384 3265 suspicio
406 3175 444 3235 et
462 3157 615 3236 infamia
630 3175 719 3237 sunt
733 3175 874 3249 exona,
897 3177 935 3237 et
950 3158 1070 3236 credit
1083 3159 1188 3266 quod
1202 3159 1334 3236 fratres
1353 3158 1497 3236 ordinis
1511 3158 1650 3235 scirent

225 3286 329 3394 quod
350 3287 552 3395 abnegacio
574 3289 685 3368 lieret
709 3289 750 3366 in
775 3288 909 3367 ordine
925 3288 1130 3367 confessata
1148 3317 1217 3395 per
1232 3317 1340 3381 eum,
1363 3305 1400 3366 et
1414 3287 1557 3364 audivit
1573 3287 1647 3364 dici

225 3416 443 3524 Magistrum
463 3435 502 3495 et
520 3416 614 3495 alios
634 3418 760 3527 aliqua
784 3436 912 3497 contra
937 3418 1081 3497 dictum
1102 3418 1278 3496 ordinem
1296 3417 1410 3495 luisse
1438 3415 1648 3507 confessos3

226 3547 273 3624 ad
296 3547 405 3655 cujus
425 3547 698 3626 deffensionem
714 3578 753 3628 se
769 3578 847 3627 non
867 3548 1077 3637 obtulerat,
1104 3576 1174 3627 nec
1192 3548 1315 3627 luerat
1329 3548 1428 3627 ultra
1447 3576 1564 3626 mare.

281 3677 497 3786 Requisitus
511 3680 542 3757 si
557 3680 610 3756 sic
620 3679 845 3786 deposuerat
858 3706 986 3788 prece,
1002 3695 1195 3786 precepto,
1213 3679 1364 3767 timore,
1380 3706 1524 3766 amore,
1542 3678 1648 3767 odio,

227 3807 283 3884 vel
298 3807 498 3916 temporali
513 3809 677 3887 eomodo
694 3809 825 3887 habito
842 3808 901 3887 vel
920 3808 1114 3898 habendo,
1132 3809 1328 3914 respondit
1343 3808 1447 3917 quod
1464 3836 1561 3899 non,
1583 3807 1651 3886 sed

227 3966 296 4044 pro
315 3938 469 4017 veritate
495 3938 676 4028 dicenda;
698 3939 760 4016 cui
784 3938 857 4016 fuit
879 3938 1092 4045 injunctum
1117 3938 1224 4046 quod
1248 3967 1326 4016 non
1351 3936 1531 4039 revelaret
1555 3937 1652 4014 hanc

229 4096 333 4147 suam
352 4067 650 4176 depositionem,
673 4097 873 4178 quousque
893 4069 1154 4147 attestaciones
1172 4066 1315 4147 fuerint
1335 4064 1534 4172 publicato.

283 4330 371 4408 Post
392 4330 464 4408 hec
482 4329 637 4408 bierunt
658 4330 811 4409 adducti
830 4358 900 4438 pro
920 4330 1080 4408 testibus
1104 4330 1152 4407 ad
1171 4328 1402 4437 presenciam
1428 4325 1652 4403 eorumdem

230 4457 474 4538 dominorum
487 4460 829 4539 commissariorum
844 4459 974 4539 fratres
989 4458 1116 4539 Guido
1132 4460 1180 4538 de
1194 4463 1301 4565 Rupe
1314 4458 1519 4566 presbiter,
1542 4459 1652 4566 Hugo

184 4640 187 4645 >
230 4587 276 4668 de
304 4591 425 4669 Fauro
451 4590 577 4679 miles,
609 4591 734 4670 Guido
759 4590 813 4669 las
838 4591 1087 4680 Chassandas,
1114 4591 1299 4669 Jordanus
1325 4592 1456 4682 Pauta,
1483 4591 1578 4665 Boso
1606 4588 1653 4665 de
1706 4684 1708 4689 Ι

230 4718 428 4798 Masualier
443 4738 481 4798 et
501 4722 632 4799 Petrus
655 4721 814 4799 Piffandi
837 4721 1055 4815 servientes,
1081 4720 1357 4798 Lemovicensis
1383 4719 1553 4797 diocesis.
1576 4719 1653 4812 Qui

229 4850 333 4929 tactis
355 4852 597 4931 sacrosanctis
619 4850 819 4961 evangeliis
838 4853 1059 4961 juraverunt
1088 4852 1213 4931 dicere
1238 4851 1277 4928 in
1301 4851 1373 4929 isto
1393 4850 1550 4959 negocio
1574 4847 1654 4956 ple-

336 5005 445 5069 rsociss
468 5028 522 5071 aas
543 5028 816 5072 reustum-u.
1466 5007 1506 5067 28
