4236 5948
264 1840 326 1887 ⁶·

702 603 706 612 -
771 553 967 647 raucis
994 574 1090 647 oss
1115 575 1420 649 esurimus.
1762 572 1810 652 tr

434 718 572 793 Frater
590 716 735 823 Symon
755 713 795 793 lo
815 716 1279 825 Beguedltisiodorenais‚
1296 717 1473 797 Garimus
1489 717 1537 794 de
1557 715 1710 797 Corbon
1726 720 1814 798 Lin-

357 847 574 959 gonensis,
606 846 824 954 Stephanus
841 847 891 926 de
915 849 1044 927 Brulio
1070 849 1369 943 Catbalanensis,
1400 868 1439 926 et
1454 846 1575 927 Adam
1602 846 1650 927 de
1685 869 1813 931 sancto

357 982 551 1060 Johanne
567 979 606 1054 in
624 978 803 1059 Brocuria
817 979 1083 1061 Ambiaueusis
1099 982 1312 1074 diocesum,
1329 981 1485 1058 adducti
1500 1010 1570 1090 pro
1587 982 1754 1061 testibus
1761 985 1813 1063 n'd

358 1113 612 1222 presenciam
644 1112 870 1190 eorumdem
905 1114 1150 1193 dominorum
1181 1115 1549 1205 commissariorum,
1577 1116 1810 1223 juraverunt,

357 1247 484 1324 tactis
499 1245 742 1323 sacrosanctis
754 1245 976 1354 Evangeliis,
994 1246 1121 1325 dicere
1134 1247 1174 1324 iu
1189 1248 1263 1325 isto
1277 1247 1441 1354 negocio
1448 1244 1655 1354 plenamet
1669 1276 1813 1326 meram

360 1378 589 1465 veritatem,
614 1377 826 1455 secundum
849 1376 1010 1455 soranam
1035 1378 1243 1487 juramenti
1268 1378 1429 1456 alioruin
1454 1379 1610 1456 testium
1640 1380 1815 1487 superius

364 1512 625 1619 registratam,
644 1507 852 1617 expositum
868 1526 907 1589 et
926 1510 1188 1618 vulgaritatem
1208 1510 1365 1588 eisdem.

435 1774 524 1868 Quo
543 1771 653 1865 laeto,
670 1771 786 1851 frater
803 1771 926 1849 Adam
944 1772 994 1851 de
1017 1790 1147 1851 sancto
1165 1773 1337 1850 lobanne
1360 1772 1399 1848 in
1418 1775 1597 1851 Brocuria
1616 1794 1816 1882 preceptor

372 1905 520 1981 domus
536 1902 688 2011 Templi
715 1902 765 1981 de
783 1905 955 1982 lloeseria
975 1903 1247 1983 Ambianensis
1264 1905 1440 1997 diocesis,
1468 1905 1815 2014 quinquagenarius

370 2036 437 2113 vel
456 2037 570 2127 circa,
594 2036 661 2143 qui
680 2064 751 2144 pro
773 2037 949 2118 suasione
973 2037 1192 2145 aliquorum
1214 2036 1440 2130 mantellum
1461 2036 1655 2114 dimiserant
1673 2055 1711 2116 et
1730 2038 1815 2115 radi

373 2168 520 2246 fecerat
538 2167 611 2248 sibi
623 2167 791 2258 barbam,
815 2196 999 2276 cum‘quo
1017 2169 1253 2276 inquisitum,
1277 2169 1472 2248 absolutus
1493 2185 1531 2246 et
1549 2168 1817 2257 reconciliatus

374 2299 504 2377 fuerat
516 2326 585 2408 per
603 2300 803 2379 dominum
820 2302 1042 2408 episcopum
1058 2300 1352 2382 dmbianensem
1369 2300 1435 2408 qui
1453 2330 1557 2378 nunc
1572 2319 1640 2390 est,
1656 2299 1763 2381 lectis
1777 2317 1816 2380 et

375 2431 584 2540 diiigenter
609 2433 787 2539 expostus
803 2432 876 2510 aar
902 2433 1082 2512 omnum
1106 2451 1144 2511 e
1169 2433 1328 2543 sagon
1347 2432 1529 2525 annuns,
1554 2433 1751 2541 responait
1775 2411 1816 2515 ‘se

377 2564 525 2659 nescire
544 2592 616 2641 nee
630 2564 816 2642 audivisse
833 2565 919 2654 diei,
942 2593 1013 2642 nec
1033 2565 1188 2645 credere
1209 2557 1258 2642 de
1279 2560 1467 2642 conteritis
1486 2566 1526 2640 in
1548 2564 1603 2664 eis
1622 2565 1694 2642 r'risi
1710 2563 1817 2673 quod

376 2697 561 2802 sequitur.
585 2695 688 2776 Dixit
707 2697 810 2773 enim
832 2725 871 2774 se
892 2697 1007 2773 fuisse
1029 2715 1225 2803 receptum
1245 2696 1285 2774 in
1311 2691 1455 2803 capella
1478 2697 1578 2774 dicte
1602 2696 1743 2775 domus
1767 2694 1817 2774 de

377 2828 545 2920 Roseria,
559 2855 628 2935 per
639 2827 1020 2915 fratrem‘llobertum
1037 2827 1085 2904 de
1100 2808 1257 2904 Belvaco
1271 2824 1475 2933 quondam,
1493 2829 1533 2902 in
1548 2827 1701 2905 instanti
1719 2828 1815 2932 festo

373 2956 487 3038 beate
501 2959 680 3039 Katerine
697 2959 854 3038 fuerunt
868 2987 1004 3036 novem
1020 2959 1107 3035 anni
1124 2956 1183 3034 vel
1199 2958 1306 3048 circa,
1326 2955 1570 3062 presentibus
1582 2956 1755 3034 iohanne
1775 2957 1816 3036 lo

379 3089 521 3170 Carnus
543 3094 758 3201 quondam,
788 3110 883 3170 tnnc
897 3107 1160 3198 preceptorem
1186 3090 1284 3167 dicte
1313 3088 1469 3180 domus,
1502 3105 1540 3164 et
1563 3089 1735 3166 lobanne
1766 3089 1817 3166 de

376 3224 578 3331 Foqueriis
587 3221 826 3303 Dolucensis
839 3220 1012 3311 diocesis,
1029 3221 1076 3299 de
1093 3221 1199 3330 cnjus
1214 3221 1288 3298 vita
1297 3218 1356 3298 vel
1373 3236 1496 3297 morte
1512 3246 1591 3297 non
1606 3217 1815 3298 habetem*

380 3355 599 3449 titudinem,
620 3355 883 3446 servientibus,
899 3355 939 3430 in
958 3355 1062 3430 hune
1075 3354 1234 3430 modum
1250 3387 1258 3428 ι
1278 3380 1366 3429 nam
1381 3378 1472 3429 cum·
1486 3351 1670 3454 instanter
1688 3368 1727 3429 et
1741 3350 1815 3430 fre·

379 3505 544 3593 quenter
556 3487 733 3596 peciisset
750 3486 970 3601 amore'Dei
991 3485 1167 3562 etlhesu
1187 3484 1325 3565 Christi
1347 3482 1420 3560 sibi
1440 3482 1598 3562 concedi
1616 3512 1755 3589 panem
1779 3502 1817 3562 et

381 3639 529 3724 equam,
547 3635 586 3696 et
604 3619 824 3697 societatem
838 3636 1097 3727 etpauperem
1118 3614 1295 3692 vestitum
1313 3613 1478 3702 ordinis,
1495 3629 1532 3692 'et
1552 3604 1754 3694 obtulisset
1773 3645 1816 3694 se

379 3747 571 3827 relleberi
583 3776 733 3828 sertum
746 3748 934 3828 esclavum
949 3748 1021 3826 Dei
1035 3765 1074 3825 et
1088 3746 1233 3824 ordinis
1249 3763 1286 3823 et
1296 3746 1414 3823 Terre
1425 3763 1686 3838 sancte„et·ter
1696 3747 1731 3824 ei
1744 3773 1816 3826 res

384 3908 544 3984 pomum
560 3880 696 3961 brissei
710 3882 818 3990 quod
836 3880 935 3958 bene
955 3878 1198 3983 deliberaret,
1216 3879 1516 3985 qauaoporteret
1531 3906 1622 3955 eum
1640 3856 1816 3990 abdicare

384 4041 460 4091 ase
479 4013 674 4130 propriam
693 4015 929 4092 voluntatem
947 4007 986 4090 et
1005 4011 1127 4090 subici
1148 4011 1289 4102 aliene,
1315 4011 1462 4088 esurire·
1480 4011 1640 4111 etsitire
1662 4012 1817 4118 quando

384 4143 492 4223 vellet
509 4146 711 4226 comedere
729 4165 767 4225 et
782 4137 933 4234 bibere,
950 4144 1119 4255 sigillare
1134 4144 1288 4254 quando
1304 4142 1419 4220 vellet
1435 4142 1617 4234 dormire,
1638 4160 1676 4219 et
1695 4142 1814 4219 multa

386 4273 453 4355 alia
478 4277 575 4356 dura
593 4296 631 4356 et
651 4308 782 4386 aspera
807 4279 1016 4370 sustinere;
1037 4274 1205 4354 finaliter
1223 4273 1477 4383 respondente
1497 4275 1580 4383 ipso
1594 4291 1692 4352 teste
1712 4272 1817 4381 quod

386 4409 509 4487 omnia
528 4405 743 4506 sustineret,
759 4428 796 4489 et
813 4428 900 4521 post
920 4410 1003 4519 ejus
1018 4408 1282 4516 recepcionem
1301 4408 1476 4499 instante,
1498 4405 1656 4512 prestito
1669 4432 1739 4511 per
1753 4405 1817 4514 ju-

384 4559 597 4619 ramentum
613 4543 720 4650 quod
741 4573 785 4620 ex
803 4543 906 4621 malo
926 4541 1083 4652 ingenio
1102 4557 1142 4617 et
1160 4569 1228 4646 per
1251 4540 1466 4648 symoniam»
1483 4566 1562 4615 non
1575 4535 1750 4623 ueniebat
1769 4534 1817 4615 ad

385 4670 526 4750 dietum
547 4674 737 4768 ordinem,
760 4692 799 4753 et
822 4665 926 4783 quod
942 4702 1020 4753 non
1038 4689 1118 4751 erat
1135 4672 1278 4750 servilis
1303 4670 1552 4763 condicionis,
1570 4697 1641 4748 nec
1670 4697 1817 4746 excom·

385 4805 608 4897 municatus,
628 4835 701 4884 nec
720 4800 977 4897 matrimonio,
992 4834 1063 4884 nee
1082 4804 1190 4882 alteri
1203 4801 1377 4910 religioni
1398 4827 1469 4880 nec
1487 4801 1627 4879 debitis
1648 4828 1724 4908 que
1742 4800 1817 4878 sol-

333 4985 340 5000 ·
384 4964 468 5014 vere
487 4965 567 5016 non
583 4958 713 5046 posset
730 4936 937 5050 obligatus,
954 4956 993 5018 et
1011 4938 1120 5046 quod
1136 4964 1215 5017 non
1235 4934 1400 5014 habebat
1416 4934 1675 5014 infirmitatem
1695 4932 1816 5010 laten·
