4236 5948
358 549 380 617 s
760 523 950 616 raocns
976 541 1070 613 nns
1097 538 1395 613 stupemus.

358 685 512 765 Audivit
526 703 654 763 tamen
672 685 745 762 dici
766 687 813 764 ab
832 683 1022 793 aliquibus
1038 712 1082 761 ex
1101 680 1279 760 fratribus
1296 682 1457 774 ordinis,
1473 683 1520 758 de
1540 710 1707 789 quorum
1723 708 1791 758 no·

358 817 528 896 minibus
556 846 635 895 non
664 816 894 906 recordatur,
923 816 1028 925 quod
1062 831 1283 921 preceptum
1309 813 1431 892 suerat
1456 814 1509 891 eis
1537 813 1576 889 in
1602 813 1791 922 recepcio-

359 951 472 1028 nibus
491 978 625 1027 eorum
641 949 746 1056 quod
765 964 947 1062 spuerent
966 975 1079 1054 supra
1095 975 1264 1035 crucem3
1285 948 1352 1025 sed
1371 946 1442 1053 ipsi
1459 945 1637 1023 dicebant
1655 975 1694 1023 se
1711 973 1790 1023 non

358 1082 524 1189 spuisse;
545 1110 624 1158 non
640 1099 769 1181 tamen
788 1081 932 1159 audivit
947 1078 1020 1157 dici
1037 1077 1084 1155 ab
1100 1078 1153 1154 eis
1173 1078 1280 1185 quod
1298 1078 1557 1186 preciperetur
1577 1076 1630 1154 eis
1646 1075 1791 1187 aliquid

359 1215 408 1292 de
428 1215 704 1325 abnegacione,
733 1242 803 1290 nec
824 1213 871 1290 de
892 1210 1200 1297 conculcacione,
1229 1239 1299 1287 nec
1330 1213 1377 1287 de
1401 1208 1539 1287 osculis
1562 1209 1788 1298 inhonestis,

359 1374 429 1424 nec
449 1347 566 1424 eciam
592 1347 639 1423 de
663 1346 820 1423 crimine
839 1343 1087 1430 sodomitico,
1107 1342 1166 1419 vel
1186 1342 1234 1419 de
1259 1341 1387 1448 aliquo
1412 1342 1626 1420 inhonesto.
1652 1343 1793 1449 Requi·

359 1478 453 1556 situs
477 1479 632 1584 quando
661 1475 806 1554 audivit
831 1474 999 1581 predicta
1023 1472 1117 1561 dici,
1150 1471 1244 1549 dixit
1268 1471 1372 1578 quod
1399 1489 1488 1550 sunt
1516 1473 1792 1583 quinquaginta

358 1607 448 1685 anni
468 1607 527 1685 vel
543 1607 657 1697 circa,
673 1623 711 1683 et
727 1634 771 1683 ex
785 1623 878 1682 tunc
893 1603 1027 1681 habuit
1040 1603 1178 1680 malam
1192 1602 1445 1709 suspicionem
1462 1623 1590 1682 contra
1600 1606 1789 1698 ordinem,

359 1767 473 1846 quam
504 1754 613 1815 antea
643 1765 721 1814 non
747 1736 923 1814 habebat.
948 1737 1030 1842 lpse
1049 1752 1179 1813 autem
1199 1737 1342 1841 recepit
1360 1763 1407 1813 xx
1426 1726 1485 1813 ‘vel
1508 1764 1577 1814 xxv
1599 1737 1731 1815 fratres
1751 1739 1791 1813 in

360 1869 499 1949 ordine
511 1870 567 1946 de
591 1867 731 1976 quibus
757 1867 851 1945 dixit
882 1896 961 1945 esse
985 1867 1111 1945 vivum
1136 1868 1175 1944 in
1201 1867 1362 1974 Rupella
1388 1870 1542 1946 Petrum
1573 1869 1621 1946 de
1647 1869 1793 1946 Luchet

360 2003 584 2081 servientem
606 2000 859 2077 Xantonensis
882 1999 1064 2093 diocesis,
1091 2028 1225 2078 omnes
1245 2000 1339 2078 alios
1360 2029 1439 2079 esse
1460 2020 1647 2092 mortuos3
1676 2031 1791 2109 quem

296 2108 304 2127 ,
360 2136 516 2213 Petrum
534 2132 677 2239 recepit
690 2133 730 2209 in
750 2131 892 2239 capella
913 2132 960 2209 de
974 2131 1149 2239 Rupella,
1173 2133 1266 2209 circa
1283 2134 1426 2211 instans
1442 2134 1581 2213 festum
1592 2135 1793 2213 nativitatis

359 2265 462 2343 beati
482 2265 665 2343 Johannis
684 2264 848 2370 Baptiste
874 2280 988 2342 erunt
1017 2265 1187 2372 quinque
1219 2264 1306 2342 anni
1331 2264 1391 2343 vel
1416 2267 1528 2355 circa,
1554 2267 1793 2372 presentibus

362 2395 529 2503 quodam
555 2394 668 2474 fratre
697 2396 906 2503 presbitero
937 2395 1081 2473 ordinis
1114 2395 1324 2488 Gallicano,
1348 2397 1455 2505 cujus
1480 2426 1622 2475 nomen
1648 2415 1685 2475 et
1708 2429 1794 2508 cog-

362 2554 504 2606 nomen
535 2527 700 2634 ignorat,
726 2520 995 2609 bartholomeo
1023 2529 1070 2609 de
1095 2529 1288 2637 Pertenay,
1313 2528 1524 2608 Guillelmo
1545 2530 1592 2607 de
1618 2532 1792 2609 Mortone

362 2658 660 2766 Engolismensis
680 2659 839 2739 diocesis
864 2659 1112 2742 servientibus
1134 2660 1346 2754 deffunctis,
1373 2679 1410 2739 et
1437 2691 1526 2739 eum
1552 2663 1695 2768 recepit
1726 2692 1794 2769 per

364 2819 452 2868 eum
473 2793 632 2870 modum
652 2805 856 2900 perquem
876 2793 1052 2899 deposuit
1069 2821 1108 2869 se
1129 2792 1244 2870 luisse
1267 2811 1474 2900 receptum.
1495 2793 1598 2871 Dixit
1616 2794 1734 2870 eciam
1754 2823 1793 2871 se

362 2924 547 3029 recepisse
579 2923 769 3030 predictos
801 2925 956 3000 Petrum
988 2941 1026 2999 et
1059 2921 1153 3028 alios
1186 2923 1398 3000 secundum
1436 2923 1596 3000 modum
1627 2924 1792 3013 licitum,

247 3151 254 3156 ·
363 3053 451 3160 quia
479 3082 566 3130 cum
588 3053 793 3131 dimisisset
813 3053 994 3131 ducentas
1013 3053 1127 3132 libras
1145 3055 1389 3132 Turonenses
1415 3053 1668 3144 reddituales,
1701 3050 1795 3163 quas

363 3173 559 3264 habuisset
586 3184 747 3262 existens
777 3185 817 3262 in
851 3185 995 3274 seculo,
1027 3201 1071 3262 ut
1096 3185 1258 3262 existens
1285 3183 1328 3260 in
1363 3184 1496 3262 ordine
1525 3184 1680 3263 salvaret
1714 3189 1795 3262 ani-

364 3344 465 3393 mam
493 3345 620 3405 suam,
655 3315 763 3392 nullo
792 3316 908 3393 modo
940 3316 1191 3393 consensisset
1220 3314 1368 3421 aliquid
1398 3313 1531 3393 illicite
1559 3334 1710 3406 actum,
1749 3348 1795 3397 eo

364 3448 523 3539 sciente,
544 3448 747 3525 mandante
766 3447 826 3525 vel
844 3448 1125 3538 consenciente,
1145 3447 1213 3524 sed
1229 3476 1273 3524 ex
1293 3476 1369 3554 quo
1389 3448 1582 3525 audiverat
1600 3448 1674 3525 dici
1689 3452 1795 3556 quod

364 3580 557 3689 aliquibus
576 3581 736 3687 receptis
756 3609 825 3686 per
839 3579 932 3657 alios
946 3608 1062 3687 quam
1084 3607 1153 3685 per
1169 3580 1292 3686 ipsum
1309 3597 1529 3688 preceptum
1550 3580 1672 3658 luerat
1690 3586 1796 3689 quod

364 3729 544 3819 spuerent
560 3740 672 3818 supra
689 3739 857 3802 crucem,
881 3727 919 3787 et
939 3711 1124 3791 habuerat
1139 3711 1395 3817 suspicionem
1416 3712 1455 3788 in
1474 3711 1586 3789 corde
1603 3741 1672 3790 suo
1690 3714 1797 3819 quod

364 3843 439 3922 hoc
468 3861 566 3921 esset
592 3871 739 3934 verum,
771 3842 924 3948 quando
962 3841 1196 3948 contingerat
1225 3869 1314 3918 eum
1347 3842 1477 3919 adesse
1511 3843 1796 3949 recepcionibus

365 3974 545 4065 aliorum,
566 3973 770 4052 recedebat
793 4002 909 4080 quam
935 3973 1040 4080 prius
1060 3989 1224 4079 poterat,
1247 3973 1387 4053 tradito
1412 3949 1595 4053 mantello
1623 3977 1794 4082 receptis.

364 4107 581 4214 Requisitus
601 4105 632 4183 si
649 4133 717 4212 per
736 4104 904 4211 aliquem
930 4131 974 4180 ex
997 4104 1256 4212 superioribus
1276 4104 1353 4181 suis
1369 4103 1492 4182 suerat
1516 4106 1548 4183 ei
1574 4124 1797 4214 preceptum

364 4239 469 4347 quod
489 4254 655 4316 servaret
678 4235 824 4344 aliquid
847 4235 1024 4314 illicitum
1045 4236 1085 4312 in
1112 4236 1399 4343 recepcionibus
1423 4235 1580 4315 fratrum
1600 4237 1657 4315 vel
1688 4257 1794 4345 post,

364 4370 561 4476 respondit
571 4369 679 4476 quod
690 4396 780 4446 non.
799 4367 1019 4474 Requisitus
1030 4369 1063 4447 si
1075 4369 1154 4477 ipse
1166 4369 1317 4447 locutus
1329 4366 1453 4448 luerat
1470 4370 1614 4448 eisdem
1628 4373 1798 4477 superio-

364 4499 470 4577 ribus
485 4526 524 4575 se
538 4498 724 4576 audivisse
739 4497 816 4584 ‚dici
832 4497 938 4604 quod
954 4499 1123 4604 predicta
1142 4499 1288 4605 spuicio
1301 4500 1425 4581 ,crucis
1436 4501 1715 4610 precipiebatur
1730 4532 1798 4609 per

364 4628 510 4737 aliquos
521 4627 604 4706 fieri
618 4631 658 4705 in
674 4630 821 4719 ordine,
837 4617 1035 4736 respondit
1046 4631 1151 4738 quod
1166 4660 1261 4722 non3
1279 4631 1423 4710 dixerat
1436 4650 1563 4711 tamen
1578 4632 1798 4742 frequenter

364 4758 494 4838 multis
507 4788 551 4838 ex
572 4758 749 4839 fratribus
764 4761 909 4839 ordinis
925 4763 1031 4868 quod
1046 4761 1117 4839 sihi
1135 4762 1359 4869 displicebat
1375 4763 1541 4843 multum
1554 4766 1643 4871 quia
1662 4791 1797 4843 eorum

363 4893 603 5000 recepciones
618 4890 763 4970 fiebant
779 4891 1027 4981 clandestine,
1050 4892 1169 4983 nullis¹
1185 4895 1426 5001 presentibus
1444 4896 1516 4975 nisi
1537 4896 1715 4976 fratribus
1735 4927 1797 4976 or·
1900 4928 1910 4941 ·
