4236 5948
725 524 921 617 raucas
954 541 1051 615 uas
1081 541 1383 615 raurmras.
1688 546 1758 615 su

343 709 379 767 et
402 688 523 767 credit
545 685 650 794 quod
666 684 729 762 alii
752 684 883 763 lratres
901 685 1049 763 ordinis
1064 684 1198 763 eodem
1216 686 1336 763 ruodo
1359 683 1578 771 crederent,
1601 701 1644 760 et
1660 685 1764 790 quod

341 849 476 898 eoru-m
507 817 720 896 sacerdotes
748 815 877 895 debite
896 815 1150 904 celebrarent,
1174 832 1215 892 et
1243 815 1335 923 dixit
1358 813 1462 920 quod
1481 833 1540 891 ter
1552 818 1766 892 commuui-

342 951 476 1028 cabant
491 950 534 1026 in
548 975 665 1035 anno,
683 945 827 1025 scilicet
844 947 884 1023 in
902 948 1096 1037 Paschate,
1116 948 1390 1023 Pentecosteet
1404 945 1611 1023 Nativitate.
1626 947 1766 1023 Juravit

342 1081 517 1159 ordinem
548 1107 625 1155 non
657 1078 767 1154 exire.
796 1077 1036 1155 Clandcstine
1067 1075 1359 1182 recipiebantur,
1391 1074 1506 1153 nullis
1526 1076 1765 1182 presentibus

343 1213 414 1291 nisi
439 1210 617 1289 fratribus
635 1207 799 1297 ordinis,
825 1235 870 1284 ex
893 1235 972 1315 quo
1001 1223 1224 1312 potestesse
1247 1205 1412 1312 suspicio
1441 1233 1515 1313 que
1539 1223 1618 1283 erat
1639 1224 1766 1283 contra

344 1371 421 1419 eos.
442 1339 621 1419 Cordulis
641 1338 742 1414 unde
760 1337 936 1415 volebant
951 1337 1151 1442 assumptis
1166 1366 1235 1442 per
1252 1337 1504 1442 penitenciam
1520 1337 1766 1443 cingebantur

344 1501 457 1579 super
474 1470 643 1565 camisias
663 1494 751 1545 cum
773 1469 911 1574 quibus
926 1465 1113 1576 jacebant.
1136 1469 1358 1572 Proceptum
1384 1465 1458 1542 luit
1475 1466 1586 1573 quod
1612 1464 1766 1543 conlite-

345 1620 449 1680 retur
472 1600 649 1678 struibus
677 1599 932 1676 sacerdotibus
958 1599 1117 1685 ordinis,
1140 1617 1178 1674 et
1203 1599 1322 1675 credit
1345 1598 1453 1704 quod
1473 1597 1615 1703 ubique
1635 1595 1766 1675 lratres

345 1733 604 1838 reciperentur
621 1706 739 1816 licile,
755 1730 852 1806 sicut
866 1728 1044 1835 deposuit
1061 1757 1099 1805 se
1114 1728 1227 1806 luisse
1250 1746 1454 1834 receptum.
1479 1728 1710 1806 Elemosinas
1727 1746 1768 1805 et
1854 1780 1855 1785 ,

346 1861 637 1970 hospitalitatem
653 1861 747 1937 vidit
769 1860 1036 1938 convenienter
1055 1860 1139 1936 -fieri
1157 1876 1193 1936 et
1208 1859 1344 1936 servari
1364 1861 1403 1935 in
1423 1859 1599 1937 domibus
1623 1859 1767 1937 ordinis

346 1994 544 2101 inquibus
564 1992 685 2073 extitit
701 2008 967 2069 commoratus.
990 1991 1126 2068 Credit
1143 1991 1249 2097 quod
1270 1991 1440 2068 ordinata
1466 2008 1533 2096 per
1547 1992 1767 2100 Magistrum

345 2153 432 2201 euru
448 2140 654 2213 conventu,
676 2120 875 2199 sifuissent
886 2122 987 2199 bona
1003 2138 1040 2197 et
1055 2121 1170 2212 licita,
1192 2140 1375 2201 servasset>
1390 2138 1492 2198 totus
1507 2121 1621 2206 salo,
1640 2139 1769 2198 contra

346 2283 580 2361 quemrnunc
592 2253 779 2343 indebite,
797 2270 839 2329 ut
853 2253 985 2342 credit,
1007 2253 1167 2360 grandia
1183 2253 1370 2341 scandala,
1388 2253 1550 2358 suspicio
1567 2270 1604 2329 et
1618 2252 1768 2329 infamia

346 2401 433 2462 sunt
451 2401 590 2463 exorta.
614 2383 767 2461 Audiuit
790 2400 915 2459 tamen
932 2382 1014 2459 dici
1039 2383 1143 2488 quod
1168 2383 1292 2460 dictus
1311 2384 1488 2491 Magister
1507 2401 1545 2460 et
1563 2384 1684 2490 aliqui
1706 2383 1768 2459 ulii

347 2512 615 2622 aliqua-illicita
630 2513 786 2591 luerunt
800 2531 928 2590 contra
943 2513 1119 2590 ordinem
1132 2511 1311 2602 confessi,
1328 2531 1367 2591 et
1380 2514 1502 2590 credit
1512 2513 1618 2623 quod
1630 2513 1770 2590 fuerint

347 2643 519 2733 mentiti3
539 2661 576 2721 et
594 2672 671 2721 non
686 2642 877 2722 obtulerat
890 2671 931 2720 se
950 2642 997 2719 ad
1012 2642 1287 2720 deffensionem
1309 2642 1469 2731 ordinis,
1495 2660 1532 2720 et
1554 2671 1630 2719 non
1647 2641 1769 2720 fuerat

348 2772 443 2850 ultra
457 2802 573 2852 mare.

403 2904 619 3013 Requisitus
633 2906 665 2982 si
679 2907 731 2982 sic
742 2906 970 3010 deposuerat
983 2932 1110 3011 prece,
1132 2923 1327 3011 precepto,
1344 2907 1632 2996 timore,amore
1643 2969 1652 2996 ,
1663 2907 1767 2993 odio,

350 3035 404 3112 vel
423 3036 623 3142 temporali
641 3036 802 3112 comodo
823 3034 951 3112 habito
968 3036 1026 3111 vel
1039 3034 1234 3120 habendo,
1251 3036 1447 3141 respondit
1465 3036 1566 3142 quod
1588 3064 1679 3124 non,
1703 3037 1771 3113 sed

349 3195 416 3270 pro
441 3166 594 3243 veritate
620 3166 797 3253 dicenda,
824 3166 883 3242 cui
907 3165 1213 3271 suitinjunctum
1239 3166 1344 3272 quod
1368 3195 1445 3243 non
1473 3168 1655 3244 revelaret
1676 3168 1772 3242 ha'nc

348 3323 454 3373 suam
476 3295 776 3402 deposicionem,
799 3324 997 3404 quousque
1017 3297 1276 3374 attestaciones
1292 3297 1431 3374 luerint
1446 3297 1647 3403 publicata.

404 3560 533 3635 Frater
552 3560 683 3649 Petrus
703 3558 856 3637 Garaldi
878 3560 925 3636 de
947 3561 1093 3637 Mursac
1117 3560 1298 3652 serviens,
1322 3563 1572 3639 Xantonensis
1595 3562 1769 3654 diocesis,

348 3687 452 3765 testis
467 3684 756 3795 suprajirratus,
778 3716 1095 3768 xnr111ann0rum
1115 3691 1173 3768 vel
1195 3691 1308 3780 circa,
1326 3691 1552 3771 mantellum
1573 3693 1717 3768 ordinis
1734 3711 1773 3770 et

349 3815 504 3894 barbam
526 3818 730 3910 defferens,
753 3849 840 3896 cum
864 3848 941 3926 quo
964 3820 1187 3925 inquisitum
1208 3821 1346 3907 fuerat,
1369 3821 1565 3898 absolutus
1585 3840 1626 3898 et
1640 3852 1773 3900 recon-

350 3947 495 4025 ciliatus
519 3977 587 4055 per
605 3949 805 4026 domiuum
823 3950 1039 4055 episcopum
1064 3951 1363 4037 Xantonensem,
1386 3951 1491 4028 lectis
1513 3970 1552 4028 et
1573 3953 1774 4061 diligenter

352 4079 527 4183 expositis
547 4078 617 4157 sibi
634 4079 814 4158 omnibus
828 4096 866 4156 et
880 4077 1037 4186 singulis
1050 4079 1231 4170 anticulis,
1254 4082 1449 4188 respondit
1468 4109 1507 4158 se
1524 4083 1684 4169 nescire,
1705 4113 1773 4161 nec

352 4207 522 4298 credere,
544 4235 616 4285 nec
638 4208 821 4285 audivisse
845 4206 920 4285 dici
948 4208 995 4284 de
1017 4210 1205 4286 contentis
1228 4211 1268 4287 in
1291 4211 1344 4287 eis
1363 4210 1435 4288 nisi
1456 4213 1560 4317 quod
1580 4215 1772 4319 sequitur:

268 4326 278 4345 ⁶
351 4336 444 4415 dixit
465 4367 603 4445 nempe
627 4339 741 4416 luisse
766 4356 977 4445 receptum,
1009 4339 1050 4415 in
1076 4339 1171 4417 sesto
1192 4343 1401 4420 Natiuitatis
1424 4343 1578 4420 Domini
1602 4345 1773 4450 proximo
1847 4433 1856 4452 ⁰

352 4469 530 4572 preterito
554 4469 708 4546 fuerumt
732 4497 810 4547 xuu
836 4471 924 4547 anni
949 4469 1009 4546 vel
1030 4471 1143 4563 circa,
1168 4472 1207 4546 iu
1231 4472 1370 4578 capella
1393 4471 1531 4548 domus
1552 4474 1701 4580 Templi
1722 4477 1773 4552 de

352 4598 557 4704 Enspaneis
576 4600 825 4678 Xantonensis
851 4601 1026 4689 diocesis,
1047 4629 1115 4706 per
1133 4601 1287 4678 fratrem
1304 4601 1588 4696 Theobaldum,
1612 4605 1773 4704 militem

353 4729 568 4833 quondam,
603 4749 863 4838 preceptorem
891 4749 983 4808 tunc
1016 4732 1113 4808 dicte
1140 4732 1294 4822 domus,
1329 4734 1567 4838 presentibus
1598 4734 1775 4814 fratribus

355 4857 462 4936 Helia
478 4859 640 4950 Costati,
663 4879 756 4939 teste
777 4863 947 4968 proximo
967 4863 1194 4954 examinato,
1216 4881 1260 4939 ut
1279 4864 1349 4941 sibi
1364 4865 1523 4953 videtur,
1541 4882 1578 4941 et
1590 4865 1776 4972 aliquibus

1578 5022 1626 5080 27.
