4236 5948
345 523 419 596 sos
730 503 924 598 mouns
950 522 1045 595 uss
1071 520 1370 595 rnnrmnns

345 661 465 739 ditum
483 661 699 739 mantellum
721 663 864 740 ordinis
883 662 930 739 ad
951 663 1104 751 collum,
1128 679 1166 739 et
1182 679 1274 738 tunc
1293 659 1481 738 osculatus
1502 658 1575 738 fuit
1594 682 1764 771 recepto-

344 819 425 869 rem
439 819 552 870 suum
568 810 605 871 et
625 822 754 871 omnes
775 793 867 870 alios
886 792 1027 870 fratres.
1043 794 1090 868 Et
1103 793 1176 869 hoc
1193 791 1301 878 lacto,
1322 791 1572 870 thesaurarius
1591 810 1629 870 et
1643 794 1764 874 dietus

344 922 516 1029 receptor
531 921 717 1001 duxerunt
734 952 819 1000 eum
837 922 883 998 ad
898 939 1058 1028 partem,
1074 938 1112 999 et
1124 921 1370 1000 ostenderunt
1381 920 1452 999 sibi
1468 926 1671 1028 quamdam
1686 954 1766 1004 cru·

345 1081 424 1130 cem
446 1052 485 1127 in
500 1081 574 1158 qua
594 1069 672 1127 erat
685 1080 819 1159 ymago
832 1052 948 1129 Jhcsu
963 1052 1103 1129 Christi
1120 1052 1281 1157 depicta,
1300 1069 1338 1129 et
1356 1050 1524 1129 lecerunt
1543 1083 1631 1131 eum
1651 1054 1766 1133 abne·

343 1210 428 1288 gare
444 1180 502 1258 bis
516 1180 709 1259 Christum
724 1199 761 1257 et
781 1210 915 1287 spuere
934 1210 1044 1288 supra
1064 1210 1212 1258 cmcem
1226 1180 1296 1258 his.
1318 1182 1364 1258 Et
1384 1181 1476 1259 dixit
1494 1212 1562 1288 per
1572 1185 1764 1292 juramen-

344 1328 424 1387 tum
453 1340 563 1388 suum
596 1311 715 1417 quod,
748 1302 796 1388 de
828 1328 1005 1417 precepto
1037 1312 1265 1416 recipientis,
1300 1312 1487 1390 osculatus
1517 1312 1588 1391 fuit
1611 1343 1698 1393 eum
1724 1316 1763 1392 in

344 1441 510 1518 inferiori
529 1459 634 1546 parte
654 1442 758 1547 spine
780 1441 896 1529 dorsi,
917 1441 955 1516 in
971 1441 1152 1518 umbilico
1174 1442 1269 1518 etin
1291 1468 1367 1519 ore.

314 1651 317 1657 ,
398 1575 491 1648 Item
505 1571 597 1647 dixit
614 1600 682 1675 per
696 1571 955 1678 juramentum
970 1600 1079 1647 suum
1096 1570 1200 1678 quod
1215 1571 1316 1648 idem
1331 1571 1514 1679 recipiens
1528 1573 1622 1651 dixit
1637 1591 1675 1650 et
1685 1602 1764 1680 pre

345 1701 443 1807 cepit
458 1700 528 1778 sibi
549 1700 703 1807 quodsi
724 1728 801 1777 non
819 1716 946 1807 posset
966 1702 1173 1789 continere,
1195 1700 1299 1807 quod
1311 1703 1570 1780 commisceret
1584 1731 1624 1779 se
1644 1732 1764 1782 carna·

343 1829 430 1908 liter
449 1860 533 1907 cum
548 1832 658 1908 sociis
673 1831 760 1909 suis.
783 1834 925 1908 Tamen
946 1831 1037 1907 dixit
1057 1860 1124 1937 per
1138 1832 1395 1937 juramentum
1414 1860 1526 1909 suum
1544 1832 1648 1939 quod
1667 1862 1763 1912 nun·

342 1989 454 2065 quam
467 1962 702 2038 commiscuit
720 1990 759 2037 se
776 1989 861 2036 cum
877 1960 1020 2066 aliquo,
1038 1989 1108 2037 nec
1122 1960 1255 2066 aliquis
1270 1989 1356 2037 cum
1377 1989 1434 2038 eo.

400 2093 648 2199 Interrogatus
664 2107 791 2166 utrum
806 2091 857 2179 vi,
871 2090 928 2166 vel
945 2108 1048 2166 metu
1062 2107 1337 2168 tormentorum
1351 2089 1411 2166 vel
1427 2091 1598 2182 carceris,
1617 2107 1680 2167 aut
1695 2090 1762 2168 alia

346 2221 392 2296 de
413 2247 537 2310 causa,
555 2221 593 2296 in
611 2219 851 2325 deposicione
872 2249 936 2297 sua
955 2220 1088 2295 dixerit
1106 2238 1170 2296 ‘aut
1186 2220 1432 2298 immiscuerit
1447 2221 1613 2327 -aliquam
1632 2220 1763 2298 falsita-

344 2368 436 2438 tem,
458 2367 521 2426 aut
539 2352 696 2427 tacuerit
719 2350 928 2439 veritatem,
957 2349 1046 2425 dixit
1066 2379 1133 2454 per
1141 2351 1400 2455 juramentum
1419 2370 1529 2428 suum
1545 2352 1650 2458 quod
1666 2377 1758 2441 non3

345 2480 460 2555 immo
477 2479 570 2556 dixit
587 2508 718 2584 puram
735 2481 925 2556 veritatem
940 2491 1094 2585 propter
1114 2478 1270 2557 salutem
1290 2481 1413 2557 anime
1429 2508 1506 2558 sue.

401 2745 491 2819 ltem
518 2742 632 2819 frater
661 2744 847 2821 lohannes
876 2745 924 2822 de
946 2744 1159 2822 Elemosina
1188 2772 1305 2851 prope
1329 2744 1572 2833 Pontisaram‚
1607 2743 1763 2850 claviger

333 2872 480 2949 ‘domus
502 2872 549 2950 de
570 2873 667 2951 Malo
683 2877 861 2979 Repastu‚
893 2876 1000 2952 etatis
1024 2902 1120 2951 xxxu
1149 2901 1349 2966 annorum,
1378 2891 1423 2951 ut
1442 2873 1605 2958 dicebat,
1628 2871 1761 2949 eodem

344 3002 457 3079 modo
473 3004 683 3110 juratus'de
699 3033 738 3081 se
754 3022 791 3081 et
809 3004 889 3080 aliis
903 3006 943 3080 in
959 3034 1066 3081 causa
1079 3004 1168 3080 fidei
1186 3006 1310 3081 dicere
1328 3002 1533 3081 veritatem.
1550 3002 1761 3107 Requisitus

346 3133 392 3208 de
405 3150 574 3248 tempore
590 3149 627 3209 et
635 3134 750 3210 modo
760 3134 988 3239 recepcionis
999 3161 1080 3222 sue,
1095 3135 1185 3210 dixit
1197 3135 1527 3241 perjuramentum
1539 3158 1651 3208 suum
1659 3131 1762 3238 quod

343 3262 414 3339 tuit
433 3281 604 3368 receptus
623 3263 799 3351 Parisius‚
816 3291 883 3370 per
901 3262 1050 3339 lratrem
1066 3263 1277 3340 Johannem
1299 3264 1346 3340 de
1362 3265 1492 3339 Turno
1510 3280 1600 3338 tunc
1617 3263 1762 3339 thesau-

344 3393 482 3468 rarium
510 3392 685 3481 Parisius‚
708 3394 875 3499 quinque
895 3410 983 3469 sunt
1000 3394 1084 3468 anni
1107 3393 1236 3498 elapsi,
1263 3391 1500 3498 presentibus
1524 3391 1636 3467 fratre
1659 3391 1763 3469 Guil-

342 3520 462 3598 lermo
485 3521 531 3597 de
546 3521 705 3628 Arblayo
731 3521 992 3599 elemosinario
1012 3523 1127 3628 regis,
1146 3539 1185 3599 et
1203 3522 1426 3629 quibusdam
1443 3521 1524 3597 aliis
1538 3519 1584 3596 de
1600 3548 1761 3627 quorum

344 3651 558 3728 nominihus
578 3680 655 3729 non
681 3652 823 3728 recolit.
849 3653 949 3730 Dixit
977 3652 1092 3728 eciam
1122 3681 1190 3757 per
1209 3653 1463 3760 juramentum
1498 3679 1607 3728 suum
1637 3650 1758 3756 quod,

344 3798 429 3886 post
443 3782 577 3858 multas
601 3782 867 3886 promissiones
887 3811 979 3888 quas
999 3780 1086 3858 lecit
1106 3782 1153 3859 de
1174 3781 1413 3859 observandis
1433 3781 1578 3858 statutis
1595 3780 1683 3857 dicti
1705 3809 1761 3859 or·

344 3909 457 3998 dinis,
479 3929 667 4017 apportata
686 3910 759 3988 luit
773 3927 856 3986 ante
877 3939 965 3986 eum
986 3910 1148 4016 quedam
1168 3938 1256 3986 cmx
1271 3937 1362 3987 enea
1382 3911 1423 3985 in
1442 3937 1515 4015 qua
1532 3925 1611 3986 erat
1628 3937 1760 4016 ymago

342 4039 458 4117 Jhesu
477 4040 631 4128 Christi,
655 4058 691 4117 et
709 4041 823 4146 peciit
838 4039 884 4117 ab
906 4068 951 4116 co
973 4039 1094 4116 dictus
1113 4039 1295 4144 recipiens
1314 4056 1441 4116 utrum
1466 4039 1636 4115 crederet
1658 4038 1760 4144 quod

342 4169 405 4247 ille
424 4170 530 4278 cujus
548 4187 627 4248 erat
646 4200 780 4278 ymago
798 4188 894 4249 esset
912 4174 1035 4258 Deus‚'
1052 4189 1089 4247 et
1108 4171 1186 4276 ipse
1208 4170 1305 4246 dixit
1323 4168 1428 4275 quod
1453 4169 1517 4245 sic.
1547 4170 1653 4243 Tunc
1674 4164 1760 4244 fecit

344 4328 430 4378 enm
452 4300 634 4411 abnegare
654 4302 848 4380 Christum
863 4319 920 4379 ter
939 4319 976 4378 et
989 4318 1047 4378 ter
1061 4328 1216 4407 spuere:
1232 4299 1406 4376 videlicet
1417 4299 1477 4376 his
1491 4327 1601 4403 supra
1611 4325 1758 4374 crucem

343 4448 381 4507 et
400 4430 532 4509 ultimo
565 4433 664 4537 spuit
688 4460 800 4538 supra
820 4449 976 4520 terram,
998 4432 1143 4538 fingens
1168 4430 1272 4537 quod
1293 4446 1444 4536 spueret
1466 4456 1576 4534 supra
1598 4454 1755 4504 crucem.

343 4561 442 4637 Dixit
456 4563 573 4639 eciam
587 4592 655 4669 per
665 4562 922 4670 juramentum
939 4591 1048 4639 suum
1069 4562 1249 4668 quodille
1265 4561 1446 4668 recipiens
1464 4559 1551 4637 lecit
1575 4558 1646 4636 sibi
1670 4585 1758 4665 pro·

342 4691 489 4766 mittere
501 4709 630 4769 votum
649 4693 821 4769 castitatis
838 4709 1021 4800 qnantum
1037 4694 1083 4769 ad
1107 4691 1300 4783 mulieres3
1321 4691 1388 4768 sed
1408 4691 1500 4768 dixit
1515 4689 1584 4768 sihi
1605 4688 1756 4795 quodsi

244 4888 247 4895 .
342 4817 454 4895 vellet
474 4838 510 4898 et
528 4821 727 4928 indigeret,
745 4823 1002 4900 commisceret
1014 4850 1053 4900 se
1071 4851 1156 4899 cum
1172 4823 1280 4900 sociis
1300 4822 1389 4901 suis.
1409 4821 1511 4901 Dixit
1520 4839 1646 4899 tamen
1655 4818 1757 4927 quod
