4236 5948
702 537 898 632 renuens
924 558 1021 631 ons
1048 558 1350 631 rennuens.
1386 576 1400 599 ··
1484 649 1488 655 ,
1717 562 1739 633 s

303 699 502 778 erroribus
523 698 715 778 consessus
734 701 774 777 in
790 701 999 809 septimana
1014 701 1054 777 in
1069 730 1144 808 qua
1158 698 1231 777 luit
1243 716 1428 807 receptus,
1449 699 1489 775 in
1506 698 1604 776 dicta
1619 701 1742 806 capel-

298 832 361 923 la,
387 831 539 910 cuidam
559 832 664 910 fratri
680 834 888 922 carmelite,
911 836 1019 943 cujus
1039 862 1181 912 nomen
1198 851 1237 911 et
1256 859 1467 943 cognomen
1488 831 1652 940 ignorat,
1674 833 1742 941 qui

298 962 470 1042 absolvit
484 993 585 1052 eum,
598 964 774 1071 imposita
787 966 860 1044 sibi
874 966 1087 1072 penitencia
1100 965 1207 1072 quod
1216 965 1407 1074 jejunaret
1421 990 1471 1044 vrr
1487 965 1594 1043 annis
1606 963 1743 1044 diebus

299 1094 505 1187 sabatinis;
527 1126 641 1203 quarn
658 1097 912 1205 penitenciam
928 1098 968 1174 in
985 1116 1090 1205 parte
1110 1098 1324 1205 complevit.
1341 1096 1472 1177 Credit
1486 1097 1592 1205 quod
1611 1096 1743 1176 fratres

300 1227 472 1306 scientes
487 1258 635 1308 errores
648 1247 686 1307 et
703 1246 930 1337 potestatem
948 1230 1161 1338 corrigendi
1182 1230 1383 1318 habentes,
1406 1228 1641 1338 negligentes
1659 1229 1744 1308 fue-

301 1378 412 1453 runt,
429 1361 611 1470 quianon
631 1381 875 1440 correxerunt
895 1393 960 1441 eos
973 1390 1042 1461 nec
1067 1362 1390 1439 denunciaverunt
1410 1361 1588 1439 Ecclesie.
1609 1364 1652 1439 ln
1674 1363 1744 1440 do·

303 1493 439 1572 rnibus
477 1493 622 1572 ordinis
660 1496 700 1572 in
732 1495 872 1603 quibus
913 1494 986 1572 luit
1022 1512 1277 1572 commoratus
1314 1494 1409 1571 vidit
1445 1494 1670 1573 elemosinas
1707 1511 1745 1572 et

304 1624 604 1734 hospitalitatem
627 1629 896 1705 convenienter
916 1628 999 1705 fieri
1019 1646 1057 1706 et
1077 1628 1225 1706 servari.
1238 1627 1393 1705 Audivit
1414 1628 1488 1705 dici
1506 1628 1612 1736 quod
1632 1627 1741 1720 elam,

296 1757 434 1864 januis
454 1758 606 1848 clausis,
627 1787 762 1837 eorum
785 1759 961 1868 capitulia
983 1759 1223 1838 tenebantur.
1246 1760 1377 1838 Credit
1396 1761 1502 1867 quod
1526 1776 1630 1838 totus
1648 1760 1744 1838 ordo
1813 1827 1820 1838 .

287 1907 489 1986 ,servasset
504 1891 611 1998 quod
630 1920 791 2003 magnus
811 1893 988 2000 Magister
1011 1922 1098 1970 curn
1120 1909 1308 1970 conventu
1327 1892 1555 1979 ordinasset,
1580 1910 1617 1969 et
1638 1894 1744 1999 quod

308 2024 581 2132 nuncgrandia
593 2024 778 2116 scandala,
788 2025 952 2132 suspicio
965 2043 1003 2103 et
1014 2024 1167 2101 infamia
1183 2023 1260 2103 sint
1272 2042 1398 2101 exorta
1410 2042 1537 2101 contra
1553 2024 1740 2115 ordinem,

315 2172 351 2231 et
365 2155 472 2261 quod
485 2155 689 2235 consessata
701 2184 769 2263 per
781 2186 870 2233 eum
887 2174 1012 2235 essent
1025 2174 1114 2235 nota
1124 2155 1305 2235 fratribus
1315 2155 1471 2248 ordinis,
1487 2173 1616 2232 contra
1628 2182 1745 2262 quem

314 2285 456 2363 audivit
471 2287 545 2364 dici
561 2317 743 2398 magnum
758 2289 979 2396 Magistrum
995 2307 1034 2367 et
1048 2288 1141 2366 alios
1161 2289 1311 2396 aliquos
1323 2316 1482 2377 errores,
1499 2287 1618 2364 nescit
1636 2314 1743 2394 quos,

315 2417 427 2496 fuisse
444 2419 646 2499 confessos.
663 2421 865 2500 Obtulerat
881 2451 932 2510 se,
951 2420 1051 2499 rnalo
1067 2422 1205 2499 ductus
1216 2420 1391 2513 consilio,
1410 2421 1458 2497 ad
1469 2418 1744 2498 deffensionem

316 2550 457 2628 ordinis
482 2581 557 2629 una
582 2582 669 2630 cum
694 2552 787 2644 aliis,
812 2572 850 2630 et
872 2554 945 2631 luit
966 2571 1194 2661 protestatus
1216 2554 1256 2630 in
1280 2553 1467 2660 principio
1494 2550 1747 2658 deposicionis

316 2711 380 2759 sue
392 2685 499 2790 quod
514 2713 592 2782 non
603 2684 827 2763 intendebat
841 2687 1020 2763 recedere
1035 2717 1055 2762 a
1073 2686 1316 2793 deposicione
1328 2715 1397 2792 per
1410 2713 1499 2762 enm
1514 2682 1608 2761 lacta
1620 2711 1745 2763 coram

318 2811 416 2892 dicto
437 2815 594 2893 domino
611 2816 895 2923 archiepiscopo
916 2818 1107 2894 Remensi.

369 2947 588 3054 Requisitus
601 2947 632 3022 si
646 2947 699 3022 sic
714 2948 942 3052 deposuerat
955 2975 1085 3052 prece,
1101 2962 1297 3052 precepto,
1315 2949 1470 3031 timore,
1490 2971 1634 3034 amore,
1656 2945 1753 3023 odio

319 3077 372 3153 vel
385 3077 588 3182 temporali
602 3077 766 3153 comodo
782 3077 914 3155 habito
931 3076 990 3153 vel
1011 3075 1206 3167 habende,
1227 3075 1425 3182 respondit
1439 3075 1544 3182 quod
1561 3100 1659 3166 non,
1682 3078 1749 3156 sed

318 3236 382 3312 pro
405 3208 559 3285 veritate
586 3209 769 3296 dicenda3
797 3209 856 3284 cui
881 3205 954 3284 luit
976 3209 1192 3315 injunctum
1219 3207 1325 3314 quod
1349 3234 1427 3284 non
1447 3207 1630 3285 revelaret
1652 3190 1750 3284 brute

318 3347 421 3416 suarn‘
447 3340 730 3446 deposicionem
757 3367 957 3446 quousque
984 3340 1248 3416 attestaciones
1269 3338 1412 3415 luerint
1437 3339 1641 3446 publicato.

371 3470 461 3547 Acta
476 3469 636 3548 luerunt
652 3471 723 3546 bec
738 3469 850 3546 dictis
865 3470 927 3546 die
944 3486 982 3545 et
1003 3469 1106 3561 loco,
1129 3468 1372 3574 presentibus
1387 3470 1567 3576 magistro
1581 3469 1749 3558 Amisio,

319 3631 377 3679 me
395 3603 655 3680 Floriamonte
669 3599 891 3691 Dondedei‚
914 3619 953 3678 et
972 3600 1055 3678 aliis
1074 3601 1232 3678 notariis
1244 3629 1357 3709 supra
1376 3600 1514 3679 ultimo
1533 3602 1749 3679 nominatis.

370 3868 460 3944 Post
480 3867 569 3955 hec,
591 3865 652 3941 die
670 3864 828 3947 Veneris
844 3863 1035 3969 sequenti,
1058 3891 1133 3969 que
1156 3861 1230 3938 luit
1249 3862 1379 3968 quinta
1400 3863 1482 3941 dies
1504 3863 1594 3939 dicti
1610 3865 1751 3942 mensis
1798 3902 1802 3910 ·

319 3999 466 4086 Marcii,
488 3997 647 4074 luerunt
664 3995 818 4073 adducti
840 4023 909 4101 pro
930 3995 1092 4073 testibus
1116 3994 1164 4071 ad
1185 3995 1418 4100 presenciam
1439 3995 1664 4072 eorumdem
1684 3995 1752 4072 do-

296 4130 509 4208 minorum
543 4129 912 4217 commissariorum,
947 4126 986 4201 in
1013 4128 1129 4204 domo
1155 4126 1325 4231 predicta
1349 4126 1506 4204 fratrum
1537 4128 1748 4216 Minorum,

318 4261 543 4370 Raynanrlus
570 4260 618 4336 de
644 4259 787 4336 Prnino
808 4258 1062 4345 Senonensis,
1093 4257 1185 4334 olim
1210 4274 1409 4363 preceptor
1437 4257 1574 4334 domus
1598 4256 1749 4363 Templi

319 4391 616 4477 Aurelianensis,
643 4390 833 4468 lohannes
854 4390 901 4465 de
925 4390 1076 4466 Mortuo
1102 4390 1223 4465 Fonte
1249 4387 1552 4477 suessionensis,
1578 4404 1616 4463 et
1642 4385 1749 4466 Guil-

319 4524 457 4600 lelmus
481 4523 528 4600 de
550 4524 743 4629 Hoymont
762 4522 981 4599 Parisiensis
1011 4522 1246 4613 diocessum,
1276 4520 1475 4627 presbiteri
1498 4518 1690 4626 degradati
1710 4521 1750 4596 in

320 4655 480 4733 concilio
500 4654 714 4733 Senonensi
738 4654 784 4731 ab
807 4653 988 4731 omnibus
1008 4652 1222 4730 minoribus
1242 4668 1280 4727 et
1297 4650 1505 4758 majoribus
1526 4650 1747 4743 ordinibus,

321 4789 419 4865 exuti
453 4803 581 4864 tamen
613 4786 811 4895 privilegio
843 4785 1007 4863 clericali
1038 4801 1076 4861 et
1103 4785 1237 4891 privati
1270 4784 1403 4862 babitu
1427 4783 1596 4891 Templi,
1628 4801 1667 4862 et
1700 4785 1748 4860 ad

322 4948 474 4997 murum
495 4936 725 5026 perpetuum
744 4919 819 5010 sub
841 4935 942 4996 certa
960 4917 1081 4997 forma
1101 4946 1169 5023 per
1185 4916 1330 4995 dictur'n
1350 4916 1552 4995 concilium
1571 4915 1751 4993 condem·

1573 5097 1599 5134 1.
