4236 5948
509 546 581 620 tea
896 530 1091 622 procas
1117 548 1212 619 ons
1238 547 1534 620 TEMPLIERS.

506 685 652 790 Templi
673 714 857 792 nusquam
872 688 989 765 auditi
1005 687 1145 764 luerint
1163 715 1233 762 nec
1253 715 1418 793 unquam
1438 686 1574 792 cogniti
1595 712 1662 775 nec
1684 685 1859 789 cuiquam
1877 687 1924 764 de

508 816 586 918 ipso
597 816 729 892 ordine
739 818 939 906 manifesti,
957 835 1070 923 prout
1085 817 1250 894 creditet
1264 818 1336 894 hoc
1352 818 1444 894 dixit
1451 846 1491 895 se
1506 816 1674 904 credere,
1690 832 1803 921 prout
1816 816 1922 906 dixit,

506 944 601 1020 salva
619 962 744 1021 tamen
759 947 949 1023 sanctitate
970 965 1006 1022 et
1023 945 1239 1023 excellencia
1256 946 1344 1025 dicti
1360 946 1503 1024 domini
1519 945 1635 1024 nostri
1647 972 1739 1050 pape
1755 960 1793 1020 et
1806 945 1926 1022 domi·

503 1102 638 1152 norum
655 1076 899 1151 cardinalium
914 1077 1128 1171 reverencia
1143 1094 1179 1152 et
1200 1077 1355 1161 honore.

560 1203 618 1279 hd
635 1204 753 1282 lxxxv1
778 1206 977 1282 articulum
1005 1207 1202 1313 diligenter
1226 1208 1491 1313 interrogatus,
1518 1206 1710 1312 respondit
1728 1205 1832 1311 quod
1855 1204 1927 1280 sra-

504 1351 559 1410 ter
585 1333 629 1411 G.
660 1337 707 1412 de
728 1334 879 1413 Abelars
902 1354 1099 1441 preceptor
1127 1355 1215 1413 tunc
1241 1337 1375 1414 domus
1399 1336 1515 1416 blansi
1534 1337 1604 1414 Dei
1633 1336 1774 1442 recepit
1801 1335 1924 1440 ipsum

503 1463 568 1567 qui
593 1463 761 1569 loquitur
781 1467 819 1540 in
841 1466 989 1542 fratrem
1010 1466 1098 1541 dicti
1120 1465 1277 1555 ordinis,
1309 1468 1348 1542 in
1371 1466 1508 1572 capella
1542 1465 1676 1543 domus
1695 1465 1813 1544 Mansi
1836 1465 1923 1554 Dei,

504 1593 541 1667 in
561 1593 656 1671 lesto
676 1594 982 1673 Annuntiationis
1007 1597 1118 1672 Reate
1136 1597 1252 1673 Marie
1280 1614 1389 1673 erunt
1414 1623 1462 1673 xn
1487 1596 1573 1672 anni
1601 1595 1712 1701 elapsi
1734 1595 1792 1670 vel
1815 1595 1921 1686 circa,

501 1723 735 1827 presentibus
757 1744 793 1800 et
812 1725 952 1802 ibidem
972 1726 1175 1803 astantibus
1195 1727 1411 1805 Reverendo
1433 1725 1480 1801 de
1501 1726 1637 1803 Sancto
1652 1727 1775 1812 lusto,
1792 1726 1923 1801 Pontio

503 1852 549 1928 de
567 1853 820 1962 Camporrello
841 1854 1038 1945 militibus,
1061 1854 1257 1932 Remundo
1277 1855 1324 1932 dc
1345 1854 1476 1945 Vilert,
1494 1853 1690 1942 Remundo
1711 1852 1868 1931 Comitis
1888 1871 1925 1930 et

501 1983 673 2087 pluribus
692 1985 772 2062 aliis
792 1985 966 2062 fratribus
985 1986 1073 2062 dicti
1094 1986 1247 2062 ordinis.

558 2114 692 2191 Modus
720 2133 844 2191 autem
867 2145 932 2191 sue
954 2115 1183 2220 recepcionis
1208 2113 1279 2191 fuit
1299 2115 1360 2190 hic
1380 2114 1445 2220 qui
1466 2114 1648 2219 sequitur.
1672 2114 1798 2191 Primo
1823 2114 1923 2190 enim
2000 2117 2002 2120 ’

502 2242 622 2319 dictus
636 2262 844 2349 preceptor,
868 2263 993 2321 exacto
1014 2274 1034 2320 a
1053 2245 1173 2351 sequi
1193 2245 1362 2350 loquitur
1381 2260 1613 2320 sacramento
1630 2243 1677 2319 de
1699 2244 1849 2320 veritate
1867 2244 1925 2320 di·

502 2372 635 2461 cenda,
657 2372 728 2450 suit
747 2375 992 2480 interrogatus
1010 2402 1078 2478 per
1098 2374 1239 2449 dictum
1259 2390 1516 2479 preceptorem
1540 2389 1667 2449 utrum
1688 2373 1791 2453 idem
1811 2372 1924 2450 srater

502 2519 599 2579 esset
614 2521 703 2580 tunc
718 2503 1075 2591 excommunicatus,
1091 2503 1150 2580 vel
1163 2531 1210 2578 an
1226 2532 1310 2578 cum
1331 2503 1488 2579 muliere
1507 2501 1626 2607 aliqua
1647 2502 1923 2580 matrimonium

502 2633 754 2723 contraxisset,
780 2634 838 2710 vel
858 2662 905 2709 an
928 2652 1024 2710 esset
1044 2633 1292 2710 creditoribus
1308 2632 1495 2737 aliquibus
1512 2631 1696 2737 obligatus
1715 2631 1854 2736 quibus
1876 2634 1924 2710 de

501 2763 660 2866 propriis
679 2763 787 2840 bonis
800 2764 880 2870 ejus
897 2765 961 2870 qui
980 2765 1156 2869 recipitur
1168 2761 1338 2840 satisfieri
1351 2790 1426 2839 non
1438 2761 1570 2867 possit,
1586 2779 1622 2838 et
1637 2789 1685 2836 an
1696 2778 1824 2838 votum
1835 2763 1925 2839 emi.-

500 2893 605 2969 sisset
626 2893 672 2969 de
688 2894 868 3000 religione
880 2886 954 2969 alia
972 2894 1158 2982 intranda,
1180 2909 1215 2969 et
1234 2921 1281 2968 an
1301 2892 1477 2969 morbum
1498 2890 1665 2968 ocultum
1680 2889 1842 2995 aliquem
1859 2890 1923 2967 ha-

500 3021 606 3098 beret
625 3023 664 3099 in
683 3024 836 3129 proprio
853 3051 1008 3129 corpore
1029 3052 1105 3129 quo
1126 3022 1309 3099 invalidus
1323 3020 1381 3097 vel
1398 3021 1547 3125 ineptus
1561 3020 1609 3096 ad
1627 3019 1922 3124 impendendum

501 3152 658 3257 Templo
676 3153 872 3229 servicium
891 3153 1125 3231 redderetur.

557 3280 615 3358 Ad
628 3310 701 3388 que
717 3285 841 3359 omnia
857 3284 1089 3388 respondens
1109 3282 1200 3383 dixit
1214 3283 1252 3357 in
1267 3310 1307 3358 se
1321 3281 1423 3360 nulla
1438 3311 1518 3359 esse
1533 3310 1602 3358 nec
1618 3280 1760 3387 aliquid
1780 3281 1827 3358 de
1842 3311 1921 3387 pre·

502 3409 621 3487 dictis.
644 3412 741 3489 Sunt
758 3429 794 3488 et
814 3412 883 3487 alia
903 3412 1096 3518 pluraque
1117 3412 1262 3516 quesita
1279 3409 1431 3505 fuemnt
1446 3411 1568 3499 aben,
1586 3411 1634 3486 de
1650 3409 1788 3516 quibus
1800 3413 1921 3517 agitur

502 3556 539 3615 et
559 3539 734 3617 seriosius
754 3542 941 3618 invenitur
960 3541 1132 3646 superius
1147 3541 1186 3617 in
1204 3541 1442 3646 deposicione
1462 3540 1584 3616 lratris
1598 3539 1859 3646 Bartholomey
1874 3544 1920 3617 de

501 3671 621 3746 Turre
640 3672 835 3776 presbiteri
858 3689 895 3748 et
912 3672 1087 3777 capellani
1111 3671 1208 3748 dicte
1227 3673 1361 3748 domus
1378 3670 1495 3750 Mansi
1510 3671 1597 3759 Dei,
1614 3671 1724 3776 primi
1746 3671 1867 3758 testis,
1884 3687 1920 3747 et

502 3800 709 3906 dequibus
737 3830 757 3876 a
783 3802 942 3906 receptis
961 3800 1137 3878 fratribus
1163 3801 1364 3906 inquiritur
1387 3799 1616 3906 reeepcionis
1644 3827 1710 3875 sue
1731 3817 1917 3904 tempore,

500 3947 613 4036 prout
636 3931 675 4006 in
692 3931 789 4008 libro
809 3948 1031 4007 statutorum
1058 3947 1094 4007 et
1112 3931 1240 4037 regule
1262 3931 1349 4006 dicti
1372 3929 1529 4017 ordinis,
1555 3929 1789 4034 quemidcm
1807 3927 1919 4006 frater

500 4059 782 4137 Bartholomeus
801 4060 969 4137 exhibuit
984 4060 1083 4137 dicto
1099 4060 1254 4137 domino
1271 4060 1446 4165 episcopo
1466 4058 1669 4165 inquirenti
1689 4071 1728 4135 et
1746 4058 1916 4146 tradidit,

501 4191 723 4266 continetur.

519 4374 522 4379 -
556 4320 613 4396 Ad
632 4321 764 4399 lxxxvn
784 4339 822 4398 et
837 4322 983 4400 lxxxviii
1003 4340 1040 4400 et
1058 4322 1235 4399 ultimum
1257 4319 1430 4398 articulos
1452 4319 1649 4426 diligenter
1673 4335 1711 4394 et
1732 4317 1917 4424 sigillatim

500 4452 763 4557 interrogatus,
791 4453 882 4529 dixit
905 4480 944 4531 se
969 4452 1084 4529 nichil
1108 4453 1200 4528 scire
1221 4480 1291 4528 nec
1309 4451 1460 4528 credere
1481 4449 1624 4556 aliquid
1642 4448 1699 4525 vel
1722 4447 1846 4555 aliqua
1871 4449 1916 4525 de

501 4583 682 4658 contentis
700 4583 739 4658 in
756 4583 821 4659 eis.
1483 4667 1487 4670 ,

557 4713 678 4817 Super
697 4713 777 4789 aliis
792 4739 877 4789 vero
893 4713 1183 4789 circumstanciis
1197 4729 1234 4788 et
1247 4710 1509 4791 coherentibus
1524 4709 1688 4786 articulis
1703 4709 1918 4815 prescriptis

501 4841 697 4950 diligenter
710 4844 926 4950 requisitus,
949 4843 1041 4919 dixit
1060 4871 1098 4921 se
1119 4842 1234 4919 nichil
1246 4870 1315 4919 nec
1328 4840 1449 4947 aliqua
1461 4840 1568 4945 plura
1576 4839 1671 4922 scire
1685 4867 1798 4946 quam
1813 4838 1917 4916 dixit.
