4236 5948
490 543 562 617 tna
875 523 1071 617 raucus
1097 544 1192 614 ons
1218 541 1517 614 rennuens.

488 686 656 764 confiteri
687 714 752 763 sua
772 701 918 790 peccata
942 683 1124 791 religiosis
1156 682 1331 762 fratribus
1350 683 1565 789 presbiteris
1585 682 1737 761 alterius
1759 683 1909 792 religio-

488 819 545 894 nis
565 817 781 925 approbate,
808 833 845 891 et
870 815 908 890 in
934 842 1065 892 eorum
1094 814 1296 892 deflectum
1320 832 1477 920 possunt
1500 814 1655 892 licenter
1679 814 1750 892 sibi
1772 814 1908 922 eligere

486 949 734 1053 presbiterum
761 947 980 1035 secularem,
1004 946 1062 1022 cui
1093 976 1158 1023 sua
1192 947 1401 1023 secundum
1432 945 1623 1022 veritatem
1660 944 1909 1023 confiteantur

486 1097 648 1186 peccata,
672 1096 710 1155 et
729 1078 775 1153 ab
795 1105 840 1153 eo
865 1077 1043 1181 recipiant
1058 1077 1305 1181 penitenciam
1319 1077 1528 1154 salutarem.
1544 1076 1592 1152 Et
1610 1077 1664 1153 sic
1679 1076 1726 1154 de
1744 1105 1849 1154 more
1871 1095 1909 1155 et

364 1210 366 1215 ’
486 1209 755 1287 consuetudine
776 1207 869 1284 dixit
883 1236 964 1284 esse
985 1208 1126 1284 ordinis
1147 1208 1360 1313 supradicti.
1432 1270 1441 1302 ,Ἴ

539 1339 597 1417 Ad
616 1338 851 1416 lxxv-lxxxx
870 1336 1043 1414 articulos
1058 1337 1250 1427 inclusive,
1273 1338 1469 1443 diligenter
1488 1354 1525 1413 et
1543 1335 1728 1443 sigillatim
1749 1339 1908 1416 interro·

483 1487 605 1576 gatus,
628 1468 858 1575 respondens
875 1469 1019 1577 negavit
1039 1469 1209 1545 universa
1225 1486 1262 1545 et
1280 1468 1422 1575 singtda
1443 1469 1482 1543 in
1503 1466 1613 1544 dictis
1637 1468 1800 1546 articulis
1821 1497 1909 1546 con·

486 1619 600 1689 tenta;
623 1599 786 1676 adiciens
802 1599 906 1706 quod
922 1599 1042 1677 dictos
1063 1627 1207 1677 errores
1227 1600 1276 1677 de
1296 1599 1435 1705 quibus
1454 1599 1576 1704 agitur
1593 1599 1725 1705 corrigi
1746 1601 1786 1674 in
1806 1599 1907 1677 dicto

354 1808 357 1816 ,
484 1732 614 1808 ordine
645 1733 740 1808 etin
767 1729 875 1807 dictis
897 1730 1071 1807 fratribus
1097 1758 1248 1807 necesse
1275 1758 1349 1806 non
1376 1728 1462 1816 luit,
1489 1758 1558 1804 nec
1582 1730 1748 1805 nunciari
1776 1729 1909 1808 debuit

483 1862 644 1940 Ecclesia
665 1891 765 1938 sacre
790 1863 878 1949 Dei,
902 1890 946 1939 eo
964 1860 1069 1967 quod
1087 1889 1271 1968 nusquam
1291 1861 1331 1937 in
1352 1860 1452 1937 dicto
1473 1859 1604 1937 ordine
1622 1859 1791 1949 fuerunt,
1813 1861 1907 1938 sicut

482 1993 561 2096 ipse
586 1994 655 2070 scit
675 2010 712 2070 et
729 1992 863 2081 credit,
893 2020 963 2069 nec
981 1991 1122 2068 discedi
1143 1993 1308 2097 oportuit
1329 1991 1375 2068 ab
1391 1989 1463 2067 illis
1480 2018 1555 2097 que
1580 2019 1649 2067 nec
1667 1990 1819 2068 fuerunt
1838 2019 1906 2068 nec

403 2215 406 2221 y
483 2124 599 2201 auditi
615 2141 718 2211 sunt,
735 2139 846 2228 prout
856 2122 993 2224 credit,
1009 2121 1105 2198 etde
1120 2150 1160 2198 se
1175 2121 1248 2199 hoc
1265 2122 1348 2213 scit,
1364 2138 1401 2198 et
1414 2120 1532 2198 credit
1548 2122 1650 2209 idem
1665 2120 1712 2199 de
1722 2121 1804 2198 aliis
1816 2151 1906 2200 con-

483 2253 658 2330 fratribus
675 2254 843 2358 ejusdem
864 2233 1016 2330 ordinis.

539 2383 597 2459 Ad
609 2382 718 2460 lxxxn
731 2384 927 2460 articulum
937 2383 1135 2489 diligenter
1149 2389 1414 2492 interrogatus,
1428 2384 1659 2490 respondens
1676 2383 1767 2461 dixit
1780 2413 1905 2463 senon

483 2515 633 2592 credere
662 2516 867 2621 predictam
896 2515 1178 2594 multitudinem
1207 2515 1361 2595 fratrum
1387 2516 1433 2593 de
1459 2544 1533 2623 qua
1557 2517 1677 2622 agitur
1705 2517 1744 2592 in
1769 2517 1905 2594 eodem

481 2646 595 2724 fuisse
623 2645 830 2724 confessam
857 2647 904 2723 de
930 2673 976 2724 eo
1002 2675 1078 2753 quo
1101 2648 1331 2724 mentionem
1361 2646 1447 2723 facit
1469 2645 1660 2736 articulus,
1690 2664 1727 2724 et
1753 2648 1783 2726 si
1809 2646 1905 2725 forte

482 2778 708 2854 contrarium
733 2777 781 2854 sit
802 2776 968 2854 confessa
992 2776 1193 2855 multitudo
1217 2775 1371 2855 fratrum
1400 2778 1581 2882 predicta,
1606 2777 1725 2855 credit
1748 2775 1906 2856 firmiter

481 2907 676 2984 falsitatem
695 2936 826 3015 puram
849 2937 928 2984 eam
952 2937 1030 2986 esse
1055 2908 1270 2986 confessam.

536 3039 594 3117 ad
612 3039 751 3128 lxxxru,
773 3039 910 3117 lxxxuu
930 3056 967 3117 et
987 3040 1092 3118 lxxxv
1113 3039 1288 3117 articulos
1301 3039 1489 3128 inclusive,
1507 3038 1704 3146 diligenter
1720 3057 1758 3118 et
1771 3040 1905 3147 sigilla·

480 3171 547 3246 tint
572 3171 834 3276 interrogatus,
859 3170 1052 3276 respondit
1084 3186 1121 3247 et
1150 3170 1243 3247 dixit
1267 3170 1386 3277 quod,
1413 3170 1501 3277 quia
1529 3170 1782 3249 sanctissimus
1800 3189 1905 3276 pater

480 3319 517 3377 et
533 3301 707 3377 dominus
728 3317 855 3377 noster
874 3301 1052 3378 dominus
1072 3329 1166 3407 papa
1185 3301 1314 3377 asserit
1333 3301 1372 3376 in
1391 3329 1458 3378 sua
1473 3300 1593 3378 littera
1610 3317 1646 3377 et
1662 3300 1800 3378 fatetur
1819 3330 1904 3406 pre·

481 3430 599 3506 dictos
619 3431 749 3508 fratres
764 3430 904 3508 ordinis
917 3431 1064 3537 Templi
1079 3459 1203 3508 coram
1217 3460 1256 3508 se
1278 3448 1315 3508 et
1333 3433 1546 3509 reverendis
1562 3432 1724 3511 dominis
1738 3432 1904 3510 cardina·

448 3627 451 3633 .
480 3560 577 3636 libus
607 3561 794 3638 confessos
817 3588 894 3638 esse
921 3590 1065 3639 errores
1087 3561 1133 3639 de
1159 3562 1295 3669 quibus
1315 3563 1436 3670 agitur
1459 3564 1497 3639 in
1523 3562 1685 3640 articulis
1708 3563 1901 3669 predictis,

480 3691 598 3768 credit
615 3691 751 3769 dictam
772 3691 1040 3770 confessionem
1059 3721 1137 3770 esse
1158 3693 1292 3770 factam
1307 3693 1353 3770 ah
1373 3693 1445 3771 illis
1460 3711 1761 3800 quantecumque
1782 3693 1904 3770 multi·

478 3822 622 3899 tudinis
640 3821 696 3898 vel
715 3822 863 3900 numeri
877 3822 1015 3899 fuerint
1029 3823 1117 3899 dicti
1134 3823 1280 3912 fratres,
1298 3823 1391 3899 dixit
1409 3843 1534 3902 tarnen
1550 3842 1587 3901 et
1599 3824 1745 3902 addidit
1762 3823 1823 3900 hic
1839 3823 1901 3929 qui

478 3952 645 4059 loquitur
663 3952 851 4059 predictos
871 3952 999 4031 fratres
1015 3983 1145 4032 omnes
1161 3972 1198 4031 et
1216 3954 1382 4059 singulos
1395 3953 1601 4042 confessos,
1619 3971 1662 4031 ut
1681 3954 1826 4045 asserit,
1843 3952 1902 4031 fal·

478 4086 623 4162 sitatem
644 4112 775 4189 puram
794 4102 831 4160 et
848 4099 976 4161 contra
992 4085 1184 4161 veritatem
1203 4111 1276 4190 que
1300 4085 1402 4161 Deus
1420 4101 1475 4161 est
1493 4084 1644 4172 dixisse,
1668 4102 1704 4160 et
1728 4085 1902 4162 mentitos

479 4243 557 4291 esse
578 4216 615 4290 in
636 4215 757 4320 capud
774 4243 886 4291 suum
907 4232 943 4290 et
957 4240 1025 4318 per
1043 4213 1146 4319 gulas
1159 4243 1243 4291 suas
1255 4213 1379 4302 falsas,
1401 4215 1495 4291 salva
1515 4242 1664 4321 semper
1684 4213 1900 4291 excellentia

478 4363 515 4420 et
532 4345 721 4422 sanctitate
746 4344 888 4422 domini
910 4345 1026 4422 nostri
1046 4373 1140 4450 pape
1160 4362 1198 4421 et
1217 4374 1283 4421 sue
1304 4346 1412 4423 Sedis
1432 4345 1648 4451 apostolice,
1666 4372 1812 4422 necnon
1829 4343 1897 4421 do-

478 4477 666 4552 minorum
694 4475 936 4553 cardinalium
968 4492 1005 4552 et
1033 4476 1125 4552 sacri
1153 4477 1361 4552 consistorii
1389 4477 1488 4553 sedis
1513 4478 1593 4585 ejus
1628 4478 1839 4554 reverencia
1866 4482 1918 4554 et'

479 4603 632 4683 honore.

536 4735 594 4811 td
612 4735 730 4815 lxxxvi
759 4738 957 4816 articulum
980 4739 1178 4846 diligenter
1197 4741 1458 4847 interrogatus,
1482 4741 1575 4816 dixit
1593 4741 1697 4848 quod
1723 4743 1803 4846 ipse
1831 4740 1903 4815 fuit

429 4896 438 4916 ·
477 4884 647 4971 receptus
663 4868 701 4943 in
718 4867 869 4946 fratrent
890 4869 978 4946 dicti
1000 4870 1143 4948 ordinis
1158 4872 1197 4945 in
1218 4871 1369 4948 ecclesia
1391 4899 1457 4949 seu
1477 4870 1615 4979 capella
1633 4872 1770 4950 domus
1789 4874 1902 4948 Tem·
1985 4956 1989 4962 ,
