<?xml version="1.0" encoding="UTF-8"?>
<!DOCTYPE html PUBLIC "-//W3C//DTD XHTML 1.0 Transitional//EN"
    "http://www.w3.org/TR/xhtml1/DTD/xhtml1-transitional.dtd">
<html xmlns="http://www.w3.org/1999/xhtml" xml:lang="en" lang="en">
 <head>
  <title>
</title>
<meta http-equiv="Content-Type" content="text/html;charset=utf-8" />
  <meta name='ocr-system' content='tesseract 3.04.00' />
  <meta name='ocr-capabilities' content='ocr_page ocr_carea ocr_par ocr_line ocrx_word'/>
</head>
<body>
  <div class='ocr_page' id='page_1' title='image "./procsdestemplie00defegoog/procsdestemplie00defegoog_0086.png"; bbox 0 0 4236 5948; ppageno 0'>
   <div class='ocr_carea' id='block_1_1' title="bbox 734 505 1767 605">
    <p class='ocr_par' dir='ltr' id='par_1_1' title="bbox 734 505 1767 605">
     <span class='ocr_line' id='line_1_1' title="bbox 734 505 1767 605; baseline 0.01 -10"><span class='ocrx_word' id='word_1_1' title='bbox 734 505 932 596; x_wconf 77' lang='lat' dir='ltr'>rnochs</span> <span class='ocrx_word' id='word_1_2' title='bbox 959 525 1053 596; x_wconf 82' lang='lat' dir='ltr'>uns</span> <span class='ocrx_word' id='word_1_3' title='bbox 1080 525 1380 599; x_wconf 80' lang='lat' dir='ltr'>rnnrmans.</span> <span class='ocrx_word' id='word_1_4' title='bbox 1720 533 1767 605; x_wconf 78' lang='lat' dir='ltr'>os</span> 
     </span>
    </p>
   </div>
   <div class='ocr_carea' id='block_1_2' title="bbox 341 662 1769 4303">
    <p class='ocr_par' dir='ltr' id='par_1_2' title="bbox 341 662 1769 4303">
     <span class='ocr_line' id='line_1_2' title="bbox 345 662 1769 773; baseline 0.004 -29"><span class='ocrx_word' id='word_1_5' title='bbox 345 666 447 773; x_wconf 91' lang='lat' dir='ltr'>quod</span> <span class='ocrx_word' id='word_1_6' title='bbox 463 692 540 740; x_wconf 91' lang='lat' dir='ltr'>non</span> <span class='ocrx_word' id='word_1_7' title='bbox 557 662 701 741; x_wconf 91' lang='lat' dir='ltr'>viderat</span> <span class='ocrx_word' id='word_1_8' title='bbox 716 663 942 743; x_wconf 90' lang='lat' dir='ltr'>intervenire</span> <span class='ocrx_word' id='word_1_9' title='bbox 958 664 1087 741; x_wconf 91' lang='lat' dir='ltr'>illicita</span> <span class='ocrx_word' id='word_1_10' title='bbox 1104 667 1272 771; x_wconf 87' lang='lat' dir='ltr'>predicta</span> <span class='ocrx_word' id='word_1_11' title='bbox 1291 666 1330 742; x_wconf 92' lang='lat' dir='ltr'>in</span> <span class='ocrx_word' id='word_1_12' title='bbox 1350 669 1570 773; x_wconf 87' lang='lat' dir='ltr'>recepcione</span> <span class='ocrx_word' id='word_1_13' title='bbox 1595 673 1683 748; x_wconf 90' lang='lat' dir='ltr'>dicti</span> <span class='ocrx_word' id='word_1_14' title='bbox 1701 673 1769 749; x_wconf 89' lang='lat' dir='ltr'>Ge-</span> 
     </span>
     <span class='ocr_line' id='line_1_3' title="bbox 344 795 1768 908; baseline 0.004 -36"><span class='ocrx_word' id='word_1_15' title='bbox 344 796 458 882; x_wconf 87' lang='lat' dir='ltr'>raldi,</span> <span class='ocrx_word' id='word_1_16' title='bbox 481 795 607 871; x_wconf 90' lang='lat' dir='ltr'>statim</span> <span class='ocrx_word' id='word_1_17' title='bbox 631 823 717 870; x_wconf 91' lang='lat' dir='ltr'>cum</span> <span class='ocrx_word' id='word_1_18' title='bbox 739 796 912 873; x_wconf 89' lang='lat' dir='ltr'>avisasset</span> <span class='ocrx_word' id='word_1_19' title='bbox 932 823 989 885; x_wconf 93' lang='lat' dir='ltr'>se,</span> <span class='ocrx_word' id='word_1_20' title='bbox 1015 796 1107 871; x_wconf 83' lang='lat' dir='ltr'>dixit</span> <span class='ocrx_word' id='word_1_21' title='bbox 1126 797 1232 901; x_wconf 95' lang='lat' dir='ltr'>quod</span> <span class='ocrx_word' id='word_1_22' title='bbox 1253 825 1294 872; x_wconf 90' lang='lat' dir='ltr'>ea</span> <span class='ocrx_word' id='word_1_23' title='bbox 1315 798 1458 875; x_wconf 91' lang='lat' dir='ltr'>viderat</span> <span class='ocrx_word' id='word_1_24' title='bbox 1478 799 1571 876; x_wconf 87' lang='lat' dir='ltr'>fieri.</span> <span class='ocrx_word' id='word_1_25' title='bbox 1596 802 1768 908; x_wconf 86' lang='lat' dir='ltr'>Requisi-</span> 
     </span>
     <span class='ocr_line' id='line_1_4' title="bbox 344 926 1766 1035; baseline 0.001 -30"><span class='ocrx_word' id='word_1_26' title='bbox 344 948 403 1005; x_wconf 93' lang='lat' dir='ltr'>tus</span> <span class='ocrx_word' id='word_1_27' title='bbox 418 928 504 1034; x_wconf 90' lang='lat' dir='ltr'>quis</span> <span class='ocrx_word' id='word_1_28' title='bbox 524 953 656 1003; x_wconf 92' lang='lat' dir='ltr'>eorum</span> <span class='ocrx_word' id='word_1_29' title='bbox 678 926 801 1031; x_wconf 90' lang='lat' dir='ltr'>primo</span> <span class='ocrx_word' id='word_1_30' title='bbox 817 927 907 1003; x_wconf 87' lang='lat' dir='ltr'>lecit</span> <span class='ocrx_word' id='word_1_31' title='bbox 928 926 1025 1002; x_wconf 85' lang='lat' dir='ltr'>dicta</span> <span class='ocrx_word' id='word_1_32' title='bbox 1041 927 1187 1016; x_wconf 87' lang='lat' dir='ltr'>illicita,</span> <span class='ocrx_word' id='word_1_33' title='bbox 1210 928 1408 1035; x_wconf 80' lang='lat' dir='ltr'>respondit</span> <span class='ocrx_word' id='word_1_34' title='bbox 1422 959 1461 1006; x_wconf 92' lang='lat' dir='ltr'>se</span> <span class='ocrx_word' id='word_1_35' title='bbox 1477 958 1553 1007; x_wconf 90' lang='lat' dir='ltr'>non</span> <span class='ocrx_word' id='word_1_36' title='bbox 1566 935 1766 1009; x_wconf 89' lang='lat' dir='ltr'>recordari.</span> 
     </span>
     <span class='ocr_line' id='line_1_5' title="bbox 344 1054 1768 1169; baseline 0.004 -34"><span class='ocrx_word' id='word_1_37' title='bbox 344 1057 560 1164; x_wconf 86' lang='lat' dir='ltr'>Requisitus</span> <span class='ocrx_word' id='word_1_38' title='bbox 579 1057 643 1163; x_wconf 92' lang='lat' dir='ltr'>qui</span> <span class='ocrx_word' id='word_1_39' title='bbox 664 1054 820 1134; x_wconf 87' lang='lat' dir='ltr'>fuerunt</span> <span class='ocrx_word' id='word_1_40' title='bbox 838 1073 1031 1164; x_wconf 83' lang='lat' dir='ltr'><strong>presentes</strong></span> <span class='ocrx_word' id='word_1_41' title='bbox 1055 1060 1208 1164; x_wconf 90' lang='lat' dir='ltr'>quando</span> <span class='ocrx_word' id='word_1_42' title='bbox 1231 1060 1352 1137; x_wconf 91' lang='lat' dir='ltr'>dictus</span> <span class='ocrx_word' id='word_1_43' title='bbox 1372 1059 1558 1138; x_wconf 89' lang='lat' dir='ltr'>Geraldus</span> <span class='ocrx_word' id='word_1_44' title='bbox 1577 1061 1664 1140; x_wconf 86' lang='lat' dir='ltr'>lecit</span> <span class='ocrx_word' id='word_1_45' title='bbox 1684 1093 1768 1169; x_wconf 91' lang='lat' dir='ltr'>pre-</span> 
     </span>
     <span class='ocr_line' id='line_1_6' title="bbox 345 1187 1765 1295; baseline 0 -28"><span class='ocrx_word' id='word_1_46' title='bbox 345 1191 439 1267; x_wconf 88' lang='lat' dir='ltr'>dicta</span> <span class='ocrx_word' id='word_1_47' title='bbox 460 1187 588 1264; x_wconf 88' lang='lat' dir='ltr'>illicita</span> <span class='ocrx_word' id='word_1_48' title='bbox 603 1188 642 1263; x_wconf 95' lang='lat' dir='ltr'>in</span> <span class='ocrx_word' id='word_1_49' title='bbox 663 1189 799 1265; x_wconf 91' lang='lat' dir='ltr'>eodem</span> <span class='ocrx_word' id='word_1_50' title='bbox 814 1189 898 1267; x_wconf 91' lang='lat' dir='ltr'>loco</span> <span class='ocrx_word' id='word_1_51' title='bbox 914 1189 953 1264; x_wconf 93' lang='lat' dir='ltr'>in</span> <span class='ocrx_word' id='word_1_52' title='bbox 969 1217 1045 1294; x_wconf 94' lang='lat' dir='ltr'>quo</span> <span class='ocrx_word' id='word_1_53' title='bbox 1063 1190 1239 1295; x_wconf 77' lang='lat' dir='ltr'>deposuit</span> <span class='ocrx_word' id='word_1_54' title='bbox 1258 1218 1296 1267; x_wconf 92' lang='lat' dir='ltr'>se</span> <span class='ocrx_word' id='word_1_55' title='bbox 1318 1192 1484 1295; x_wconf 87' lang='lat' dir='ltr'>predicta</span> <span class='ocrx_word' id='word_1_56' title='bbox 1506 1192 1652 1285; x_wconf 88' lang='lat' dir='ltr'>fecisse,</span> <span class='ocrx_word' id='word_1_57' title='bbox 1676 1212 1714 1270; x_wconf 90' lang='lat' dir='ltr'>et</span> <span class='ocrx_word' id='word_1_58' title='bbox 1738 1197 1765 1271; x_wconf 92' lang='lat' dir='ltr'>si</span> 
     </span>
     <span class='ocr_line' id='line_1_7' title="bbox 344 1318 1766 1431; baseline 0.001 -34"><span class='ocrx_word' id='word_1_59' title='bbox 344 1320 412 1397; x_wconf 87' lang='lat' dir='ltr'>fuit</span> <span class='ocrx_word' id='word_1_60' title='bbox 435 1319 568 1396; x_wconf 91' lang='lat' dir='ltr'>eadem</span> <span class='ocrx_word' id='word_1_61' title='bbox 595 1348 700 1408; x_wconf 88' lang='lat' dir='ltr'>crux,</span> <span class='ocrx_word' id='word_1_62' title='bbox 730 1318 926 1425; x_wconf 84' lang='lat' dir='ltr'><strong>respondit</strong></span> <span class='ocrx_word' id='word_1_63' title='bbox 945 1319 1049 1425; x_wconf 86' lang='lat' dir='ltr'>qnod</span> <span class='ocrx_word' id='word_1_64' title='bbox 1070 1320 1133 1396; x_wconf 88' lang='lat' dir='ltr'>sic.</span> <span class='ocrx_word' id='word_1_65' title='bbox 1158 1322 1271 1408; x_wconf 90' lang='lat' dir='ltr'>Item,</span> <span class='ocrx_word' id='word_1_66' title='bbox 1305 1321 1397 1396; x_wconf 80' lang='lat' dir='ltr'>dixit</span> <span class='ocrx_word' id='word_1_67' title='bbox 1424 1350 1462 1398; x_wconf 88' lang='lat' dir='ltr'>se</span> <span class='ocrx_word' id='word_1_68' title='bbox 1484 1324 1637 1401; x_wconf 88' lang='lat' dir='ltr'>credere</span> <span class='ocrx_word' id='word_1_69' title='bbox 1663 1327 1766 1431; x_wconf 92' lang='lat' dir='ltr'>quod</span> 
     </span>
     <span class='ocr_line' id='line_1_8' title="bbox 344 1448 1767 1556; baseline 0.003 -30"><span class='ocrx_word' id='word_1_70' title='bbox 344 1477 474 1526; x_wconf 92' lang='lat' dir='ltr'>eorum</span> <span class='ocrx_word' id='word_1_71' title='bbox 498 1448 709 1526; x_wconf 74' lang='lat' dir='ltr'>sacerdotes</span> <span class='ocrx_word' id='word_1_72' title='bbox 725 1449 853 1527; x_wconf 92' lang='lat' dir='ltr'>debite</span> <span class='ocrx_word' id='word_1_73' title='bbox 880 1449 1129 1538; x_wconf 81' lang='lat' dir='ltr'>celebrarent,</span> <span class='ocrx_word' id='word_1_74' title='bbox 1153 1468 1191 1526; x_wconf 91' lang='lat' dir='ltr'>et</span> <span class='ocrx_word' id='word_1_75' title='bbox 1217 1451 1322 1556; x_wconf 93' lang='lat' dir='ltr'>quod</span> <span class='ocrx_word' id='word_1_76' title='bbox 1343 1451 1404 1527; x_wconf 87' lang='lat' dir='ltr'>alii</span> <span class='ocrx_word' id='word_1_77' title='bbox 1424 1450 1554 1530; x_wconf 81' lang='lat' dir='ltr'>fratres</span> <span class='ocrx_word' id='word_1_78' title='bbox 1570 1456 1767 1531; x_wconf 87' lang='lat' dir='ltr'>crederent</span> 
     </span>
     <span class='ocr_line' id='line_1_9' title="bbox 345 1579 1765 1685; baseline -0.001 -27"><span class='ocrx_word' id='word_1_79' title='bbox 345 1580 599 1658; x_wconf 88' lang='lat' dir='ltr'>ecclesiasticis</span> <span class='ocrx_word' id='word_1_80' title='bbox 628 1580 884 1667; x_wconf 89' lang='lat' dir='ltr'>sacramentis,</span> <span class='ocrx_word' id='word_1_81' title='bbox 912 1579 1052 1685; x_wconf 91' lang='lat' dir='ltr'>quibus</span> <span class='ocrx_word' id='word_1_82' title='bbox 1075 1581 1153 1685; x_wconf 91' lang='lat' dir='ltr'>ipse</span> <span class='ocrx_word' id='word_1_83' title='bbox 1175 1580 1362 1657; x_wconf 87' lang='lat' dir='ltr'>credebat.</span> <span class='ocrx_word' id='word_1_84' title='bbox 1391 1581 1544 1658; x_wconf 89' lang='lat' dir='ltr'>Dictum</span> <span class='ocrx_word' id='word_1_85' title='bbox 1571 1583 1642 1660; x_wconf 81' lang='lat' dir='ltr'>luit</span> <span class='ocrx_word' id='word_1_86' title='bbox 1670 1585 1702 1660; x_wconf 91' lang='lat' dir='ltr'>ei</span> <span class='ocrx_word' id='word_1_87' title='bbox 1729 1586 1765 1658; x_wconf 89' lang='lat' dir='ltr'>in</span> 
     </span>
     <span class='ocr_line' id='line_1_10' title="bbox 342 1709 1768 1818; baseline -0.001 -29"><span class='ocrx_word' id='word_1_88' title='bbox 342 1712 561 1818; x_wconf 90' lang='lat' dir='ltr'>recepcione</span> <span class='ocrx_word' id='word_1_89' title='bbox 575 1739 641 1789; x_wconf 90' lang='lat' dir='ltr'>sua</span> <span class='ocrx_word' id='word_1_90' title='bbox 657 1712 761 1816; x_wconf 92' lang='lat' dir='ltr'>quod</span> <span class='ocrx_word' id='word_1_91' title='bbox 776 1709 901 1787; x_wconf 91' lang='lat' dir='ltr'>statim</span> <span class='ocrx_word' id='word_1_92' title='bbox 917 1739 985 1816; x_wconf 93' lang='lat' dir='ltr'>pro</span> <span class='ocrx_word' id='word_1_93' title='bbox 1001 1711 1168 1816; x_wconf 82' lang='lat' dir='ltr'>professo</span> <span class='ocrx_word' id='word_1_94' title='bbox 1182 1710 1403 1789; x_wconf 90' lang='lat' dir='ltr'>habebatur.</span> <span class='ocrx_word' id='word_1_95' title='bbox 1419 1712 1661 1790; x_wconf 90' lang='lat' dir='ltr'>Clandestine</span> <span class='ocrx_word' id='word_1_96' title='bbox 1678 1716 1768 1790; x_wconf 88' lang='lat' dir='ltr'>reci·</span> 
     </span>
     <span class='ocr_line' id='line_1_11' title="bbox 343 1842 1765 1949; baseline -0.001 -28"><span class='ocrx_word' id='word_1_97' title='bbox 343 1845 554 1949; x_wconf 88' lang='lat' dir='ltr'>piebantur,</span> <span class='ocrx_word' id='word_1_98' title='bbox 576 1842 691 1919; x_wconf 90' lang='lat' dir='ltr'>nullis</span> <span class='ocrx_word' id='word_1_99' title='bbox 712 1842 951 1948; x_wconf 83' lang='lat' dir='ltr'>presentibus</span> <span class='ocrx_word' id='word_1_100' title='bbox 976 1844 1046 1919; x_wconf 92' lang='lat' dir='ltr'>nisi</span> <span class='ocrx_word' id='word_1_101' title='bbox 1072 1842 1248 1919; x_wconf 87' lang='lat' dir='ltr'>fratribus</span> <span class='ocrx_word' id='word_1_102' title='bbox 1279 1843 1433 1920; x_wconf 91' lang='lat' dir='ltr'>ordinis.</span> <span class='ocrx_word' id='word_1_103' title='bbox 1465 1844 1642 1922; x_wconf 86' lang='lat' dir='ltr'>Cordulis</span> <span class='ocrx_word' id='word_1_104' title='bbox 1663 1846 1765 1920; x_wconf 92' lang='lat' dir='ltr'>unde</span> 
     </span>
     <span class='ocr_line' id='line_1_12' title="bbox 341 1972 1763 2082; baseline 0.002 -35"><span class='ocrx_word' id='word_1_105' title='bbox 341 1974 517 2051; x_wconf 92' lang='lat' dir='ltr'>volebant</span> <span class='ocrx_word' id='word_1_106' title='bbox 535 1974 735 2079; x_wconf 84' lang='lat' dir='ltr'>assumptis</span> <span class='ocrx_word' id='word_1_107' title='bbox 750 1972 997 2080; x_wconf 83' lang='lat' dir='ltr'>cingebantur</span> <span class='ocrx_word' id='word_1_108' title='bbox 1011 2003 1124 2078; x_wconf 91' lang='lat' dir='ltr'>super</span> <span class='ocrx_word' id='word_1_109' title='bbox 1145 1974 1312 2050; x_wconf 90' lang='lat' dir='ltr'>camisias</span> <span class='ocrx_word' id='word_1_110' title='bbox 1327 2003 1413 2050; x_wconf 91' lang='lat' dir='ltr'>cum</span> <span class='ocrx_word' id='word_1_111' title='bbox 1430 1975 1568 2080; x_wconf 91' lang='lat' dir='ltr'>quibus</span> <span class='ocrx_word' id='word_1_112' title='bbox 1578 1975 1763 2082; x_wconf 89' lang='lat' dir='ltr'>jacebant.</span> 
     </span>
     <span class='ocr_line' id='line_1_13' title="bbox 342 2101 1768 2210; baseline 0.001 -32"><span class='ocrx_word' id='word_1_113' title='bbox 342 2104 556 2210; x_wconf 88' lang='lat' dir='ltr'>lnjunctum</span> <span class='ocrx_word' id='word_1_114' title='bbox 576 2101 648 2181; x_wconf 83' lang='lat' dir='ltr'>luit</span> <span class='ocrx_word' id='word_1_115' title='bbox 668 2103 701 2178; x_wconf 90' lang='lat' dir='ltr'>ei</span> <span class='ocrx_word' id='word_1_116' title='bbox 726 2104 832 2209; x_wconf 93' lang='lat' dir='ltr'>quod</span> <span class='ocrx_word' id='word_1_117' title='bbox 852 2130 930 2180; x_wconf 91' lang='lat' dir='ltr'>non</span> <span class='ocrx_word' id='word_1_118' title='bbox 959 2104 1141 2180; x_wconf 85' lang='lat' dir='ltr'>revelaret</span> <span class='ocrx_word' id='word_1_119' title='bbox 1161 2122 1303 2180; x_wconf 88' lang='lat' dir='ltr'>secreta</span> <span class='ocrx_word' id='word_1_120' title='bbox 1327 2105 1579 2209; x_wconf 89' lang='lat' dir='ltr'>capitulorum</span> <span class='ocrx_word' id='word_1_121' title='bbox 1599 2133 1666 2181; x_wconf 91' lang='lat' dir='ltr'>nec</span> <span class='ocrx_word' id='word_1_122' title='bbox 1693 2134 1768 2181; x_wconf 93' lang='lat' dir='ltr'>mo·</span> 
     </span>
     <span class='ocr_line' id='line_1_14' title="bbox 343 2233 1767 2340; baseline 0.002 -32"><span class='ocrx_word' id='word_1_123' title='bbox 343 2233 435 2309; x_wconf 89' lang='lat' dir='ltr'>dum</span> <span class='ocrx_word' id='word_1_124' title='bbox 454 2233 683 2339; x_wconf 89' lang='lat' dir='ltr'>recepcionis</span> <span class='ocrx_word' id='word_1_125' title='bbox 704 2260 789 2317; x_wconf 84' lang='lat' dir='ltr'>sue,</span> <span class='ocrx_word' id='word_1_126' title='bbox 817 2248 854 2308; x_wconf 88' lang='lat' dir='ltr'>et</span> <span class='ocrx_word' id='word_1_127' title='bbox 875 2233 947 2309; x_wconf 86' lang='lat' dir='ltr'>fuit</span> <span class='ocrx_word' id='word_1_128' title='bbox 970 2235 1004 2308; x_wconf 92' lang='lat' dir='ltr'>ei</span> <span class='ocrx_word' id='word_1_129' title='bbox 1025 2234 1169 2309; x_wconf 91' lang='lat' dir='ltr'>dictum</span> <span class='ocrx_word' id='word_1_130' title='bbox 1189 2235 1295 2338; x_wconf 93' lang='lat' dir='ltr'>quod</span> <span class='ocrx_word' id='word_1_131' title='bbox 1316 2235 1346 2310; x_wconf 93' lang='lat' dir='ltr'>si</span> <span class='ocrx_word' id='word_1_132' title='bbox 1367 2237 1564 2326; x_wconf 88' lang='lat' dir='ltr'>revelaret,</span> <span class='ocrx_word' id='word_1_133' title='bbox 1592 2235 1767 2340; x_wconf 90' lang='lat' dir='ltr'>perderet</span> 
     </span>
     <span class='ocr_line' id='line_1_15' title="bbox 342 2363 1767 2472; baseline 0.001 -32"><span class='ocrx_word' id='word_1_134' title='bbox 342 2363 527 2441; x_wconf 89' lang='lat' dir='ltr'>habitum.</span> <span class='ocrx_word' id='word_1_135' title='bbox 555 2363 707 2472; x_wconf 83' lang='lat' dir='ltr'>Absque</span> <span class='ocrx_word' id='word_1_136' title='bbox 731 2364 902 2450; x_wconf 85' lang='lat' dir='ltr'>licencia,</span> <span class='ocrx_word' id='word_1_137' title='bbox 929 2383 1082 2471; x_wconf 84' lang='lat' dir='ltr'>excepto</span> <span class='ocrx_word' id='word_1_138' title='bbox 1106 2394 1194 2442; x_wconf 89' lang='lat' dir='ltr'>casu</span> <span class='ocrx_word' id='word_1_139' title='bbox 1219 2367 1464 2457; x_wconf 88' lang='lat' dir='ltr'>necessitatis,</span> <span class='ocrx_word' id='word_1_140' title='bbox 1489 2395 1566 2443; x_wconf 90' lang='lat' dir='ltr'>uon</span> <span class='ocrx_word' id='word_1_141' title='bbox 1591 2384 1767 2472; x_wconf 88' lang='lat' dir='ltr'>poterant</span> 
     </span>
     <span class='ocr_line' id='line_1_16' title="bbox 343 2495 1767 2574; baseline 0.002 -4"><span class='ocrx_word' id='word_1_142' title='bbox 343 2495 412 2571; x_wconf 91' lang='lat' dir='ltr'>nisi</span> <span class='ocrx_word' id='word_1_143' title='bbox 442 2496 700 2573; x_wconf 89' lang='lat' dir='ltr'>sacerdotibus</span> <span class='ocrx_word' id='word_1_144' title='bbox 725 2496 870 2574; x_wconf 81' lang='lat' dir='ltr'>ordinis</span> <span class='ocrx_word' id='word_1_145' title='bbox 895 2497 1080 2574; x_wconf 86' lang='lat' dir='ltr'>confiteri.</span> <span class='ocrx_word' id='word_1_146' title='bbox 1103 2500 1251 2574; x_wconf 86' lang='lat' dir='ltr'>Fratres</span> <span class='ocrx_word' id='word_1_147' title='bbox 1268 2499 1426 2574; x_wconf 90' lang='lat' dir='ltr'>scientes</span> <span class='ocrx_word' id='word_1_148' title='bbox 1446 2525 1592 2574; x_wconf 90' lang='lat' dir='ltr'>errores</span> <span class='ocrx_word' id='word_1_149' title='bbox 1612 2496 1767 2574; x_wconf 87' lang='lat' dir='ltr'>fuerunt</span> 
     </span>
     <span class='ocr_line' id='line_1_17' title="bbox 342 2627 1764 2735; baseline 0 -33"><span class='ocrx_word' id='word_1_150' title='bbox 342 2627 575 2735; x_wconf 86' lang='lat' dir='ltr'>negligentes</span> <span class='ocrx_word' id='word_1_151' title='bbox 594 2628 682 2734; x_wconf 83' lang='lat' dir='ltr'>quia</span> <span class='ocrx_word' id='word_1_152' title='bbox 702 2650 780 2706; x_wconf 86' lang='lat' dir='ltr'>non</span> <span class='ocrx_word' id='word_1_153' title='bbox 799 2646 1043 2706; x_wconf 82' lang='lat' dir='ltr'>correxerunt</span> <span class='ocrx_word' id='word_1_154' title='bbox 1068 2657 1132 2705; x_wconf 91' lang='lat' dir='ltr'>eos</span> <span class='ocrx_word' id='word_1_155' title='bbox 1152 2657 1221 2705; x_wconf 88' lang='lat' dir='ltr'>nec</span> <span class='ocrx_word' id='word_1_156' title='bbox 1246 2628 1569 2706; x_wconf 87' lang='lat' dir='ltr'>denunciaverunt</span> <span class='ocrx_word' id='word_1_157' title='bbox 1587 2627 1764 2705; x_wconf 78' lang='lat' dir='ltr'>Ecclesia.</span> 
     </span>
     <span class='ocr_line' id='line_1_18' title="bbox 343 2757 1765 2865; baseline -0.001 -30"><span class='ocrx_word' id='word_1_158' title='bbox 343 2759 466 2835; x_wconf 85' lang='lat' dir='ltr'>Nescit</span> <span class='ocrx_word' id='word_1_159' title='bbox 485 2757 516 2834; x_wconf 91' lang='lat' dir='ltr'>si</span> <span class='ocrx_word' id='word_1_160' title='bbox 538 2757 746 2836; x_wconf 89' lang='lat' dir='ltr'>elemosine</span> <span class='ocrx_word' id='word_1_161' title='bbox 772 2776 809 2836; x_wconf 89' lang='lat' dir='ltr'>et</span> <span class='ocrx_word' id='word_1_162' title='bbox 827 2759 1061 2865; x_wconf 87' lang='lat' dir='ltr'>hospitalitas</span> <span class='ocrx_word' id='word_1_163' title='bbox 1081 2759 1324 2836; x_wconf 86' lang='lat' dir='ltr'>servabantur</span> <span class='ocrx_word' id='word_1_164' title='bbox 1345 2759 1471 2835; x_wconf 92' lang='lat' dir='ltr'>debite</span> <span class='ocrx_word' id='word_1_165' title='bbox 1493 2760 1530 2833; x_wconf 93' lang='lat' dir='ltr'>in</span> <span class='ocrx_word' id='word_1_166' title='bbox 1554 2758 1688 2834; x_wconf 92' lang='lat' dir='ltr'>ordine</span> <span class='ocrx_word' id='word_1_167' title='bbox 1709 2759 1765 2834; x_wconf 91' lang='lat' dir='ltr'>vel</span> 
     </span>
     <span class='ocr_line' id='line_1_19' title="bbox 341 2887 1766 2996; baseline -0.001 -33"><span class='ocrx_word' id='word_1_168' title='bbox 341 2916 434 2976; x_wconf 88' lang='lat' dir='ltr'>non,</span> <span class='ocrx_word' id='word_1_169' title='bbox 456 2889 545 2996; x_wconf 89' lang='lat' dir='ltr'>quia</span> <span class='ocrx_word' id='word_1_170' title='bbox 564 2887 637 2964; x_wconf 84' lang='lat' dir='ltr'>fuit</span> <span class='ocrx_word' id='word_1_171' title='bbox 654 2905 803 2964; x_wconf 91' lang='lat' dir='ltr'>tantum</span> <span class='ocrx_word' id='word_1_172' title='bbox 819 2889 858 2964; x_wconf 93' lang='lat' dir='ltr'>in</span> <span class='ocrx_word' id='word_1_173' title='bbox 873 2887 1037 2994; x_wconf 85' lang='lat' dir='ltr'>quadam</span> <span class='ocrx_word' id='word_1_174' title='bbox 1057 2889 1173 2965; x_wconf 92' lang='lat' dir='ltr'>domo</span> <span class='ocrx_word' id='word_1_175' title='bbox 1193 2887 1338 2965; x_wconf 91' lang='lat' dir='ltr'>ordinis</span> <span class='ocrx_word' id='word_1_176' title='bbox 1353 2888 1453 2991; x_wconf 86' lang='lat' dir='ltr'>apud</span> <span class='ocrx_word' id='word_1_177' title='bbox 1472 2887 1670 2962; x_wconf 91' lang='lat' dir='ltr'>Belvaeum</span> <span class='ocrx_word' id='word_1_178' title='bbox 1688 2916 1766 2962; x_wconf 77' lang='lat' dir='ltr'>mo</span> 
     </span>
     <span class='ocr_line' id='line_1_20' title="bbox 343 3015 1764 3125; baseline 0 -33"><span class='ocrx_word' id='word_1_179' title='bbox 343 3036 459 3110; x_wconf 85' lang='lat' dir='ltr'>ratus,</span> <span class='ocrx_word' id='word_1_180' title='bbox 478 3020 516 3095; x_wconf 91' lang='lat' dir='ltr'>in</span> <span class='ocrx_word' id='word_1_181' title='bbox 533 3048 607 3125; x_wconf 87' lang='lat' dir='ltr'>qua</span> <span class='ocrx_word' id='word_1_182' title='bbox 623 3047 699 3096; x_wconf 92' lang='lat' dir='ltr'>non</span> <span class='ocrx_word' id='word_1_183' title='bbox 716 3035 796 3095; x_wconf 87' lang='lat' dir='ltr'>erat</span> <span class='ocrx_word' id='word_1_184' title='bbox 810 3035 1035 3097; x_wconf 89' lang='lat' dir='ltr'>consuetum</span> <span class='ocrx_word' id='word_1_185' title='bbox 1052 3015 1274 3095; x_wconf 86' lang='lat' dir='ltr'>elemosinas</span> <span class='ocrx_word' id='word_1_186' title='bbox 1288 3015 1371 3094; x_wconf 86' lang='lat' dir='ltr'>lieri</span> <span class='ocrx_word' id='word_1_187' title='bbox 1388 3044 1457 3091; x_wconf 89' lang='lat' dir='ltr'>nec</span> <span class='ocrx_word' id='word_1_188' title='bbox 1474 3015 1764 3120; x_wconf 85' lang='lat' dir='ltr'>hospitalitatem</span> 
     </span>
     <span class='ocr_line' id='line_1_21' title="bbox 342 3147 1762 3257; baseline -0.001 -32"><span class='ocrx_word' id='word_1_189' title='bbox 342 3151 488 3227; x_wconf 88' lang='lat' dir='ltr'>servari.</span> <span class='ocrx_word' id='word_1_190' title='bbox 510 3150 691 3229; x_wconf 91' lang='lat' dir='ltr'>Ordinata</span> <span class='ocrx_word' id='word_1_191' title='bbox 708 3178 776 3254; x_wconf 85' lang='lat' dir='ltr'>per</span> <span class='ocrx_word' id='word_1_192' title='bbox 791 3149 1009 3257; x_wconf 86' lang='lat' dir='ltr'>Magistrum</span> <span class='ocrx_word' id='word_1_193' title='bbox 1031 3177 1119 3225; x_wconf 90' lang='lat' dir='ltr'>cum</span> <span class='ocrx_word' id='word_1_194' title='bbox 1141 3164 1327 3226; x_wconf 85' lang='lat' dir='ltr'>conventu</span> <span class='ocrx_word' id='word_1_195' title='bbox 1343 3165 1446 3224; x_wconf 91' lang='lat' dir='ltr'>totus</span> <span class='ocrx_word' id='word_1_196' title='bbox 1461 3147 1555 3223; x_wconf 92' lang='lat' dir='ltr'>ordo</span> <span class='ocrx_word' id='word_1_197' title='bbox 1571 3167 1762 3238; x_wconf 88' lang='lat' dir='ltr'>servasset,</span> 
     </span>
     <span class='ocr_line' id='line_1_22' title="bbox 343 3277 1765 3388; baseline 0 -34"><span class='ocrx_word' id='word_1_198' title='bbox 343 3298 470 3357; x_wconf 92' lang='lat' dir='ltr'>contra</span> <span class='ocrx_word' id='word_1_199' title='bbox 487 3310 618 3387; x_wconf 89' lang='lat' dir='ltr'>quem,</span> <span class='ocrx_word' id='word_1_200' title='bbox 638 3297 792 3387; x_wconf 85' lang='lat' dir='ltr'>propter</span> <span class='ocrx_word' id='word_1_201' title='bbox 806 3279 990 3386; x_wconf 88' lang='lat' dir='ltr'>predicta,</span> <span class='ocrx_word' id='word_1_202' title='bbox 1007 3279 1162 3388; x_wconf 90' lang='lat' dir='ltr'>grandia</span> <span class='ocrx_word' id='word_1_203' title='bbox 1176 3277 1366 3369; x_wconf 86' lang='lat' dir='ltr'>scandala,</span> <span class='ocrx_word' id='word_1_204' title='bbox 1384 3277 1547 3383; x_wconf 88' lang='lat' dir='ltr'>suspicio</span> <span class='ocrx_word' id='word_1_205' title='bbox 1561 3295 1598 3354; x_wconf 93' lang='lat' dir='ltr'>et</span> <span class='ocrx_word' id='word_1_206' title='bbox 1614 3278 1765 3354; x_wconf 88' lang='lat' dir='ltr'>inlamia</span> 
     </span>
     <span class='ocr_line' id='line_1_23' title="bbox 343 3407 1766 3516; baseline -0.001 -31"><span class='ocrx_word' id='word_1_207' title='bbox 343 3427 429 3486; x_wconf 93' lang='lat' dir='ltr'>sunt</span> <span class='ocrx_word' id='word_1_208' title='bbox 453 3428 588 3488; x_wconf 84' lang='lat' dir='ltr'>exorta.</span> <span class='ocrx_word' id='word_1_209' title='bbox 614 3409 829 3489; x_wconf 77' lang='lat' dir='ltr'>Confessata</span> <span class='ocrx_word' id='word_1_210' title='bbox 855 3437 923 3515; x_wconf 88' lang='lat' dir='ltr'>por</span> <span class='ocrx_word' id='word_1_211' title='bbox 947 3439 1035 3486; x_wconf 90' lang='lat' dir='ltr'>eum</span> <span class='ocrx_word' id='word_1_212' title='bbox 1059 3410 1180 3486; x_wconf 87' lang='lat' dir='ltr'>credit</span> <span class='ocrx_word' id='word_1_213' title='bbox 1203 3407 1308 3516; x_wconf 91' lang='lat' dir='ltr'>quod</span> <span class='ocrx_word' id='word_1_214' title='bbox 1335 3425 1458 3484; x_wconf 89' lang='lat' dir='ltr'>esseut</span> <span class='ocrx_word' id='word_1_215' title='bbox 1478 3424 1567 3483; x_wconf 89' lang='lat' dir='ltr'>nota</span> <span class='ocrx_word' id='word_1_216' title='bbox 1591 3407 1766 3484; x_wconf 84' lang='lat' dir='ltr'>fratribus</span> 
     </span>
     <span class='ocr_line' id='line_1_24' title="bbox 344 3536 1766 3647; baseline -0.001 -33"><span class='ocrx_word' id='word_1_217' title='bbox 344 3540 503 3629; x_wconf 84' lang='lat' dir='ltr'>ordinis,</span> <span class='ocrx_word' id='word_1_218' title='bbox 524 3558 651 3617; x_wconf 86' lang='lat' dir='ltr'>contra</span> <span class='ocrx_word' id='word_1_219' title='bbox 665 3569 780 3647; x_wconf 89' lang='lat' dir='ltr'>quem</span> <span class='ocrx_word' id='word_1_220' title='bbox 797 3540 939 3617; x_wconf 91' lang='lat' dir='ltr'>audivit</span> <span class='ocrx_word' id='word_1_221' title='bbox 957 3539 1031 3616; x_wconf 92' lang='lat' dir='ltr'>dici</span> <span class='ocrx_word' id='word_1_222' title='bbox 1047 3566 1229 3647; x_wconf 87' lang='lat' dir='ltr'>magnum</span> <span class='ocrx_word' id='word_1_223' title='bbox 1243 3538 1465 3646; x_wconf 88' lang='lat' dir='ltr'>Magistrum</span> <span class='ocrx_word' id='word_1_224' title='bbox 1481 3555 1519 3613; x_wconf 89' lang='lat' dir='ltr'>et</span> <span class='ocrx_word' id='word_1_225' title='bbox 1533 3536 1625 3614; x_wconf 91' lang='lat' dir='ltr'>alios</span> <span class='ocrx_word' id='word_1_226' title='bbox 1643 3538 1766 3647; x_wconf 88' lang='lat' dir='ltr'>aliqua</span> 
     </span>
     <span class='ocr_line' id='line_1_25' title="bbox 344 3669 1763 3778; baseline -0.002 -31"><span class='ocrx_word' id='word_1_227' title='bbox 344 3670 454 3749; x_wconf 86' lang='lat' dir='ltr'>luisse</span> <span class='ocrx_word' id='word_1_228' title='bbox 476 3673 684 3762; x_wconf 76' lang='lat' dir='ltr'>confessos3</span> <span class='ocrx_word' id='word_1_229' title='bbox 707 3673 755 3748; x_wconf 92' lang='lat' dir='ltr'>ad</span> <span class='ocrx_word' id='word_1_230' title='bbox 775 3672 883 3778; x_wconf 89' lang='lat' dir='ltr'>cujus</span> <span class='ocrx_word' id='word_1_231' title='bbox 899 3670 1044 3748; x_wconf 90' lang='lat' dir='ltr'>ordinis</span> <span class='ocrx_word' id='word_1_232' title='bbox 1060 3670 1335 3748; x_wconf 81' lang='lat' dir='ltr'>deffensionem</span> <span class='ocrx_word' id='word_1_233' title='bbox 1350 3699 1406 3758; x_wconf 87' lang='lat' dir='ltr'>se,</span> <span class='ocrx_word' id='word_1_234' title='bbox 1430 3698 1473 3745; x_wconf 89' lang='lat' dir='ltr'>ex</span> <span class='ocrx_word' id='word_1_235' title='bbox 1493 3669 1662 3746; x_wconf 80' lang='lat' dir='ltr'>fatuitate</span> <span class='ocrx_word' id='word_1_236' title='bbox 1681 3700 1763 3760; x_wconf 90' lang='lat' dir='ltr'>sua,</span> 
     </span>
     <span class='ocr_line' id='line_1_26' title="bbox 344 3801 1763 3907; baseline -0.001 -29"><span class='ocrx_word' id='word_1_237' title='bbox 344 3801 550 3894; x_wconf 85' lang='lat' dir='ltr'>obtulerat,</span> <span class='ocrx_word' id='word_1_238' title='bbox 571 3804 668 3880; x_wconf 92' lang='lat' dir='ltr'>sicut</span> <span class='ocrx_word' id='word_1_239' title='bbox 688 3802 792 3879; x_wconf 84' lang='lat' dir='ltr'>dixit.</span> <span class='ocrx_word' id='word_1_240' title='bbox 816 3804 891 3878; x_wconf 90' lang='lat' dir='ltr'>Nec</span> <span class='ocrx_word' id='word_1_241' title='bbox 911 3802 963 3879; x_wconf 91' lang='lat' dir='ltr'>sic</span> <span class='ocrx_word' id='word_1_242' title='bbox 988 3803 1214 3907; x_wconf 88' lang='lat' dir='ltr'>deposuerat</span> <span class='ocrx_word' id='word_1_243' title='bbox 1237 3829 1364 3907; x_wconf 89' lang='lat' dir='ltr'>prece,</span> <span class='ocrx_word' id='word_1_244' title='bbox 1391 3817 1587 3905; x_wconf 86' lang='lat' dir='ltr'>precepto,</span> <span class='ocrx_word' id='word_1_245' title='bbox 1610 3801 1763 3889; x_wconf 90' lang='lat' dir='ltr'>timore,</span> 
     </span>
     <span class='ocr_line' id='line_1_27' title="bbox 344 3930 1766 4039; baseline -0.001 -31"><span class='ocrx_word' id='word_1_246' title='bbox 344 3961 486 4022; x_wconf 89' lang='lat' dir='ltr'>amore,</span> <span class='ocrx_word' id='word_1_247' title='bbox 510 3933 599 4011; x_wconf 87' lang='lat' dir='ltr'>odio</span> <span class='ocrx_word' id='word_1_248' title='bbox 616 3933 674 4010; x_wconf 91' lang='lat' dir='ltr'>vel</span> <span class='ocrx_word' id='word_1_249' title='bbox 689 3931 889 4039; x_wconf 89' lang='lat' dir='ltr'>temporali</span> <span class='ocrx_word' id='word_1_250' title='bbox 911 3933 1072 4010; x_wconf 92' lang='lat' dir='ltr'>comodo</span> <span class='ocrx_word' id='word_1_251' title='bbox 1092 3932 1222 4009; x_wconf 90' lang='lat' dir='ltr'>habito</span> <span class='ocrx_word' id='word_1_252' title='bbox 1243 3931 1301 4008; x_wconf 89' lang='lat' dir='ltr'>vel</span> <span class='ocrx_word' id='word_1_253' title='bbox 1322 3930 1516 4015; x_wconf 91' lang='lat' dir='ltr'>habendo,</span> <span class='ocrx_word' id='word_1_254' title='bbox 1539 3931 1605 4008; x_wconf 91' lang='lat' dir='ltr'>sed</span> <span class='ocrx_word' id='word_1_255' title='bbox 1620 3959 1690 4036; x_wconf 86' lang='lat' dir='ltr'>pro</span> <span class='ocrx_word' id='word_1_256' title='bbox 1706 3961 1766 4007; x_wconf 94' lang='lat' dir='ltr'>ve-</span> 
     </span>
     <span class='ocr_line' id='line_1_28' title="bbox 341 4061 1766 4170; baseline -0.001 -32"><span class='ocrx_word' id='word_1_257' title='bbox 341 4065 450 4142; x_wconf 90' lang='lat' dir='ltr'>ritate</span> <span class='ocrx_word' id='word_1_258' title='bbox 475 4065 652 4153; x_wconf 89' lang='lat' dir='ltr'>dicenda,</span> <span class='ocrx_word' id='word_1_259' title='bbox 670 4065 768 4142; x_wconf 92' lang='lat' dir='ltr'>sicut</span> <span class='ocrx_word' id='word_1_260' title='bbox 788 4063 900 4154; x_wconf 77' lang='lat' dir='ltr'>dixit3</span> <span class='ocrx_word' id='word_1_261' title='bbox 928 4064 988 4139; x_wconf 89' lang='lat' dir='ltr'>cui</span> <span class='ocrx_word' id='word_1_262' title='bbox 1012 4061 1085 4139; x_wconf 85' lang='lat' dir='ltr'>suit</span> <span class='ocrx_word' id='word_1_263' title='bbox 1109 4063 1323 4170; x_wconf 90' lang='lat' dir='ltr'>injunctum</span> <span class='ocrx_word' id='word_1_264' title='bbox 1351 4062 1457 4168; x_wconf 91' lang='lat' dir='ltr'>quod</span> <span class='ocrx_word' id='word_1_265' title='bbox 1485 4088 1562 4137; x_wconf 91' lang='lat' dir='ltr'>non</span> <span class='ocrx_word' id='word_1_266' title='bbox 1587 4061 1766 4137; x_wconf 87' lang='lat' dir='ltr'>revelaret</span> 
     </span>
     <span class='ocr_line' id='line_1_29' title="bbox 342 4188 1762 4303; baseline -0.004 -35"><span class='ocrx_word' id='word_1_267' title='bbox 342 4194 437 4270; x_wconf 91' lang='lat' dir='ltr'>hanc</span> <span class='ocrx_word' id='word_1_268' title='bbox 456 4223 563 4272; x_wconf 91' lang='lat' dir='ltr'>suam</span> <span class='ocrx_word' id='word_1_269' title='bbox 582 4195 884 4303; x_wconf 90' lang='lat' dir='ltr'>deposicionem,</span> <span class='ocrx_word' id='word_1_270' title='bbox 907 4220 1107 4302; x_wconf 92' lang='lat' dir='ltr'>quousque</span> <span class='ocrx_word' id='word_1_271' title='bbox 1124 4194 1383 4270; x_wconf 85' lang='lat' dir='ltr'>attestaciones</span> <span class='ocrx_word' id='word_1_272' title='bbox 1396 4190 1538 4267; x_wconf 81' lang='lat' dir='ltr'>fuerint</span> <span class='ocrx_word' id='word_1_273' title='bbox 1558 4188 1762 4294; x_wconf 78' lang='lat' dir='ltr'>publicata.</span> 
     </span>
    </p>
   </div>
   <div class='ocr_carea' id='block_1_3' title="bbox 243 4448 1766 4953">
    <p class='ocr_par' dir='ltr' id='par_1_3' title="bbox 243 4448 1766 4953">
     <span class='ocr_line' id='line_1_30' title="bbox 397 4448 1764 4563; baseline -0.004 -31"><span class='ocrx_word' id='word_1_274' title='bbox 397 4458 526 4533; x_wconf 82' lang='lat' dir='ltr'>Frater</span> <span class='ocrx_word' id='word_1_275' title='bbox 545 4456 740 4563; x_wconf 89' lang='lat' dir='ltr'>Philippus</span> <span class='ocrx_word' id='word_1_276' title='bbox 754 4456 801 4532; x_wconf 92' lang='lat' dir='ltr'>de</span> <span class='ocrx_word' id='word_1_277' title='bbox 823 4456 1043 4532; x_wconf 88' lang='lat' dir='ltr'>Lavercines</span> <span class='ocrx_word' id='word_1_278' title='bbox 1063 4454 1245 4541; x_wconf 91' lang='lat' dir='ltr'>serviens,</span> <span class='ocrx_word' id='word_1_279' title='bbox 1263 4452 1493 4531; x_wconf 78' lang='lat' dir='ltr'>belvacensis</span> <span class='ocrx_word' id='word_1_280' title='bbox 1517 4448 1690 4537; x_wconf 90' lang='lat' dir='ltr'>diocesis,</span> <span class='ocrx_word' id='word_1_281' title='bbox 1709 4467 1764 4526; x_wconf 93' lang='lat' dir='ltr'>te-</span> 
     </span>
     <span class='ocr_line' id='line_1_31' title="bbox 341 4581 1764 4695; baseline -0.004 -33"><span class='ocrx_word' id='word_1_282' title='bbox 341 4588 409 4664; x_wconf 89' lang='lat' dir='ltr'>stis</span> <span class='ocrx_word' id='word_1_283' title='bbox 422 4615 535 4694; x_wconf 90' lang='lat' dir='ltr'>supra</span> <span class='ocrx_word' id='word_1_284' title='bbox 546 4588 711 4695; x_wconf 86' lang='lat' dir='ltr'>juratus,</span> <span class='ocrx_word' id='word_1_285' title='bbox 730 4586 1039 4695; x_wconf 91' lang='lat' dir='ltr'>septuagenarius</span> <span class='ocrx_word' id='word_1_286' title='bbox 1056 4604 1093 4662; x_wconf 92' lang='lat' dir='ltr'>et</span> <span class='ocrx_word' id='word_1_287' title='bbox 1110 4585 1227 4672; x_wconf 89' lang='lat' dir='ltr'>ultra,</span> <span class='ocrx_word' id='word_1_288' title='bbox 1241 4584 1306 4691; x_wconf 92' lang='lat' dir='ltr'>qui</span> <span class='ocrx_word' id='word_1_289' title='bbox 1318 4582 1527 4660; x_wconf 89' lang='lat' dir='ltr'>voluntarie</span> <span class='ocrx_word' id='word_1_290' title='bbox 1541 4581 1764 4658; x_wconf 90' lang='lat' dir='ltr'>mantellum</span> 
     </span>
     <span class='ocr_line' id='line_1_32' title="bbox 342 4712 1765 4802; baseline -0.004 -10"><span class='ocrx_word' id='word_1_291' title='bbox 342 4717 484 4795; x_wconf 88' lang='lat' dir='ltr'>ordinis</span> <span class='ocrx_word' id='word_1_292' title='bbox 505 4719 699 4796; x_wconf 88' lang='lat' dir='ltr'>dimiserat</span> <span class='ocrx_word' id='word_1_293' title='bbox 714 4735 752 4794; x_wconf 90' lang='lat' dir='ltr'>et</span> <span class='ocrx_word' id='word_1_294' title='bbox 766 4716 847 4793; x_wconf 89' lang='lat' dir='ltr'>radi</span> <span class='ocrx_word' id='word_1_295' title='bbox 868 4717 1007 4794; x_wconf 87' lang='lat' dir='ltr'>fecerat</span> <span class='ocrx_word' id='word_1_296' title='bbox 1023 4715 1093 4792; x_wconf 91' lang='lat' dir='ltr'>sibi</span> <span class='ocrx_word' id='word_1_297' title='bbox 1109 4714 1281 4802; x_wconf 90' lang='lat' dir='ltr'>barbam,</span> <span class='ocrx_word' id='word_1_298' title='bbox 1304 4714 1396 4791; x_wconf 85' lang='lat' dir='ltr'>etin</span> <span class='ocrx_word' id='word_1_299' title='bbox 1414 4712 1574 4790; x_wconf 89' lang='lat' dir='ltr'>concilio</span> <span class='ocrx_word' id='word_1_300' title='bbox 1590 4712 1765 4789; x_wconf 87' lang='lat' dir='ltr'>Remeusi</span> 
     </span>
     <span class='ocr_line' id='line_1_33' title="bbox 243 4844 1766 4953; baseline -0.003 -30"><span class='ocrx_word' id='word_1_301' title='bbox 243 4914 246 4923; x_wconf 89' lang='lat'><em>.</em></span> <span class='ocrx_word' id='word_1_302' title='bbox 342 4847 538 4926; x_wconf 82' lang='lat' dir='ltr'>absolutus</span> <span class='ocrx_word' id='word_1_303' title='bbox 558 4867 595 4927; x_wconf 86' lang='lat' dir='ltr'>et</span> <span class='ocrx_word' id='word_1_304' title='bbox 615 4847 878 4926; x_wconf 90' lang='lat' dir='ltr'>reconciliatus</span> <span class='ocrx_word' id='word_1_305' title='bbox 901 4845 1023 4924; x_wconf 84' lang='lat' dir='ltr'>fuerat</span> <span class='ocrx_word' id='word_1_306' title='bbox 1044 4875 1113 4953; x_wconf 89' lang='lat' dir='ltr'>per</span> <span class='ocrx_word' id='word_1_307' title='bbox 1132 4845 1331 4923; x_wconf 90' lang='lat' dir='ltr'>dominum</span> <span class='ocrx_word' id='word_1_308' title='bbox 1352 4844 1675 4950; x_wconf 89' lang='lat' dir='ltr'>archiepiscopum</span> <span class='ocrx_word' id='word_1_309' title='bbox 1696 4846 1766 4918; x_wconf 87' lang='lat' dir='ltr'>Re-</span> 
     </span>
    </p>
   </div>
   <div class='ocr_carea' id='block_1_4' title="bbox 0 0 2122 5941">
    <p class='ocr_par' dir='ltr' id='par_1_4' title="bbox 0 0 2122 5941">
     <span class='ocr_line' id='line_1_34' title="bbox 0 0 2122 5941; baseline 0 0"><span class='ocrx_word' id='word_1_310' title='bbox 0 0 2122 5941; x_wconf 95' lang='lat' dir='ltr'> </span> 
     </span>
    </p>
   </div>
  </div>
 </body>
</html>
