4236 5948
362 531 436 602 roo
741 509 948 602 ‘procus
974 503 1070 601 ons
1095 527 1398 600 rnurnruns.

360 672 577 757 inhonesto,
601 670 813 748 secundum
831 670 950 777 prima
972 685 1108 747 statuta
1128 669 1269 747 ordinis
1289 669 1446 775 recepit;
1467 669 1555 779 quia
1571 668 1649 776 jem
1670 671 1790 775 perci·

359 802 487 908 piebat
507 801 609 909 quod
637 801 700 877 ille
727 801 862 878 modus
881 829 950 906 per
973 828 1089 907 quem
1113 799 1186 877 luit
1205 817 1378 907 receptus
1399 816 1477 876 erat
1504 800 1727 908 nephaudus
1752 820 1789 880 et

360 935 596 1040 prophanus,
615 948 651 1008 ct
669 950 796 1009 contra
816 930 932 1009 fidem
953 931 1182 1009 catholicam.

417 1067 668 1172 Interrogatus
683 1080 810 1140 utrum
826 1065 876 1152 vi,
894 1063 951 1139 vel
967 1080 1072 1140 metu
1088 1078 1366 1140 tormentorum
1381 1061 1440 1139 rel
1457 1065 1632 1151 carceris,
1647 1065 1705 1142 vel
1718 1065 1787 1143 alia

360 1196 408 1275 de
425 1223 552 1283 causa,
582 1193 747 1301 aliquam
767 1193 965 1271 salsitatem
986 1193 1251 1281 immiscuerit,
1274 1210 1339 1270 aut
1358 1194 1548 1272 veritatem
1568 1196 1727 1272 tacuerit
1750 1197 1787 1272 in

359 1326 599 1432 deposicione
620 1355 702 1414 sua,
720 1326 813 1403 dixit
824 1355 892 1433 per
898 1327 1154 1433 juramentum
1170 1354 1282 1402 suum
1298 1325 1403 1431 quod
1412 1354 1505 1415 non;
1523 1326 1640 1406 immo
1654 1356 1786 1432 puram

359 1476 395 1535 et
415 1459 595 1564 integram
617 1486 684 1565 pro
706 1457 823 1535 salute
845 1458 968 1535 anime
984 1487 1051 1536 sue
1072 1458 1214 1535 dixerat
1233 1458 1438 1537 veritatem.

413 1720 644 1834 ltem‘sanno,
660 1725 865 1813 indicione,
888 1754 1033 1817 mense,
1055 1725 1291 1833 pontificatu,
1310 1754 1409 1804 auno
1430 1743 1468 1803 et
1486 1725 1569 1803 loco
1589 1725 1784 1832 predictis,

356 1854 529 1931 vicesima
550 1856 714 1933 secunda
730 1857 791 1932 die
813 1857 984 1963 ejusdem
1005 1857 1145 1935 mensis
1166 1856 1343 1946 octobris,
1366 1856 1513 1933 indicti
1534 1856 1782 1962 inquisitoris,

356 2002 527 2062 nostrum
547 1988 781 2067 notariorum
802 2006 838 2065 et
868 1988 1187 2094 infrascriptorum
1212 1988 1367 2064 testium
1392 1989 1582 2093 presencia
1609 2015 1786 2094 persona·

356 2114 444 2192 liter
476 2118 699 2194 constitutus
727 2115 839 2194 frater
873 2117 1105 2224 Guillermus
1138 2119 1185 2195 de
1220 2118 1365 2198 Chalou
1398 2119 1537 2225 Regine
1570 2118 1785 2226 clavigerius

358 2247 494 2324 domus
508 2248 554 2324 de
568 2248 605 2324 la
621 2250 736 2325 Trece
751 2250 856 2357 justa
878 2250 1102 2337 Soisiacum,
1129 2249 1237 2328 etatis
1253 2249 1402 2356 triginta
1421 2266 1584 2356 quatuor
1598 2278 1782 2327 annorum

360 2375 423 2454 vel
440 2378 598 2468 circa,ut
618 2379 781 2470 dicebat;
805 2381 941 2456 eodem
954 2381 1070 2457 modo
1081 2380 1229 2488 juratus
1251 2381 1298 2457 de
1319 2410 1358 2457 se
1376 2399 1412 2458 et
1424 2380 1505 2457 aliis
1520 2381 1558 2456 iu
1571 2410 1680 2459 causa
1694 2381 1782 2459 fidei

354 2510 521 2615 plenam,
544 2539 677 2615 puram
694 2528 732 2587 et
749 2511 931 2615 integram
950 2511 1075 2588 dicere
1087 2512 1296 2599 veritatem,
1314 2530 1350 2589 et
1366 2512 1615 2621 interrogatus
1631 2513 1679 2589 de
1695 2529 1784 2591 tem-

353 2668 446 2744 pore
474 2659 511 2718 et
531 2640 648 2718 modo
674 2670 740 2718 sue
761 2642 1010 2746 recepcionis‚
1042 2642 1135 2718 dixit
1163 2671 1231 2748 per
1253 2643 1512 2749 juramentum
1538 2673 1650 2721 suum
1681 2645 1782 2750 quod

354 2769 426 2847 luit
444 2790 616 2878 receptus
642 2773 681 2847 in
703 2773 815 2850 domo
844 2773 891 2849 de
920 2773 1086 2882 Sauoayo
1117 2774 1157 2850 in
1177 2773 1337 2851 baillivis
1365 2775 1595 2882 Stampensi,
1615 2803 1685 2880 per
1711 2775 1783 2852 sra-

353 2923 449 2981 trem
467 2904 677 2983 ,lohanuem
696 2906 970 2983 thesaurarium
987 2907 1233 2985 Parisiensem
1246 2907 1311 3013 qui
1329 2936 1430 2983 nunc
1446 2924 1517 2996 est,
1531 2909 1627 2984 circa
1643 2908 1783 2985 instans

353 3034 490 3114 festum
515 3038 716 3115 Natiuitatis
749 3039 903 3116 Domini
935 3056 1044 3117 erunt
1076 3056 1238 3145 quatuor
1265 3039 1370 3127 anni,
1397 3039 1637 3145 presentibus
1670 3038 1780 3117 lratre

352 3168 518 3246 Roherto
549 3187 767 3276 preceptore
793 3169 841 3246 de
869 3171 1053 3278 Saucay0,
1079 3188 1115 3247 et
1141 3186 1360 3276 preceptore
1392 3169 1438 3247 de
1467 3169 1644 3276 Stampis‚
1676 3172 1781 3277 cujus

312 3355 314 3364 ·
346 3328 561 3407 cognomen
583 3319 638 3378 est
658 3302 705 3379 de
727 3302 960 3391 Chantuille‚
983 3302 1050 3380 sed
1067 3304 1113 3379 de
1129 3333 1197 3381 suo
1218 3304 1371 3409 proprio
1392 3303 1547 3383 nomine
1563 3330 1639 3380 non
1660 3332 1782 3380 recor·
1877 3375 1894 3384 -

353 3429 472 3515 datur,
494 3449 537 3507 ut
558 3433 658 3508 dicit.
676 3433 778 3509 Dixit
799 3434 915 3510 eciam
936 3462 1004 3539 per
1015 3434 1273 3540 juramentum
1294 3463 1406 3511 suum
1420 3432 1541 3540 quod,
1562 3461 1608 3511 eo
1629 3451 1779 3540 recepto

353 3577 390 3637 et
403 3561 562 3638 clamide
578 3564 626 3639 ad
641 3564 780 3642 collum
798 3567 934 3671 posita,
952 3582 990 3642 ct
999 3566 1217 3672 juramento
1233 3566 1280 3642 ab
1298 3593 1343 3643 eo
1360 3566 1517 3672 prestito
1533 3565 1638 3671 quod
1652 3564 1782 3642 obser·

351 3712 452 3771 raret
471 3696 569 3772 inter
588 3714 710 3773 cetera
738 3716 876 3792 secreta
903 3699 993 3775 dicti
1019 3697 1180 3787 ordinis,
1210 3697 1298 3773 dicti
1325 3713 1563 3802 preceptores
1592 3697 1780 3782 duxerunt

352 3855 439 3903 eum
459 3828 507 3904 ad
527 3846 691 3933 partem,
719 3847 770 3918 et,
797 3846 944 3909 ostensa
972 3831 1042 3907 sibi
1068 3831 1230 3937 quadam
1259 3858 1368 3907 cruce
1396 3858 1482 3907 cum
1512 3828 1634 3936 effigie
1661 3827 1779 3906 Jhesu

349 3958 488 4037 Christi
509 3960 546 4035 in
568 3961 732 4067 quadam
754 3961 908 4050 missali,
937 3962 1111 4039 dixerunt
1126 3961 1196 4040 sihi
1219 3979 1255 4038 et
1273 3979 1523 4068 preceperunt
1541 3960 1645 4068 quod
1667 3959 1779 4037 abne-

348 4107 452 4195 garet
470 4093 624 4170 lhesum
642 4093 852 4184 Christum,
876 4110 915 4170 et
933 4111 1085 4199 spueret
1100 4121 1211 4199 snpra
1226 4109 1456 4171 crucemter.
1474 4092 1547 4186 Qui
1565 4091 1774 4196 respondit,

349 4237 391 4297 ut
416 4222 523 4313 dixit,
546 4226 651 4328 quod
672 4224 779 4302 nullo
808 4225 923 4302 modo
949 4224 1104 4314 laceret,
1132 4253 1219 4301 cum
1244 4240 1342 4301 esset
1362 4223 1611 4302 Christianus.
1634 4224 1682 4300 Et
1707 4221 1777 4299 fuit

348 4357 500 4432 territus
528 4356 613 4462 plus
639 4388 750 4464 quam
772 4387 941 4465 unquam
963 4357 1036 4434 fuit
1056 4358 1095 4434 in
1121 4357 1191 4433 vita
1216 4361 1301 4445 sua,
1323 4372 1361 4433 et
1380 4356 1505 4433 statim
1525 4383 1623 4431 unus
1645 4381 1775 4431 eorum

348 4489 490 4593 accepit
505 4515 593 4564 eum
613 4518 681 4594 per
700 4507 822 4594 gutur,
846 4490 975 4569 dicens
993 4489 1096 4595 quod
1116 4486 1314 4594 oportebat
1331 4487 1436 4592 quod
1456 4487 1530 4564 hoc
1548 4484 1703 4574 laceret,
1721 4483 1776 4560 vel

307 4610 313 4619 ’
349 4636 571 4697 moreretur.
584 4622 630 4696 Et
647 4638 737 4696 tunc
758 4622 836 4726 ipse
853 4640 959 4700 metu
967 4623 1116 4710 mortis,
1133 4638 1176 4697 ut
1191 4618 1283 4696 dixit
1293 4648 1361 4724 per
1369 4619 1629 4725 juramentum
1640 4645 1773 4705 suum,

348 4749 543 4858 abnegavit
561 4768 619 4828 ter
643 4754 798 4829 lhesum
826 4753 1019 4830 Christum
1047 4781 1128 4842 ore,
1151 4753 1219 4830 sed
1243 4779 1319 4829 non
1340 4750 1470 4840 corde,
1502 4767 1545 4828 ut
1565 4748 1670 4827 dixit.
1692 4750 1774 4842 Quo

342 4880 463 4971 sacto,
491 4882 582 4961 dixit
609 4912 676 4987 per
694 4883 951 4989 juramentum
978 4911 1088 4961 suum
1112 4881 1214 4988 quod
1241 4880 1410 4958 lecerunt
1430 4908 1518 4961 eum
1536 4878 1662 4986 jurare
1689 4877 1774 4955 dicti
