4236 5948
355 531 425 608 ist
737 515 932 608 enecas
959 537 1054 606 nus
1081 534 1380 607 innectens.

347 652 445 750 beati
467 672 723 751 Bartholomei
741 691 852 751 erunt
867 674 1016 784 triginta
1036 675 1112 752 duo
1129 675 1217 751 anni
1232 675 1290 752 vel
1304 677 1414 762 circa,
1433 703 1501 782 per
1520 676 1672 754 fratrem
1693 679 1768 758 Ge-

351 805 501 881 rardum
524 804 570 881 de
592 805 749 883 Sanzeto
771 804 934 881 mititem
960 806 1168 912 quondam,
1190 824 1448 912 preceptorem
1470 823 1560 883 tune
1580 807 1767 903 Alvernie,

348 935 584 1039 presentibus
604 935 780 1013 fratribus
800 936 981 1013 Durando
1001 934 1135 1012 Malras
1149 935 1375 1041 presbitero,
1397 936 1566 1016 Gerardo
1583 938 1631 1015 de
1645 940 1767 1028 Briva,

348 1067 457 1142 Petro
483 1065 531 1140 de
552 1066 774 1159 Quadrivio,
799 1065 1017 1157 deffunctis,
1047 1083 1085 1141 et
1106 1066 1291 1143 Ademaro
1313 1067 1348 1143 la
1372 1068 1573 1175 Burgieyra
1599 1069 1771 1146 Lemovi-

348 1196 467 1272 censis
493 1195 667 1287 diocesis,
693 1225 808 1303 quem
831 1195 949 1272 credit
980 1196 1117 1285 vivere,
1146 1196 1185 1271 in
1211 1196 1312 1272 hunc
1336 1196 1519 1273 modum:
1542 1224 1630 1273 nam
1654 1199 1771 1303 petita

346 1327 521 1402 societate
542 1326 685 1403 ordinis
704 1344 741 1404 et
761 1327 795 1403 ei
816 1352 1005 1417 concessa,
1027 1325 1115 1402 fecit
1136 1355 1222 1403 eum
1234 1328 1362 1435 jurare
1378 1326 1483 1432 quod
1498 1355 1575 1404 non
1590 1329 1771 1407 revelaret

346 1475 486 1534 secreta
516 1457 781 1563 capitulorum,
814 1475 851 1533 et
877 1485 1006 1534 vovere
1035 1457 1259 1543 castitatem,
1283 1455 1561 1550 obedienciam,
1593 1476 1629 1534 et
1649 1459 1769 1537 vivere

345 1587 424 1662 sine
443 1587 614 1693 proprio,
639 1603 677 1664 et
695 1587 861 1693 precepit
881 1587 914 1662 ei
935 1586 1036 1690 quod
1058 1604 1218 1663 servaret
1237 1587 1359 1664 bonos
1381 1615 1471 1664 usus
1488 1605 1526 1664 et
1544 1586 1662 1664 bonas
1681 1618 1770 1667 con·

346 1717 567 1794 suetudines
602 1716 765 1805 ordinis;
797 1733 833 1791 et
863 1715 1039 1822 imposito
1071 1715 1141 1793 sibi
1175 1716 1372 1805 mantello,
1409 1717 1497 1792 dicti
1528 1736 1702 1824 receptor
1733 1738 1771 1796 et

346 1864 506 1923 astantes
519 1847 675 1923 fuerunt
690 1875 777 1923 eum
796 1845 950 1923 osculati
967 1846 1006 1921 in
1020 1875 1096 1923 ore.
1113 1850 1302 1952 Postque,
1318 1846 1428 1923 allata
1443 1849 1561 1924 nescit
1572 1876 1640 1953 per
1655 1878 1769 1956 quern

345 1978 507 2082 quadam
536 2007 646 2055 cruce
672 1977 864 2054 metallina
894 1977 934 2053 in
964 2005 1037 2084 qua
1067 1994 1145 2053 erat
1171 2004 1304 2085 ymago
1332 1975 1506 2056 Crucifixi
1531 1996 1568 2054 et
1591 1979 1771 2056 collocata

345 2135 468 2183 coram
485 2109 567 2214 ipso
582 2125 776 2214 receptore
797 2108 835 2182 in
853 2124 971 2196 terra,
993 2107 1162 2212 precepit
1183 2108 1217 2183 ei
1237 2107 1340 2214 quod
1360 2125 1513 2214 spueret
1534 2135 1647 2213 super
1667 2137 1767 2200 eam,

346 2255 382 2312 et
398 2238 476 2343 ipsc
492 2238 615 2327 testis,
638 2237 703 2345 qui
723 2255 815 2314 tunc
828 2237 977 2344 juvenis
999 2255 1094 2328 erat,
1117 2238 1219 2343 spuit
1238 2264 1314 2314 non
1336 2265 1446 2341 supra
1466 2237 1533 2313 sed
1546 2237 1651 2343 juxta
1673 2267 1767 2316 earn.

345 2367 492 2444 Deinde
512 2367 678 2473 precepit
700 2369 733 2444 ei
755 2368 858 2475 quod
880 2367 1080 2475 abnegaret
1100 2367 1272 2455 Jhesum,
1297 2368 1431 2474 etipse
1453 2367 1560 2445 testis
1575 2368 1771 2475 abnegavit

342 2524 430 2572 eum
442 2524 507 2573 ore
520 2523 598 2573 non
609 2498 738 2586 corde,
751 2497 840 2604 quia
856 2514 1009 2603 propter
1018 2499 1256 2605 juventutem
1269 2525 1375 2574 suam
1388 2498 1579 2575 nesciebat
1592 2500 1768 2577 resistere

343 2653 412 2702 nec
432 2626 604 2704 audebat.
621 2629 868 2705 Postmodum
885 2628 976 2704 dixit
994 2627 1028 2704 ei
1048 2628 1153 2734 qnod
1169 2644 1315 2733 poterat
1333 2627 1415 2704 aliis
1430 2625 1607 2705 fratribus
1623 2628 1769 2707 ordinis

343 2757 539 2834 carnaliter
553 2759 787 2836 commisceri
806 2776 843 2835 et
859 2759 928 2863 ipsi
946 2786 1032 2834 cum
1045 2784 1109 2847 eo,
1132 2775 1170 2834 et
1186 2758 1258 2834 hoc
1269 2774 1398 2834 tamen
1414 2782 1492 2834 non
1505 2759 1595 2835 fecit
1608 2786 1677 2835 nec
1696 2758 1770 2837 fuit

341 2889 558 2995 requisitus,
581 2917 651 2967 nec
666 2889 786 2966 credit
798 2889 903 2995 quod
918 2888 958 2975 in
971 2878 1108 2966 ordine
1121 2888 1241 2965 [ieret.
1260 2888 1414 2968 audivit
1428 2905 1554 2966 tamen
1574 2889 1647 2964 dici
1662 2890 1768 2994 quod

341 3018 495 3125 quidam
516 3019 700 3125 presbiter
719 3019 861 3096 ordinis
886 3036 1059 3096 mortuus
1081 3018 1319 3124 perpetrabat
1349 3018 1493 3095 dictum
1515 3019 1658 3094 crimen
1679 3048 1767 3097 cum

341 3149 512 3251 personis
530 3150 597 3255 qui
616 3176 694 3226 non
717 3166 823 3224 erent
844 3149 891 3225 de
917 3149 1069 3240 ordine,
1097 3166 1136 3225 et
1163 3147 1285 3225 credit
1310 3148 1415 3254 qnod
1439 3148 1604 3255 predicta
1636 3147 1769 3226 illicita

344 3278 550 3356 confessata
564 3308 632 3386 per
647 3307 735 3356 eum
755 3280 1026 3383 intervenirent
1047 3280 1302 3357 communiter
1319 3279 1357 3354 in
1377 3279 1663 3384 recepcionibus
1677 3279 1770 3357 alio·

343 3435 428 3482 rum
456 3407 612 3485 fratrum
641 3409 801 3497 ordinis,
826 3409 914 3515 quia
939 3410 1033 3486 vidit
1058 3427 1097 3486 et
1121 3408 1261 3485 audivit
1286 3408 1390 3515 quod
1417 3408 1701 3485 intervenerunt
1728 3409 1768 3484 in

343 3538 563 3643 recepcione
585 3537 707 3616 fratris
721 3538 915 3618 Guitletmi
936 3540 1107 3648 Raynen'i
1127 3539 1336 3627 servientis,
1353 3539 1669 3618 Claramontensis
1686 3538 1769 3616 dio-

344 3669 454 3757 cesiS,
472 3667 573 3774 apud
593 3669 767 3746 Riomum
784 3670 943 3759 detenti,
964 3671 1029 3776 qui
1045 3668 1118 3747 snit
1131 3687 1304 3775 receptus
1323 3670 1362 3745 in
1384 3670 1481 3746 dicta
1498 3669 1654 3775 capella,
1673 3669 1769 3745 circa

342 3799 482 3874 instans
496 3797 635 3876 testum
650 3800 848 3877 nativitatis
861 3801 961 3878 beati
976 3801 1155 3878 Johannis
1169 3800 1332 3906 Baptiste
1349 3817 1459 3876 erunt
1473 3799 1620 3875 circiter
1632 3799 1766 3874 decem

343 3927 447 4018 anni,
470 3955 538 4034 per
555 3928 708 4007 fratrem
729 3930 939 4010 Gerardum
966 3931 1013 4007 de
1033 3930 1238 4008 Villaribus
1263 3929 1437 4016 militem,
1458 3946 1550 4006 tunc
1569 3945 1768 4034 precepto·

341 4084 422 4134 rem
444 4059 616 4149 Francie,
639 4060 704 4168 qui
729 4059 876 4167 effugit,
903 4059 1140 4166 presentibus
1165 4056 1345 4136 fratribus
1367 4058 1560 4164 Stephano
1584 4057 1630 4134 de
1654 4057 1765 4145 Rivo,

341 4189 452 4266 Petro
473 4189 521 4266 de
540 4189 761 4284 Quadririo,
784 4188 1000 4278 deffunctis,
1024 4207 1062 4266 et
1079 4190 1192 4267 Petro
1215 4189 1263 4264 de
1283 4188 1527 4265 Montinhaco
1549 4186 1769 4266 Claramon-

341 4319 456 4396 tensis
474 4318 647 4409 diocesis,
676 4347 792 4426 quem
812 4319 933 4397 credit
950 4321 1090 4411 vivere,
1120 4337 1159 4396 et
1180 4320 1221 4396 in
1243 4319 1462 4424 recepcione
1486 4316 1575 4393 dicti
1595 4317 1697 4394 Petri
1717 4318 1766 4395 de

341 4444 600 4537 Montinbaco,
618 4474 731 4556 qoem
748 4449 871 4555 primo
887 4450 1030 4527 viderat
1044 4448 1161 4556 recipi
1176 4450 1216 4526 in
1232 4448 1330 4525 dicta
1346 4447 1503 4554 capella,
1518 4462 1607 4523 sunt
1621 4446 1768 4525 circiter

342 4598 404 4653 xm
428 4580 534 4666 anni,
556 4606 624 4685 per
646 4579 798 4657 fratrem
824 4578 1036 4659 Gerardum
1057 4580 1104 4657 de
1134 4581 1239 4657 Briva
1268 4596 1360 4656 tuuc
1382 4592 1642 4683 preceptorem
1667 4576 1767 4655 dicte

345 4705 495 4795 domus,
513 4708 562 4785 de
576 4709 683 4815 cujus
702 4711 774 4787 vitu
789 4711 848 4787 vel
860 4728 984 4788 morte
1003 4736 1081 4788 non
1095 4711 1211 4788 babet
1225 4709 1509 4799 certitudinem,
1527 4705 1768 4813 presentibus

343 4833 517 4940 fratribus
536 4839 726 4915 Francone
753 4841 800 4916 de
824 4839 1066 4918 Montinbaco
1090 4839 1277 4936 avunculo
1290 4839 1387 4917 dicti
1418 4838 1535 4927 Petri,
1557 4836 1765 4925 Guiiielmo
