4236 5948
619 504 811 598 paucas
841 521 937 593 ons
968 523 1273 596 rnnnmnns.
1578 529 1653 605 aas

237 665 486 776 messagerius
506 664 667 754 ordinis,
694 682 891 771 postquam
912 661 983 740 fuit
1007 663 1045 739 in
1068 663 1218 752 ordine,
1241 662 1307 739 sed
1324 664 1517 743 modicum
1531 699 1655 748 mora·

234 799 347 877 batur
365 797 523 876 ibidem.
545 797 655 886 Item,
673 796 765 872 dixit
785 793 889 900 quod
905 794 944 869 in
962 794 1023 870 die
1043 794 1199 873 Veneris
1219 811 1360 883 sancta,
1382 793 1471 872 lotis
1488 815 1525 874 et
1541 801 1656 877 nudis

233 928 415 1035 pedibus,
437 941 650 1004 reverenter
667 943 704 1002 et
723 925 855 1002 devote
876 923 1053 1001 adorabat
1075 953 1243 1015 crucem,
1271 941 1309 1001 et
1328 926 1434 1031 quod
1450 926 1530 1032 ipse
1555 929 1654 1011 bene

236 1057 414 1136 credebat
433 1054 688 1133 ecclesiasticis
705 1054 961 1145 sacramentis,
984 1055 1141 1131 credens
1158 1053 1263 1159 quod
1284 1052 1346 1129 alii
1363 1053 1493 1133 fratres
1512 1060 1655 1139 ordinis

237 1189 373 1266 eodem
392 1185 508 1263 modo
535 1184 748 1274 crederent,
777 1202 814 1260 et
833 1184 938 1290 quod
958 1213 1089 1261 eorum
1111 1183 1322 1262 sacerdotes
1346 1185 1472 1264 debite
1496 1189 1655 1268 celebra·

236 1335 333 1396 rent.
353 1315 535 1393 Jurabant
551 1314 724 1391 ordinem
744 1342 821 1390 non
836 1313 956 1404 exire,
977 1314 1101 1389 statim
1117 1342 1185 1419 pro
1207 1313 1383 1419 professis
1402 1315 1650 1398 habebantur.

237 1445 477 1545 Clandestine
493 1444 787 1549 recipiebantur,
813 1442 928 1521 nullis
947 1443 1184 1548 presentibus
1204 1443 1276 1520 nisi
1295 1442 1472 1524 fratribus
1490 1447 1651 1545 ordinis,

238 1606 280 1654 ex
299 1603 377 1682 quo
397 1575 517 1651 credit
536 1574 641 1680 quod
667 1589 764 1650 esset
784 1573 946 1679 suspicio
972 1591 1100 1651 contra
1121 1601 1195 1652 eos.
1223 1574 1401 1651 cordulis
1427 1577 1531 1653 unde
1551 1580 1653 1657 vole-

235 1706 326 1784 bant
360 1705 560 1810 assumptis
589 1703 835 1810 cingebantur
861 1732 976 1808 super
1001 1703 1169 1780 camisias
1196 1732 1283 1780 cum
1304 1703 1443 1809 quibus
1462 1706 1648 1812 jacebant.

232 1834 412 1912 Jurabant
431 1862 509 1912 non
535 1833 697 1911 revelare
718 1851 858 1909 secreta
882 1833 1164 1939 capituliorum,
1195 1834 1241 1909 de
1275 1834 1393 1910 modo
1422 1837 1652 1943 receptionis

235 1965 273 2042 in
293 1965 443 2073 speciali
469 1992 545 2041 non
577 1963 703 2039 babita
727 1962 939 2052 mentione,
957 1980 995 2039 et
1014 1962 1080 2069 qui
1101 1961 1341 2052 revelassent,
1356 1966 1513 2071 graviter
1527 1970 1651 2075 puniti

234 2095 402 2174 fuissent.
424 2094 616 2188 Quamdiu
636 2109 811 2199 poterant
833 2092 1006 2170 confiteri
1032 2092 1288 2170 sacerdotibus
1307 2095 1466 2187 ordinis,
1489 2127 1567 2176 non
1587 2101 1653 2178 de-

231 2224 372 2304 bebant
397 2223 567 2301 confiteri
594 2222 688 2299 aliis.
717 2224 865 2299 Fratres
890 2222 1033 2299 ordinis
1064 2221 1224 2300 scientes
1252 2222 1371 2301 dictos
1400 2254 1545 2307 errores
1569 2231 1652 2308 lue·

233 2372 323 2433 runt
340 2352 592 2461 negligentes,
614 2351 701 2457 quia
721 2379 799 2428 non
820 2368 1063 2429 correxerunt
1083 2381 1147 2429 eos
1163 2381 1233 2430 nec
1250 2354 1571 2437 denunciaverunt
1584 2362 1652 2439 Eo-

216 2473 355 2562 'clesie
391 2481 648 2559 Elemosinam
680 2497 718 2556 et
748 2479 1039 2586 hospitalitatem
1073 2481 1167 2560 vidit
1202 2485 1468 2563 convenienter
1501 2488 1584 2565 fieri
1615 2509 1653 2568 et

231 2613 366 2693 servari
386 2612 425 2689 in
448 2609 627 2688 domibus
650 2609 794 2687 ordinis
819 2608 858 2685 in
881 2612 1022 2717 quibus
1047 2614 1186 2691 exstitit
1198 2633 1465 2705 commoratus,
1488 2634 1527 2693 et
1545 2620 1652 2697 audi·

229 2745 281 2821 vit
300 2743 375 2820 dici
395 2742 501 2848 quod
521 2768 654 2818 eorum
675 2740 850 2847 capitulis
865 2761 1006 2822 secrete
1027 2744 1266 2821 tenebantur.
1281 2744 1463 2823 Ordinata
1483 2774 1552 2851 per
1570 2749 1650 2826 Ma-

230 2875 386 2981 gistrum
419 2850 506 2949 cum
538 2889 725 2950 conventu
755 2891 932 2952 servasset
961 2891 1063 2951 totus
1095 2875 1205 2963 ordo,
1241 2892 1371 2951 contra
1402 2905 1516 2981 quem
1547 2908 1650 2957 nunc

231 3004 387 3113 grandia
413 3002 586 3080 scandala
610 3021 764 3109 propter
782 3003 968 3111 predicta,
985 3004 1148 3110 suspicio
1168 3021 1206 3082 et
1224 3004 1377 3081 infamia
1396 3024 1486 3083 sunt
1505 3028 1647 3101 exorta,

230 3135 410 3243 adjiciens
435 3133 541 3242 quod
573 3132 705 3211 fratres
734 3135 945 3241 superiores
980 3134 1124 3212 ordinis
1155 3152 1262 3215 erant
1288 3134 1393 3212 valde
1427 3137 1580 3242 superbi
1612 3159 1649 3219 et

230 3265 338 3358 elati3
361 3280 398 3343 et
421 3264 542 3342 credit
560 3264 666 3371 quod
694 3264 898 3343 confessata
921 3293 989 3371 per
1018 3294 1106 3342 eum
1138 3282 1262 3343 essent
1281 3283 1369 3343 nota
1395 3266 1572 3346 iratribus
1591 3295 1649 3348 or·

231 3396 346 3485 dinis,
379 3412 417 3472 et
446 3394 589 3472 audivit
614 3395 688 3471 dici
719 3395 823 3501 quod
850 3394 1025 3501 Magister
1054 3395 1180 3472 etalii
1210 3395 1335 3502 aliqua
1368 3396 1527 3476 confessi
1560 3418 1649 3478 sunt

229 3541 357 3602 contra
377 3524 569 3615 ordinem,
586 3526 635 3602 ad
651 3526 758 3631 cujus
773 3524 1047 3603 deffensionem
1067 3553 1105 3602 se
1127 3553 1204 3602 non
1220 3525 1420 3604 obtulerat.

282 3654 499 3761 Requisitus
527 3654 558 3730 si
587 3654 641 3730 sic
674 3655 898 3758 deposuerat
927 3685 1052 3760 prece,
1086 3674 1281 3761 precepto,
1311 3657 1465 3747 timore,
1500 3687 1645 3753 amore,

227 3785 333 3873 odio,
360 3785 418 3863 vel
445 3782 643 3889 temporali
669 3782 831 3860 comodo
861 3782 990 3860 babito
1018 3784 1076 3861 vel
1103 3784 1297 3875 babendo,
1328 3786 1524 3890 respondit
1542 3790 1649 3895 quod

227 3943 323 4005 non,
345 3914 413 3992 sed
433 3942 501 4021 pro
521 3914 674 3991 veritate
705 3912 881 4003 dicenda,
903 3912 964 3988 cui
984 3911 1056 3989 suit
1074 3913 1288 4022 injunctum
1312 3915 1418 4017 quod
1438 3944 1516 3991 non
1543 3946 1647 3995 reve·

225 4043 320 4122 laret
347 4045 444 4121 hanc
463 4073 569 4123 suam
590 4043 888 4150 deposicionem‚
919 4069 1118 4150 quousque
1139 4043 1399 4121 attestaciones
1420 4042 1560 4122 fuerint
1578 4075 1645 4154 pu·

223 4173 371 4254 blicate.

279 4436 407 4513 Frater
426 4438 559 4515 Petrus
577 4435 679 4514 Blavi
695 4436 873 4526 serviens,
890 4433 1211 4513 Claromontensis
1229 4434 1402 4524 diocesis,
1415 4433 1520 4511 testis
1532 4461 1644 4540 supra

218 4567 377 4675 juratus,
389 4567 456 4673 qui
474 4566 685 4644 voluntarie
696 4565 869 4643 habitum
888 4564 1080 4642 dimiserat
1093 4582 1131 4641 et
1139 4564 1220 4642 radi
1240 4563 1379 4641 lecerat
1388 4563 1460 4642 sibi
1475 4563 1642 4654 barbam,

222 4695 539 4805 quadragenarius
561 4695 620 4774 vel
645 4697 756 4785 circa,
779 4724 866 4773 cum
884 4722 962 4801 quo
981 4694 1204 4802 inquisitum
1223 4694 1362 4786 brerat,
1394 4693 1590 4772 absolutus
1605 4711 1645 4772 ot

221 4827 485 4906 reconciliatas
515 4856 584 4934 per
609 4826 809 4908 dominum
829 4826 1047 4934 episcopum
1073 4826 1446 4918 Claromontensem,
1477 4825 1584 4905 lectis
1603 4843 1641 4903 et
