4236 5948
266 478 268 483 ’
352 531 422 607 rm
736 511 928 607 ruocbs
954 532 1046 605 ons
1072 531 1368 604 rnueusus.

348 671 477 749 illicita
506 670 709 750 consessata
738 700 806 778 per
832 701 918 750 eum
947 689 1011 748 aut
1040 670 1111 748 alia
1142 671 1338 749 inhonesta
1367 669 1635 747 intervenirent
1659 701 1762 749 corn-

347 803 511 879 muniter
540 801 579 876 in
608 801 889 907 recepcionibus
919 801 1075 878 aliorum
1109 829 1176 877 seu
1201 817 1301 906 post,
1328 798 1522 904 respondit
1546 828 1585 875 se
1607 800 1761 878 credere

347 932 450 1037 quod
476 931 526 1007 sic
552 931 598 1007 de
621 929 834 1009 confessatis
861 959 930 1037 per
958 960 1063 1020 eum,
1093 929 1180 1036 quia
1199 930 1292 1007 vidit
1313 957 1382 1036 per
1402 929 1578 1005 eumdem
1602 931 1761 1008 modum

347 1063 459 1167 recipi
481 1062 684 1168 quemdam
715 1060 886 1151 fratrem,
917 1063 1023 1168 cujus
1052 1089 1193 1138 nomen
1226 1076 1263 1136 et
1287 1086 1496 1167 cognomen
1531 1059 1691 1167 ignorat,
1722 1063 1762 1138 in

347 1193 509 1297 quadam
528 1219 675 1267 camera
700 1192 836 1269 domus
855 1190 1003 1296 Templi
1030 1190 1077 1267 de
1093 1190 1209 1278 Nicia,
1232 1207 1320 1267 sunt
1340 1216 1427 1268 xvm
1456 1190 1554 1295 anni·
1569 1190 1626 1267 vel
1646 1193 1759 1281 circa,

344 1351 413 1428 per
435 1322 578 1398 dictum
606 1339 838 1428 receptorem
866 1350 996 1412 suum,
1026 1319 1263 1427 presentibus
1289 1320 1396 1396 dictis
1417 1319 1565 1398 duobus
1585 1319 1763 1400 fratribus

347 1454 444 1530 dicte
462 1452 587 1560 Baylie
601 1440 638 1529 et
652 1453 844 1542 Niciensis,
860 1481 1024 1561 quorum
1039 1453 1192 1528 nomina
1206 1468 1244 1528 et
1257 1452 1480 1557 cognomina
1500 1451 1660 1557 ignorat;
1678 1452 1764 1559 plu·

344 1585 443 1660 rium
476 1583 760 1689 recepciouibus
791 1611 867 1659 non
897 1582 1027 1660 adluit.
1056 1584 1169 1674 Item,
1201 1580 1295 1657 dixit
1325 1581 1428 1686 quod
1459 1580 1556 1658 bene
1585 1584 1763 1662 credebat

303 1731 310 1743 “
347 1713 603 1792 ecclesiasticis
620 1713 874 1802 sacramentis,
896 1729 934 1789 et
956 1712 1075 1789 credit
1092 1712 1196 1818 quod
1220 1711 1282 1787 alii
1311 1710 1441 1788 fratres
1461 1713 1604 1789 ordinis
1624 1714 1761 1792 eodem

345 1845 461 1923 modo
488 1845 703 1932 crederent,
735 1862 773 1922 et
810 1844 916 1951 quod
942 1870 1074 1921 eorum
1108 1843 1319 1921 sacerdotes
1355 1842 1481 1919 debite
1514 1842 1758 1922 celebrarent.

262 2041 269 2048 .
346 1975 478 2050 Statim
499 2001 569 2080 pro
593 1973 768 2080 professis
793 1973 1041 2060 habebantur,
1073 1990 1111 2049 et
1134 1972 1313 2080 jurabant
1336 1972 1510 2049 ordinem
1541 2002 1624 2050 uon¹
1649 1976 1760 2053 exire.

346 2104 587 2182 Clandestine
611 2104 898 2211 recipiebantur,
926 2102 1040 2179 nullis
1055 2102 1291 2209 presentibus
1315 2101 1385 2178 uisi
1406 2101 1581 2179 fratribus
1599 2105 1759 2196 ordinis,

347 2262 388 2308 ex
417 2262 494 2340 quo
524 2234 644 2311 credit
678 2233 783 2340 quod
810 2249 906 2311 esset
935 2232 1096 2339 suspicio
1125 2247 1251 2308 contra
1282 2259 1359 2308 eos.
1395 2232 1568 2310 Cordulis
1603 2237 1761 2341 sumptis

346 2363 448 2440 unde
478 2364 654 2441 volebant
682 2362 929 2469 cingebantur
958 2391 1071 2468 super
1099 2362 1267 2439 camisias
1292 2390 1377 2438 cum
1408 2362 1546 2469 quibus
1571 2363 1758 2470 jacebant.

345 2493 614 2601 injungebatur
632 2495 685 2571 eis
706 2521 774 2599 per
798 2510 1069 2571 sacramentum
1091 2492 1196 2599 quod
1219 2520 1295 2569 uon
1315 2491 1522 2569 revelarent
1541 2512 1680 2571 secreta
1704 2524 1761 2572 ca·

344 2623 588 2728 pituliorum,
616 2625 662 2702 de
693 2622 809 2701 modo
838 2623 1067 2730 recepcionis
1098 2623 1247 2729 speciali
1274 2650 1350 2699 non
1380 2623 1505 2700 habita
1539 2625 1759 2717 mencioues

345 2756 408 2858 qui
427 2754 852 2847 revelassent,habitum
872 2754 1139 2861 perdidissent,
1160 2771 1198 2832 et
1214 2752 1322 2831 aliter
1331 2754 1454 2859 puniti
1464 2773 1598 2831 essent.
1608 2754 1777 2863 Absque'

344 2885 498 2962 licencia
535 2914 611 2964 non
647 2903 821 2992 poteraut
856 2884 938 2962 aliis
972 2914 1086 2992 quam
1122 2883 1377 2962 sacerdotibus
1413 2885 1556 2963 ordinis
1576 2886 1759 2964 conliteri.

344 3015 474 3091 Credit
493 3014 596 3121 quod
616 3013 745 3091 illicita
773 3013 978 3091 confessata
1003 3043 1071 3120 per
1090 3042 1178 3091 eum
1201 3033 1324 3092 essent
1351 3033 1438 3092 nota
1463 3014 1639 3093 fratribus
1659 3017 1762 3093 ordi·

345 3145 415 3230 nis,
451 3162 487 3220 et
514 3145 618 3250 quod
650 3143 880 3250 negligentes
908 3143 1064 3221 suerunt
1088 3146 1126 3221 in
1160 3145 1214 3222 eis
1242 3145 1482 3252 corrigendis.
1513 3147 1554 3221 ln
1582 3146 1762 3225 domibus

344 3273 487 3348 ordinis
512 3273 550 3349 in
568 3272 707 3381 quibus
723 3273 844 3350 extitit
867 3291 1136 3366 commoratus,
1160 3276 1251 3353 vidit
1267 3275 1489 3352 elemosinas
1510 3293 1547 3352 et
1567 3277 1762 3383 hospitali-

343 3421 456 3479 tatem
486 3404 751 3482 convenienter
773 3402 855 3481 fieri
879 3422 916 3481 et
945 3406 1097 3497 servari;
1126 3422 1164 3482 et
1190 3406 1330 3483 audivit
1356 3408 1496 3513 precipi
1526 3407 1630 3513 quod
1658 3407 1759 3486 bona

345 3551 380 3609 et
392 3536 480 3640 jura
503 3535 647 3611 ordinis
663 3533 789 3611 debite
811 3553 1089 3623 conservarent,
1107 3553 1146 3613 et
1159 3537 1261 3643 quod
1283 3565 1414 3614 eorum
1435 3537 1627 3643 capitolia,
1644 3539 1760 3631 clam,

344 3664 457 3739 nullis
497 3664 733 3770 presentibus
760 3665 830 3742 nisi
859 3664 1053 3755 fratribus,
1083 3666 1320 3753 tenebantur,
1352 3685 1390 3743 et
1427 3667 1665 3773 ponebantur
1696 3697 1761 3746 cu-

343 3795 470 3871 stodes
498 3822 544 3871 ne
564 3795 612 3872 ab
630 3823 761 3872 eorum
782 3794 1029 3874 familiaribus
1055 3796 1112 3872 vel
1139 3796 1221 3874 aliis
1248 3797 1408 3873 exterius
1436 3798 1656 3874 audirentur
1685 3827 1762 3904 que

343 3925 502 4000 interius
517 3925 732 4032 agebantur.
751 3924 931 4003 Ordinata
950 3952 1019 4031 per
1034 3926 1253 4031 Magistrum
1276 3954 1361 4002 cum
1380 3945 1562 4003 conventu
1581 3947 1762 4006 servasset

342 4073 443 4133 totus
459 4056 570 4147 ordo,
596 4072 722 4134 contra
739 4083 855 4162 quem
875 4084 977 4133 nunc
993 4058 1147 4165 grandia
1171 4057 1358 4147 scandala,
1380 4059 1539 4163 suspicio
1556 4076 1594 4135 et
1608 4059 1760 4136 infamis

343 4203 430 4261 sunt
456 4202 597 4278 exorta,
621 4203 660 4263 et
683 4203 809 4261 contra
835 4213 948 4292 quem
975 4185 1076 4262 idem
1097 4186 1275 4293 Magister
1294 4203 1331 4262 et
1350 4186 1411 4261 alii
1435 4188 1555 4292 aliqua
1582 4187 1762 4264 dicuntur

340 4314 453 4393 fuisse
475 4315 649 4406 coufessi;
672 4316 720 4392 ad
739 4316 847 4424 cujus
868 4314 1012 4394 ordinis
1033 4315 1292 4394 defensionem
1313 4346 1351 4393 se
1373 4344 1448 4392 non
1470 4317 1667 4394 obtulerat.

399 4445 613 4551 Requisitus
623 4446 653 4521 si
671 4446 723 4522 sic
738 4446 969 4551 deposuerat·
979 4473 1106 4552 prece,
1119 4462 1313 4553 precepto,
1325 4446 1478 4533 timore,
1496 4474 1640 4537 amore,
1656 4449 1759 4535 odio,

341 4572 397 4648 vel
417 4575 614 4680 temporali
636 4576 796 4653 comodo
812 4574 941 4653 habito
958 4575 1014 4652 vel
1037 4575 1230 4667 habendo,
1247 4577 1441 4682 respondit
1455 4578 1559 4682 quod
1575 4604 1668 4668 non,
1694 4580 1762 4657 sed

340 4731 409 4806 pro
429 4703 581 4782 veritate
607 4706 785 4794 dicenda3
813 4706 872 4782 cui
900 4705 972 4783 suit
997 4705 1208 4813 injunctum
1237 4708 1343 4813 quod
1363 4735 1439 4783 non
1459 4707 1640 4785 revelaret
1666 4708 1762 4786 hene

341 4860 447 4908 suam
467 4833 765 4937 deposicionem,
784 4862 986 4942 quousque
1001 4837 1258 4914 attestaciones
1277 4835 1418 4914 luerint
1437 4838 1634 4943 publicate.
