4236 5948
498 526 571 601 ars
770 622 773 628 Δ
884 508 1529 599 raocasnssrsurmsas.

496 669 541 746 ab
563 697 607 745 eo
623 667 687 774 qui
709 666 886 772 recipitur
906 665 953 742 ad
973 666 1145 744 ordinem
1166 664 1255 742 dicti
1276 666 1424 771 Templi
1451 664 1603 742 fuerunt
1622 694 1642 740 a
1664 694 1703 741 se
1720 667 1864 771 quesita
1884 686 1920 745 et

496 827 670 905 responsa
683 799 735 875 eis
751 797 833 874 data
849 826 869 871 a
884 825 940 884 se,
964 796 1059 872 sicut
1076 793 1188 872 frater
1202 795 1491 896 Bartholomeus
1507 796 1553 874 de
1569 796 1690 872 Turre
1705 797 1919 902 capellanus

496 929 584 1007 dicti
609 929 765 1015 ordinis,
797 927 941 1032 primus
966 927 1086 1013 testis,
1115 926 1207 1002 dixit
1232 944 1268 1003 et
1293 926 1331 1002 in
1352 956 1418 1004 sua
1442 926 1709 1005 testificacione
1730 929 1916 1034 superius,

494 1077 606 1166 prout
626 1060 760 1144 credit,
779 1057 967 1162 deposuit,
988 1074 1026 1133 et
1043 1056 1082 1131 in
1100 1056 1197 1134 libro
1219 1074 1439 1134 stamtorum
1462 1057 1550 1134 dicti
1571 1058 1713 1135 ordinis
1734 1075 1772 1135 et
1790 1060 1918 1165 regule

495 1189 555 1266 illa
575 1217 648 1295 que
668 1187 798 1263 fratres
817 1203 990 1262 tenentur
1003 1187 1152 1293 jurare,
1175 1186 1315 1273 dicere,
1340 1188 1460 1264 facere
1483 1207 1519 1264 et
1538 1189 1743 1295 exprimere
1760 1189 1798 1264 in
1817 1220 1919 1267 rece·

495 1321 627 1424 pcione
647 1347 731 1405 sua,
763 1319 905 1395 noviter
929 1317 1083 1406 faciunt,
1112 1318 1325 1423 exprimunt
1344 1335 1382 1394 et
1403 1318 1606 1406 declarant,
1628 1319 1776 1428 plenius
1799 1323 1919 1398 conti-

493 1467 614 1526 netur.
636 1451 731 1528 Cum
752 1449 853 1525 enim
866 1449 944 1553 ipse
960 1449 1007 1525 sit
1027 1448 1151 1555 laycus
1168 1449 1232 1554 qui
1250 1448 1425 1555 loquitur,
1445 1478 1522 1527 non
1541 1451 1666 1555 potuit
1683 1451 1721 1526 in
1737 1454 1917 1529 memoria

494 1581 685 1657 continere
705 1582 876 1656 universa
897 1597 934 1656 et
953 1579 1098 1686 singula
1118 1608 1192 1685 que
1211 1579 1340 1656 fratres
1359 1579 1448 1656 dicti
1469 1581 1612 1658 ordinis
1626 1582 1755 1688 jurant
1777 1600 1814 1659 et
1833 1612 1918 1689 pro-

493 1713 664 1805 mittunt,
679 1740 748 1787 nec
763 1709 824 1786 illa
834 1738 907 1817 que
923 1740 943 1786 a
958 1709 1223 1815 recipientibus
1238 1728 1450 1816 querimtur
1462 1713 1606 1788 noviter
1621 1742 1641 1787 a
1654 1713 1825 1817 receptis.
1842 1714 1914 1790 Sed

495 1846 585 1922 dixit
597 1863 634 1922 et
647 1841 826 1946 expressit
835 1839 958 1946 aliqua
967 1856 1004 1916 et
1019 1839 1090 1916 alia
1102 1840 1148 1915 de
1161 1838 1300 1946 quibus
1312 1867 1386 1916 non
1402 1840 1628 1930 recordatur,
1637 1841 1729 1918 dixit
1739 1870 1820 1919 esse
1831 1872 1917 1920 con·

493 1994 594 2053 tenta
602 1993 640 2053 et
648 1973 783 2079 scripta
794 1972 834 2047 in
847 1969 943 2047 libro
955 1968 1118 2076 quodam
1130 1987 1353 2048 statutorum
1368 1989 1403 2046 et
1414 1970 1541 2076 regule
1550 1971 1692 2050 ordinis
1701 1974 1914 2078 supradicti.

548 2105 606 2181 Ad
625 2104 759 2181 lxxxvu
780 2117 816 2177 ct
836 2101 981 2178 lxxxvm
1005 2118 1042 2177 et
1060 2099 1239 2177 ultimum
1257 2099 1432 2178 articulos
1452 2101 1652 2209 diligenter
1672 2119 1709 2178 et
1728 2103 1914 2210 sigillatim

493 2236 756 2340 interrogatus,
772 2230 863 2307 dixit
879 2258 919 2306 se
939 2258 1009 2307 nec
1028 2230 1121 2306 scire
1141 2258 1211 2306 nec
1229 2231 1382 2307 credere
1405 2259 1551 2309 errores
1572 2232 1620 2309 de
1641 2232 1779 2339 quibus
1799 2234 1917 2340 agitur

494 2368 530 2441 in
547 2364 724 2450 articulis,
736 2391 806 2439 nec
820 2361 1040 2467 aliquemde
1056 2361 1197 2438 eisdem
1213 2362 1395 2467 originem
1412 2362 1585 2439 hahuisse
1602 2364 1639 2439 in
1657 2364 1756 2441 dicto
1770 2365 1913 2454 ordine,

383 2557 388 2572 ,
491 2525 561 2573 nec
577 2496 624 2570 de
644 2496 696 2570 eis
712 2493 847 2599 inipso
864 2490 997 2568 ordine
1010 2520 1079 2598 per
1095 2491 1259 2597 aliquem
1273 2491 1330 2568 vel
1351 2491 1496 2598 aliquos
1509 2493 1742 2610 mentionem
1755 2493 1916 2599 aliquam

492 2624 625 2702 factam
640 2652 735 2711 esse,
759 2651 828 2699 nec
848 2622 895 2698 de
917 2622 1024 2700 dictis
1045 2622 1233 2699 erroribus
1253 2650 1480 2728 quemquam
1496 2623 1745 2717 dictiordinis
1763 2622 1913 2702 fratrem

492 2755 659 2845 locutum
688 2753 821 2840 luisse,
847 2780 916 2828 nec
935 2751 1053 2828 credit
1070 2751 1175 2859 quod
1201 2781 1221 2859 a
1246 2752 1346 2829 dicto
1366 2752 1499 2829 ordine
1518 2753 1575 2829 vel
1594 2753 1641 2831 ab
1661 2752 1786 2858 aliquo
1802 2784 1914 2862 quare

493 2886 583 2960 dicti
600 2913 743 2963 errores
759 2882 1087 2971 introducerentur
1101 2882 1158 2959 vel
1171 2881 1303 2960 fierent
1319 2910 1467 2960 causam
1479 2911 1557 2960 esse
1571 2883 1773 2970 inventam,
1797 2883 1915 2963 donec

493 3015 609 3092 decis
628 3015 769 3092 mentio
789 3013 860 3090 fuit
878 3013 972 3090 laeta
986 3011 1210 3121 generaliter
1225 3014 1323 3091 inter
1339 3042 1419 3101 eos,
1441 3014 1621 3119 captionis
1638 3030 1674 3090 et
1691 3014 1913 3092 detentionis

487 3162 659 3249 tempore
702 3143 919 3220 eorundem.
954 3145 1028 3220 Nec
1057 3143 1176 3220 credit
1205 3143 1484 3220 venerationem
1514 3143 1701 3244 dictorum
1729 3170 1912 3232 errorum,

490 3274 691 3379 ydolorum
718 3274 776 3349 vel
803 3274 982 3379 capitum,
1010 3302 1079 3350 nec
1104 3274 1312 3352 custodiam
1339 3274 1566 3365 eorundem,
1592 3273 1725 3350 factam
1743 3275 1856 3352 fuisse
1877 3277 1913 3350 in

492 3403 591 3480 dicto
612 3406 746 3482 ordine
762 3404 842 3481 vel
833 3431 872 3480 m
887 3403 1013 3507 aliquo
1027 3403 1164 3481 loco
1132 3433 1229 3511 ejus,
1251 3405 1319 3481 sed
1333 3405 1454 3482 credit
1468 3404 1555 3482 falsa
1571 3433 1651 3482 esse
1667 3406 1814 3511 penitus
1831 3434 1912 3482 con-

490 3551 591 3610 tenta
610 3537 649 3610 in
664 3533 827 3611 articulis
847 3534 1076 3639 supradictis.

547 3666 668 3770 Super
687 3664 768 3740 aliis
787 3693 874 3742 vero
889 3665 936 3741 de
956 3665 1118 3770 quibus
1108 3666 1247 3772 inquiri
1269 3666 1473 3772 precipitur
1493 3630 1798 3751 circumdandis,
1820 3665 1913 3741 sicut

490 3795 628 3901 pericie
652 3797 772 3872 visum
798 3795 950 3873 luerat
941 3797 1180 3903 inquirentis,
1203 3798 1403 3904 inquisitus
1430 3813 1466 3872 et
1487 3798 1735 3904 interrogatus
1757 3795 1912 3902 diligen·

488 3943 558 4013 ter,
581 3925 674 4002 dixit
694 3951 733 4001 se
749 3925 854 4031 plura
870 3924 940 4001 alia
955 3926 1110 4003 nescire.

544 4177 653 4265 llnno
674 4214 749 4293 quo
769 4215 896 4292 supra,
919 4214 941 4264 x
960 4187 1133 4265 kalendas
1153 4186 1342 4265 februarii

544 4319 636 4394 xlll.
657 4318 787 4395 Frater
806 4317 1047 4424 Raymundus
1067 4318 1167 4394 Rulli
1188 4318 1331 4396 ordinis
1352 4318 1441 4395 dicti
1463 4317 1614 4425 Templi
1637 4317 1773 4395 domus
1795 4319 1909 4394 Manui

489 4447 576 4535 Dei,
598 4448 700 4526 testis
715 4448 861 4555 juratus
881 4450 928 4526 ad
949 4477 1049 4526 sacra
1068 4450 1137 4527 Dei
1159 4449 1353 4558 Evangelia
1370 4478 1483 4555 super
1499 4449 1676 4555 predictis
1696 4448 1861 4526 articulis
1876 4466 1912 4525 et

489 4606 621 4654 eorum
631 4578 800 4685 quolibet
819 4580 889 4657 sibi
903 4580 1078 4686 expositis
1093 4581 1131 4657 in
1144 4580 1301 4688 vulgari,
1311 4599 1351 4658 ut
1368 4580 1581 4688 principalis
1596 4580 1643 4658 de
1658 4607 1698 4658 se
1711 4581 1805 4686 ipso,
1822 4597 1858 4658 et
1870 4596 1911 4656 ut

488 4708 592 4783 testis
608 4709 655 4785 de
667 4708 764 4800 aliis,
780 4709 977 4816 diligenter
992 4727 1029 4786 et
1048 4710 1236 4818 sigillatim
1252 4712 1517 4817 interrogatus,
1528 4710 1761 4816 respondens
1773 4709 1821 4786 ad
1835 4710 1911 4815 pri·

488 4865 609 4926 mum,
634 4865 799 4917 u--xxrx
823 4840 997 4918 articulos
1024 4841 1219 4930 inclusive,
1248 4842 1393 4948 negavit
1416 4843 1515 4950 ipsos
1535 4840 1709 4922 articulos
1729 4858 1768 4918 et
1786 4840 1910 4918 omnia
