4236 5948
1323 422 1438 511 d*

807 531 1176 699 proces

457 988 699 1178 DES
770 990 1526 1178 TEMPLIERS.

336 2023 465 2099 Frater
484 2024 619 2101 Petrus
645 2023 693 2101 de
715 2024 904 2102 Lanhiaco
928 2025 1188 2105 Noviomensis
1218 2026 1377 2104 diocesis
1400 2027 1580 2120 serviens,
1604 2026 1711 2106 testis

281 2182 391 2260 supra
413 2155 579 2263 juratus,
607 2182 677 2235 xxx
711 2186 899 2235 annorum
929 2156 988 2234 vel
1013 2158 1127 2249 circa,
1160 2187 1237 2236 non
1270 2157 1458 2236 defferens
1484 2156 1711 2236 mantellum

282 2285 442 2376 ordinis,
470 2288 557 2394 quia
588 2318 609 2364 a
633 2288 729 2367 sesto
760 2289 1042 2368 Purificacionis
1061 2291 1152 2367 citra
1179 2291 1304 2398 ipsum
1332 2291 1539 2380 dimiserat,
1568 2307 1606 2367 et
1630 2289 1711 2367 radi
1832 2317 1834 2320 ’

281 2414 417 2494 fecerat
430 2417 502 2497 sibi
517 2418 692 2512 barbam,
710 2450 795 2498 cum
817 2451 894 2529 quo
908 2421 1136 2530 inquisitum
1153 2421 1291 2513 luerat,
1314 2421 1512 2521 absolutus
1533 2437 1570 2499 et
1585 2448 1713 2500 recon-

281 2548 425 2626 ciliatus
435 2578 504 2657 per
515 2551 715 2629 dominum
726 2554 1284 2661 archiepiscopumRemensem
1297 2556 1336 2630 in
1349 2552 1510 2631 concilio
1520 2553 1710 2644 Remensi,

280 2678 385 2759 lectis
409 2699 447 2759 et
469 2682 672 2791 diligenter
691 2685 868 2789 expositis
889 2686 960 2763 sibi
982 2685 1162 2763 omnibus
1182 2701 1220 2763 et
1241 2686 1402 2793 singulis
1426 2683 1610 2774 articulis,
1635 2712 1715 2763 res·

280 2811 414 2916 pondit
428 2840 467 2889 se
483 2812 645 2901 nescire,
662 2841 733 2891 nec
753 2815 923 2900 credere,
943 2845 1012 2890 nec
1027 2816 1212 2892 amlivisse
1230 2814 1303 2892 dici
1321 2816 1368 2891 de
1383 2815 1570 2891 contentis
1585 2816 1625 2891 in
1643 2815 1712 2908 eis,

282 2941 350 3019 nisi
371 2943 477 3048 quod
496 2940 594 3017 infra
613 2943 798 3047 sequitur,
820 2943 909 3050 quia
928 2969 1005 3018 non
1025 2941 1120 3017 vidit
1133 2943 1300 3047 aliquem
1322 2942 1439 3018 aliurn
1454 2944 1493 3016 in
1507 2944 1640 3021 ordine
1655 2971 1716 3023 re·

283 3071 370 3178 cipi,
393 3100 463 3148 nee
482 3070 706 3150 interfuerat
718 3072 893 3179 capitulis
908 3072 1145 3150 eorumdem.
1162 3074 1245 3178 lpse
1261 3089 1389 3149 autern
1405 3087 1580 3177 receptus
1592 3071 1715 3151 firerat

283 3233 347 3311 per
368 3202 524 3282 fratrem
539 3204 751 3282 Robertum
769 3205 817 3283 de
834 3222 960 3283 sancto
977 3206 1104 3294 Justo,
1127 3204 1322 3314 quondam
1342 3220 1603 3311 preceptorem
1622 3220 1715 3285 tunc

281 3334 430 3413 ballivie
451 3336 498 3413 de
513 3336 687 3430 Pontivo,
710 3338 748 3414 in
766 3337 863 3415 festo
878 3336 1127 3414 Exaltacionis
1141 3338 1276 3415 Sancte
1289 3336 1421 3414 Crucis
1438 3335 1612 3441 proximo
1628 3362 1715 3443 pre·

283 3467 393 3544 terito
407 3467 563 3546 luerunt
577 3496 611 3546 v1
626 3469 726 3560 anni,
742 3470 781 3546 in
800 3468 942 3577 capella
964 3469 1103 3547 domus
1118 3465 1271 3574 Templi
1288 3467 1541 3575 d’Oymontin
1558 3468 1715 3548 Pontivo

282 3598 543 3679 Ambianensis
567 3601 745 3695 diocesis,
771 3601 1012 3709 presentibus
1036 3600 1215 3679 fratribus
1235 3602 1346 3677 Petro
1372 3599 1420 3677 de
1440 3600 1577 3689 Lanbi,
1603 3628 1717 3678 avun-

283 3730 367 3807 culo
385 3731 503 3839 ipsius
519 3733 642 3824 testis,
665 3732 940 3822 Noviomensis,
963 3732 1030 3840 qui
1052 3760 1129 3809 non
1148 3729 1221 3809 fuit
1240 3749 1369 3837 captus
1384 3757 1480 3807 cum
1501 3729 1601 3824 aliis,
1626 3731 1716 3838 quia

284 3861 429 3970 affugit,
457 3865 630 3941 Johanne
653 3864 701 3942 de
721 3865 800 3942 Bali
821 3864 1085 3943 Ambianensis
1105 3880 1143 3941 et
1161 3863 1328 3941 Roberto
1350 3863 1398 3940 de
1418 3861 1620 3940 Reinbaval
1637 3863 1714 3942 No·

283 3993 496 4085 riomensis,
507 4012 546 4072 et
556 3994 727 4074 Johanne
737 3995 862 4075 Castel
872 3995 1131 4075 Noviomensis
1141 3994 1366 4081 diocessum,
1381 4009 1419 4070 et
1427 3992 1599 4071 Johanne
1614 3991 1714 4070 dicto

283 4125 489 4234 burgundo
505 4126 771 4217 servientibus,
788 4155 885 4234 quos
898 4128 1168 4219 creditvivere,
1186 4127 1225 4203 in
1238 4127 1342 4204 bunc
1357 4124 1534 4202 modum:
1552 4152 1639 4199 nam
1659 4124 1717 4200 in·

282 4274 445 4335 structus
457 4286 478 4332 a
492 4257 593 4336 dicto
607 4259 792 4338 avunculo
809 4289 878 4338 suo
895 4278 933 4338 et
948 4261 1042 4351 aliis,
1052 4261 1168 4369 peciit
1179 4277 1249 4348 ter,
1265 4260 1371 4338 flexis
1386 4256 1561 4366 genibus,
1577 4283 1715 4363 panem

283 4405 320 4464 et
343 4417 480 4496 aquam
507 4407 545 4467 et
559 4392 737 4477 vestitum
758 4391 919 4483 ordinis,
942 4410 980 4470 et
997 4422 1084 4471 cum
1099 4420 1325 4500 responsum
1345 4390 1477 4467 luisset
1495 4387 1600 4496 quod
1616 4384 1715 4466 bene

284 4519 527 4614 deliberaret,
550 4522 639 4628 quia
659 4509 853 4631 oporteret
869 4552 956 4602 eum
977 4553 998 4600 a
1015 4552 1054 4603 se
1071 4523 1246 4601 abdicare
1262 4519 1453 4628 propriam
1468 4515 1714 4607 voluntatem,

284 4651 425 4729 esurire
446 4653 601 4758 quando
625 4654 741 4734 vellet
761 4656 973 4745 comedere,
994 4655 1147 4763 vigilare
1168 4652 1323 4761 quando
1343 4648 1457 4727 vellet
1476 4647 1661 4740 dormire,
1679 4665 1718 4727 et

285 4781 403 4859 multa
418 4782 512 4860 dura
528 4801 566 4861 et
579 4815 709 4893 aspera
722 4787 919 4877 sustinere,
934 4805 971 4865 et
986 4786 1065 4894 ipse
1080 4785 1187 4863 testis
1204 4784 1358 4863 dixisset
1371 4781 1476 4889 quod
1492 4779 1620 4858 omnia
1635 4806 1717 4857 sus-

285 4913 441 5002 tineret,
469 4916 627 5022 prestito
648 4918 694 4995 ab
716 4947 761 4996 eo
779 4947 848 5026 per
862 4920 1123 5028 juramentum
1143 4918 1342 5026 prestitum
1370 4941 1483 5020 super
1506 4909 1713 5019 quemdam

372 5052 480 5118 moris
502 5074 555 5119 nes
575 5076 747 5121 rrurnras.
761 5092 803 5107 -
815 5078 848 5119 ιι.
1552 5071 1564 5111 ¹
