4236 5948
724 533 919 626 enocts
946 552 1041 624 nus
1067 553 1365 626 rnnrmnns.
1680 559 1751 628 sn

385 692 437 767 Et
456 718 525 796 ego
543 689 700 766 lacobus
716 691 762 767 de
779 693 925 769 Virtuto
945 692 1101 770 clericus
1117 693 1421 771 Cathalaunensis
1437 693 1610 783 diocesis,
1632 695 1755 800 publi-

340 850 402 899 cus
414 822 594 926 imperiali
607 823 822 899 auctoritate
833 824 1010 911 notarius,
1022 825 1212 929 premissis
1223 824 1519 901 confessionibus
1530 843 1566 901 et
1580 825 1757 901 omnibus

341 952 421 1031 aliis
438 969 474 1027 et
489 951 658 1057 singulm,
681 972 792 1057 prout
807 955 845 1029 in
861 954 978 1030 tribus
995 954 1101 1031 cartis
1122 985 1186 1031 seu
1202 956 1316 1061 peciis
1332 955 1547 1033 immediate
1563 956 1759 1061 preceden-

343 1083 440 1159 tibus
455 1083 559 1188 sign'o
573 1110 659 1158 meo
673 1083 824 1188 signatis
837 1083 981 1189 plenius
995 1086 1244 1174 continentur,
1260 1115 1333 1162 una
1344 1114 1429 1161 cum
1436 1086 1692 1192 suprascriptis
1707 1106 1761 1163 te·

345 1213 458 1290 stibus
474 1231 510 1289 et
524 1213 855 1319 magistrisAmisio
867 1217 912 1291 de
923 1214 1133 1306 Aureliano,
1146 1217 1313 1293 lobanne
1330 1216 1377 1291 de
1393 1215 1565 1305 Pruvin0,
1580 1215 1761 1293 Gausrido

348 1342 533 1449 Enguelor
548 1343 648 1421 dicto
659 1345 801 1451 Chalop
814 1363 851 1422 et
865 1347 990 1422 Eveno
1008 1344 1101 1423 Phili
1124 1347 1282 1452 publicis
1298 1347 1464 1435 notariis,
1485 1374 1636 1452 presens
1658 1348 1764 1422 inter-

343 1473 413 1562 lui,
427 1475 521 1551 etde
539 1474 712 1551 mandato
728 1476 816 1551 dicti
837 1477 1063 1581 inquisitoris
1074 1478 1162 1555 huic
1175 1478 1419 1554 instrumento
1438 1505 1498 1554 me
1515 1478 1713 1583 subscripsi
1726 1480 1762 1552 in

345 1605 599 1682 testimonium
620 1607 906 1710 premissorum,
925 1608 1104 1713 signoque
1126 1637 1211 1687 meo
1231 1609 1339 1686 solito
1360 1609 1496 1715 signavi
1516 1624 1677 1715 rogatus.

397 1871 437 1944 ln
462 1871 615 1947 nomine
636 1871 788 1947 Domini
811 1899 930 1948 amen.
957 1872 1064 1950 Anno
1085 1874 1254 1978 ejusdem
1280 1873 1478 1949 millesimo
1504 1872 1762 1947 trecentesimo

346 2001 520 2103 septimo,
542 2000 729 2078 indicione
744 2019 858 2090 sexta,
872 2030 1000 2079 mense
1016 2005 1195 2091 octobris,
1218 2003 1390 2081 vicesima
1407 2003 1563 2108 septima
1585 2003 1644 2077 die
1667 2001 1765 2107 ejus-

349 2130 433 2206 dem
451 2129 605 2218 mensis,
622 2130 858 2234 pontificatus
874 2133 1093 2210 sanctissimi
1112 2134 1228 2238 patris
1248 2133 1391 2210 domini
1413 2132 1616 2209 Clementis
1643 2131 1765 2206 divina

347 2258 581 2360 providencia
601 2288 721 2365 pappe
748 2263 869 2365 quinti
891 2290 987 2338 anno
1014 2263 1196 2350 secundo,
1225 2291 1291 2368 per
1310 2289 1465 2366 presens
1488 2261 1683 2367 publicum
1710 2261 1768 2335 in-

348 2404 597 2465 strumentum
618 2407 741 2495 pateat
761 2391 943 2467 universis
962 2391 1067 2497 quod
1087 2394 1126 2467 in
1145 2393 1307 2499 religiosi
1330 2409 1368 2467 et
1389 2392 1538 2468 honesti
1559 2391 1625 2466 viri
1646 2389 1767 2464 lratris

252 2575 257 2582 -
348 2518 537 2596 Guillelmi
565 2521 611 2598 de
638 2523 773 2598 Sancto
793 2522 950 2600 Evurcio
975 2523 1110 2626 prioris
1136 2540 1340 2598 conventus
1364 2522 1646 2598 Predicatorum
1667 2520 1765 2594 Pari-

347 2649 438 2742 sius,
451 2652 711 2736 commissarii,
723 2653 885 2758 religiosi
899 2670 937 2729 et
947 2653 1094 2729 bonesti
1112 2655 1178 2728 viri
1193 2652 1315 2728 fratris
1330 2650 1526 2729 Guillermi
1546 2654 1594 2727 de
1609 2650 1768 2725 Parisius

348 2780 577 2884 inquisitoris
592 2782 756 2857 heretice
768 2783 957 2886 pravitatis
971 2782 1009 2858 in
1024 2810 1141 2888 regno
1154 2781 1323 2867 Francis,
1336 2781 1554 2857 auctoritate
1568 2779 1767 2884 apostolica

349 2908 533 3014 deputati,
550 2929 718 2987 nostrum
733 2913 965 2989 notariorum
975 2911 1214 3018 publicorum
1232 2929 1268 2988 et
1283 2909 1600 3016 infrascriptorum
1616 2909 1768 2984 testium

347 3040 556 3143 presencia,
569 3042 606 3115 in
617 3042 732 3117 domo
742 3041 891 3146 Templi
904 3042 1128 3131 Parisiensis,
1140 3041 1414 3149 personnaliter
1423 3040 1646 3118 constitutus
1656 3037 1769 3114 frater

350 3171 557 3246 Bemardus
583 3171 629 3246 de
655 3172 783 3249 Brocia
812 3191 938 3250 custos
967 3174 1103 3251 domus
1128 3173 1175 3249 de
1200 3173 1350 3278 Sarnay,
1374 3171 1479 3247 etatis
1503 3168 1770 3276 quinquaginta

351 3327 549 3389 annorum,
568 3319 611 3377 ut
625 3301 787 3390 dicebat,
805 3305 908 3381 testis
923 3305 1071 3409 juratus
1090 3303 1135 3379 de
1153 3331 1191 3380 se
1213 3322 1249 3379 et
1265 3303 1346 3380 aliis
1363 3303 1404 3377 in
1419 3329 1526 3382 causa
1541 3299 1630 3376 lidei
1646 3300 1770 3376 dicere

352 3431 558 3519 veritatem,
581 3431 673 3508 dixit
692 3460 759 3537 per
774 3435 1031 3539 juramentum
1051 3463 1161 3511 suum
1182 3435 1286 3540 quod
1312 3449 1482 3539 receptus
1503 3431 1575 3508 luit
1597 3432 1637 3507 in
1658 3431 1772 3506 domo

351 3560 397 3636 de
412 3559 511 3637 Malo
532 3562 712 3665 Repastu‚
727 3562 950 3666 perfratrem
970 3567 1177 3642 lohannem
1192 3565 1379 3641 deTumo
1398 3563 1672 3640 thesaurarium
1682 3578 1774 3637 tunc

351 3691 607 3780 Parisiensem,
632 3693 762 3770 decem
782 3695 868 3770 anni
889 3712 975 3772 sunt
995 3695 1108 3799 elapsi
1133 3695 1190 3770 vel
1212 3695 1322 3781 circa,
1345 3694 1437 3781 dixit
1458 3694 1570 3769 eciam
1590 3719 1659 3797 per
1673 3691 1775 3798 jura-

275 3832 282 3849 “
352 3838 518 3899 mentum
536 3850 648 3899 suum
664 3824 784 3928 quod,
804 3842 888 3929 post
903 3823 1041 3902 multas
1060 3825 1326 3930 promissiones
1346 3825 1392 3899 de
1409 3823 1553 3900 statutis
1572 3840 1610 3898 et
1625 3823 1774 3898 secretis

353 3951 495 4029 ordinis
513 3951 770 4041 observandis,
793 3972 830 4030 et
850 3954 1025 4030 mantello
1046 3955 1116 4032 sibi
1137 3954 1184 4030 ad
1205 3953 1344 4030 collum
1365 3954 1507 4056 posito,
1542 3951 1603 4028 ille
1628 3952 1691 4056 qui
1717 3979 1775 4024 re-

355 4081 452 4185 cepit
468 4109 555 4157 eum
567 4084 734 4186 precepit
751 4084 822 4161 sibi
834 4083 938 4189 quod
951 4084 1181 4161 oscularetur
1192 4110 1279 4163 eum
1296 4084 1333 4157 in
1351 4081 1542 4168 unibilicO,
1557 4078 1772 4186 quodseoit,

355 4228 394 4284 et
402 4226 530 4315 postea
540 4212 578 4286 in
594 4241 675 4303 ore;
688 4242 765 4319 quo
781 4212 894 4303 lacto,
915 4213 1080 4290 ostendit
1094 4213 1165 4289 sibi
1184 4214 1382 4319 quamdam
1398 4238 1543 4288 crucem
1557 4209 1597 4285 in
1612 4227 1778 4315 quaerat

353 4367 486 4447 ymago
495 4341 612 4418 Jhesu
622 4342 777 4432 Christi,
791 4360 829 4420 et
839 4342 925 4420 lecit
936 4370 1025 4419 eum
1036 4342 1218 4447 abnegare
1228 4342 1383 4418 lbesum
1392 4341 1581 4419 Christum
1595 4356 1631 4414 et
1644 4366 1776 4442 spuere

355 4469 469 4547 semel
489 4500 604 4576 super
621 4501 781 4550 crucem.
803 4474 902 4550 Dixit
918 4473 1033 4551 eciam
1054 4501 1122 4579 per
1135 4475 1390 4581 juramentum
1411 4501 1521 4548 suum
1538 4470 1640 4576 quod
1656 4468 1776 4543 dictus

354 4600 538 4704 recipiens
558 4605 725 4708 precepit
759 4604 828 4680 sibi
863 4604 969 4710 quod
992 4605 1144 4683 omnino
1175 4604 1377 4679 abstineret
1401 4632 1420 4677 a
1445 4601 1683 4689 mulieribus,
1710 4599 1773 4675 sed

355 4728 464 4807 dabat
481 4731 550 4808 sibi
573 4732 764 4809 licenciam
786 4735 1051 4816 commiscendi
1067 4764 1105 4811 se
1123 4733 1315 4810 carnaliter
1331 4762 1417 4809 cum
1433 4732 1607 4809 fratribus
1628 4732 1718 4818 suis,
1740 4748 1776 4804 et

355 4861 458 4964 quod
476 4879 665 4967 pateretur
680 4864 727 4940 de
740 4865 849 4941 sociis
860 4865 935 4979 suis
948 4865 1032 4941 boc.
1046 4866 1151 4943 ldem
1164 4864 1365 4970 requisitus
1378 4865 1425 4941 de
1441 4864 1560 4967 capite
1576 4865 1622 4938 de
1638 4890 1714 4968 quo
1737 4862 1777 4934 lit
