4236 5948
341 521 416 596 aot
722 507 916 600 rnocns
948 525 1044 596 nns
1076 524 1383 600 rnnrnrnas.

342 692 551 770 cognomen
575 663 736 771 ignorat,
767 683 845 743 erat
868 683 995 743 tamen
1027 664 1074 741 de
1104 664 1370 774 Burdogalensi
1400 664 1539 742 diocesi
1566 665 1763 744 oriundus.

342 795 467 888 Quem
483 792 585 870 idem
614 810 786 898 receptor
806 794 946 900 recepit
966 794 1003 870 in
1031 793 1163 869 eadem
1186 794 1348 901 capella,
1380 794 1620 901 presentibus
1646 813 1769 873 astan-

341 923 445 1001 tibus
474 921 828 1028 supranominatis,
856 923 952 999 infra
978 921 1180 1000 dimidium
1206 953 1347 1001 annum
1370 954 1390 1001 a
1410 924 1628 1033 recepcione
1650 925 1770 1030 ipsius

343 1054 462 1143 testis,
484 1069 568 1128 voto
587 1068 714 1128 tamen
746 1054 882 1131 emisso
908 1081 975 1159 per
996 1053 1138 1131 dictum
1169 1052 1402 1133 Galhardum
1433 1070 1471 1130 et
1490 1055 1670 1132 mantello
1695 1054 1768 1132 sibi

343 1183 499 1271 tradito,
529 1182 651 1259 dictus
675 1182 794 1274 testis,
822 1183 870 1260 de
892 1183 1069 1260 mandato
1091 1183 1180 1260 dicti
1200 1184 1420 1289 receptoris‚
1441 1186 1612 1273 recessit,
1632 1201 1676 1262 ut
1689 1213 1771 1291 pre·

344 1329 489 1419 pararet
517 1339 702 1404 mensam,
730 1328 769 1388 et
794 1313 912 1389 nescit
948 1314 1054 1419 quod
1080 1343 1124 1388 ex
1153 1330 1245 1389 tunc
1279 1328 1449 1420 egerunt.
1481 1312 1612 1389 Credit
1639 1328 1769 1390 tamen

345 1443 450 1551 quod
466 1442 636 1519 lecerunt
652 1469 740 1519 eum
759 1443 960 1552 abnegare,
983 1444 1078 1519 sicut
1098 1442 1264 1520 fecerant
1283 1444 1408 1549 ipsum
1430 1459 1582 1533 testem,
1606 1458 1644 1519 et
1663 1470 1771 1520 man-

345 1573 526 1650 daverunt
545 1573 823 1679 quodspueret
850 1602 964 1680 super
991 1602 1138 1650 crucem
1165 1574 1261 1651 sicut
1287 1574 1553 1650 mandaverant
1573 1572 1642 1678 ipsi
1661 1574 1768 1661 testi,

346 1723 383 1783 et
402 1706 508 1811 quod
537 1705 790 1781 communiter
817 1720 854 1779 et
880 1703 1023 1809 ubique
1054 1704 1157 1780 idem
1182 1698 1391 1781 seruaretur
1410 1704 1449 1777 in
1483 1702 1771 1807 receptionibus

345 1836 519 1912 aliorum.
546 1835 658 1926 ltem,
690 1833 783 1910 dixit
808 1832 912 1940 quod
940 1833 1018 1938 ipse
1048 1833 1145 1910 bene
1174 1833 1350 1911 credebat
1376 1831 1629 1909 ecclesiasticis
1657 1862 1771 1911 sacra·

344 1967 500 2056 mentis,
522 1965 680 2041 credens
706 1964 811 2068 qnod
830 1962 891 2038 alii
911 1961 1042 2038 fratres
1067 1961 1211 2039 ordinis
1237 1963 1374 2039 eodem
1402 1962 1518 2038 modo
1550 1960 1768 2052 crederent,

346 2112 383 2171 et
407 2094 511 2201 quod
544 2122 674 2170 eorum
703 2092 915 2168 sacerdotes
944 2091 1070 2167 debite
1104 2089 1354 2179 celebrarent3
1388 2119 1466 2168 non
1493 2109 1620 2167 tamen
1648 2092 1771 2169 credit

346 2226 450 2330 quod
472 2225 594 2300 dictus
621 2239 793 2327 receptor
813 2222 879 2328 qui
906 2220 993 2297 lecit
1027 2221 1194 2326 predicta
1221 2220 1303 2298 fieri
1333 2238 1428 2299 esset
1451 2221 1575 2298 bonus
1598 2222 1771 2299 christia·

347 2382 435 2444 nus,
465 2383 534 2430 nec
564 2355 667 2459 quod
693 2351 830 2429 faceret
852 2351 951 2428 bona
971 2352 1187 2429 intencione
1217 2351 1395 2458 predicta.
1426 2351 1567 2428 Juravit
1592 2351 1770 2429 ordinem

347 2511 423 2561 non
442 2484 557 2574 exire,
591 2483 748 2560 credens
765 2482 869 2587 quod
901 2478 962 2556 alii
996 2481 1100 2557 idem
1128 2483 1310 2588 jurarent.
1342 2481 1584 2559 Clandestine
1609 2481 1771 2588 recipie-

347 2615 495 2706 bantur,
509 2612 625 2690 nullis
641 2613 878 2718 presentibus
899 2612 969 2688 nisi
992 2611 1168 2688 fratribus
1183 2611 1345 2701 ordinis,
1368 2640 1411 2688 ex
1424 2639 1501 2717 qno
1522 2610 1643 2688 credit
1663 2612 1773 2718 quod

347 2760 444 2820 esset
470 2744 631 2849 suspicio
661 2758 790 2820 contra
820 2769 896 2819 eos.
924 2740 1055 2818 Credit
1081 2741 1185 2845 quod
1218 2740 1425 2818 revelantes
1457 2758 1598 2818 secreta
1626 2741 1772 2848 capitu·

347 2871 486 2950 liorum
506 2874 629 2978 puniti
663 2871 832 2962 luissent.
862 2873 1010 2948 Fratres
1038 2898 1134 2976 quos
1161 2871 1281 2947 eredit
1305 2870 1452 2948 scivisse
1478 2898 1623 2948 errores
1639 2870 1773 2976 predi·

347 3002 426 3079 ctos
445 3002 597 3079 fuerunt
619 3000 869 3110 negligentes,
896 3003 984 3107 quia
1003 3028 1080 3077 non
1098 3018 1337 3078 correxerunt
1353 3028 1417 3078 eos
1432 3028 1502 3076 neo
1521 2999 1773 3081 denunciave-

308 3167 310 3171 ⁴
346 3151 435 3211 runt
450 3133 626 3210 Ecclesie.
656 3131 946 3210 Elemosinas'et
970 3130 1260 3238 hospitalitatem
1289 3132 1383 3208 vidit
1408 3132 1447 3207 in
1473 3132 1570 3207 dicta
1591 3131 1707 3210 domo
1728 3134 1771 3211 in

347 3292 421 3368 qna
448 3280 620 3368 receptus
639 3261 710 3338 luit
737 3278 774 3337 et
792 3278 960 3339 moratus
992 3262 1257 3338 convenienter
1286 3261 1369 3338 lieri
1399 3278 1436 3338 et
1463 3262 1614 3350 servari,
1637 3278 1675 3340 et
1690 3261 1774 3341 ¹fnit

348 3391 381 3466 ei
401 3392 546 3468 dictum
564 3391 671 3496 quod
690 3390 901 3497 acquireret
916 3390 1057 3480 ordini,
1080 3418 1157 3467 non
1173 3390 1397 3469 declarando
1416 3418 1483 3497 per
1502 3391 1556 3469 las
1575 3390 1633 3468 vel
1650 3392 1770 3472 nefas.

347 3522 478 3599 Credit
505 3522 610 3628 quod
640 3522 810 3598 ordinata
840 3549 907 3627 per
940 3521 1158 3629 Magistrum
1191 3551 1278 3598 cum
1314 3539 1516 3614 conventu,
1549 3523 1579 3599 si
1611 3521 1773 3602 luissent

346 3651 466 3740 bona,
497 3668 675 3730 servasset
704 3667 807 3729 totus
836 3653 948 3742 ordo,
987 3669 1116 3745 contra
1146 3681 1258 3759 quem
1289 3669 1443 3758 propter
1468 3653 1636 3758 predicta
1667 3681 1772 3733 nunc

346 3781 499 3888 grandia
520 3780 707 3874 scandala,
733 3783 894 3888 suspicio
918 3799 956 3859 et
982 3781 1134 3877 infamia
1161 3799 1250 3858 sunt
1275 3800 1417 3893 exorta,
1440 3799 1478 3859 et
1501 3798 1630 3859 contra
1651 3810 1772 3889 quern

347 3939 505 4019 magnus
533 3913 708 4018 Magister
737 3929 774 3989 et
802 3911 865 3988 alii
894 3911 1071 3988 dicuntur
1102 3909 1227 4017 aliqua
1255 3910 1368 3989 fuisse
1394 3911 1571 4000 confessi,
1593 3912 1640 3989 ad
1659 3913 1772 4020 cujus

346 4039 616 4117 deffensionem
636 4039 780 4118 ordinis
798 4068 838 4117 se
865 4066 942 4117 non
968 4038 1173 4131 obtulerat,
1191 4068 1260 4116 nec
1282 4039 1404 4117 luerat
1423 4039 1523 4117 ultra
1537 4067 1653 4118 mare.

400 4171 614 4275 Requisitus
648 4171 679 4247 si
714 4173 767 4246 sic
791 4169 1017 4276 deposuerat
1043 4199 1174 4276 prece,
1207 4187 1403 4277 precepto,
1436 4171 1592 4259 timore,
1621 4197 1769 4265 amore,

347 4297 453 4385 odio,
481 4300 539 4376 vel
566 4299 766 4406 temporali
800 4300 964 4378 comodo
988 4301 1118 4378 habito
1144 4299 1201 4376 vel
1228 4301 1423 4390 habendo,
1450 4299 1647 4406 respondit
1664 4300 1773 4408 quod

348 4454 440 4513 non,
461 4428 528 4504 sed
554 4457 624 4535 pro
643 4429 798 4507 veritate
825 4429 1001 4520 dicenda;
1021 4432 1080 4508 cui
1098 4430 1170 4508 luit
1187 4431 1399 4539 injunctum
1427 4430 1533 4536 quod
1564 4457 1642 4508 non
1672 4458 1772 4508 reve·

346 4556 440 4633 laret
468 4560 564 4636 hanc
583 4589 689 4638 suam
710 4560 1012 4667 deposicionem,
1034 4590 1234 4668 quousque
1255 4562 1514 4640 attestaciones
1531 4560 1673 4639 fuerint
1701 4584 1770 4667 pu·

345 4684 501 4777 blicate;
522 4706 560 4766 et
579 4690 813 4797 intelligebat
832 4690 1004 4770 latinum.
1708 4684 1717 4699 ⁸
