4236 5948
627 538 821 631 procas
849 557 944 632 nas
971 536 1272 637 'lEMPLIERs
1591 563 1659 639 ns

239 697 390 777 siasticis
404 700 658 788 sacramentis,
676 699 815 805 quibus
828 701 907 806 ipse
925 701 1112 793 credebat,
1128 722 1165 781 et
1181 706 1285 812 quod
1301 732 1432 781 corum
1451 704 1661 782 sacerdotes

239 831 362 907 debite
384 830 625 906 celebrarent.
648 831 758 918 Item,
779 832 871 908 dixit
889 835 993 938 quod
1015 834 1053 911 in
1082 834 1376 913 diffinicionibus
1398 834 1660 939 capituliorum

236 979 431 1068 preceptor
442 960 556 1036 laicus
568 961 633 1066 qui
644 961 858 1066 presidebat
870 961 1035 1038 dicebat:
1051 1001 1063 1031 a
1079 966 1135 1042 De
1147 965 1220 1042 hiis
1233 994 1307 1072 que
1320 964 1511 1042 obmitetis
1523 965 1658 1055 dicere,

237 1094 284 1170 ob
304 1091 567 1169 verecundiam
589 1093 708 1167 carnis
725 1092 781 1168 vel
801 1093 977 1168 timorem
989 1095 1157 1200 justicie,
1179 1094 1335 1173 facimus
1355 1095 1460 1172 vobis
1481 1095 1583 1172 illam
1604 1097 1656 1171 in·

238 1223 474 1331 dulgenciam
490 1252 603 1329 quam
617 1252 836 1328 possumus,
855 1242 892 1300 et
906 1253 1081 1330 rogamus
1100 1226 1242 1314 Deum,
1258 1245 1296 1303 et
1311 1256 1374 1304 vos
1391 1245 1517 1335 rogate
1534 1226 1656 1334 quod,

237 1357 330 1431 sicut
350 1352 507 1430 indulsit
527 1353 745 1459 Magdalene
769 1372 918 1460 peccata
938 1383 1018 1445 sua,
1042 1356 1092 1432 ita
1114 1357 1306 1464 indulgeat
1325 1357 1429 1434 vobis
1448 1374 1487 1434 et
1507 1358 1626 1435 nobis.
1646 1396 1657 1423 υ

237 1484 449 1592 lleffquisitus
469 1485 500 1560 si
520 1513 587 1588 per
610 1484 724 1561 talem
744 1484 1025 1562 absolucionem
1050 1488 1226 1563 credebat
1252 1517 1291 1563 sc
1319 1516 1398 1564 esse
1427 1488 1619 1565 absolutus
1640 1518 1658 1562 a

237 1616 414 1723 peccatis,
431 1615 745 1720 responditquod
766 1644 858 1706 non,
881 1617 948 1692 sed
973 1616 1095 1692 solum
1121 1648 1140 1694 a
1166 1617 1371 1723 disciplinis
1393 1617 1553 1706 ordinis,
1584 1647 1657 1724 que

238 1746 501 1853 infligebantur
516 1763 670 1851 propter
686 1773 854 1823 excessus
877 1775 972 1852 quos
993 1747 1279 1825 committebant
1296 1748 1499 1824 interdum.
1523 1749 1658 1854 Requi·

238 1879 328 1954 situs
345 1877 517 1983 aquibus
537 1876 679 1953 audivit
693 1876 776 1953 fieri
792 1877 999 1983 predictam
1018 1877 1315 1968 absolucionem,
1340 1878 1433 1953 dixit
1447 1878 1548 1984 quod
1566 1877 1658 1953 vidit

237 2008 317 2084 lieri
335 2008 434 2083 ultra
460 2036 561 2083 mare
581 2036 650 2113 per
670 2007 814 2083 dictum
834 2005 987 2084 fratrem
1008 2008 1239 2084 Ademarum
1267 2008 1313 2084 de
1333 2010 1531 2114 Peyrucza,
1557 2025 1593 2084 et
1618 2009 1657 2083 in

236 2135 406 2214 Alvernia
426 2165 493 2243 per
510 2135 661 2212 fratrem
680 2138 833 2213 Petrum
855 2136 902 2212 de
925 2137 1052 2213 Dumo
1072 2138 1297 2243 piedictum.
1319 2139 1400 2244 lpse
1424 2155 1463 2214 et
1482 2137 1544 2213 alii
1563 2167 1658 2244 quos

236 2268 326 2345 vidit
345 2269 458 2374 recipi
476 2269 698 2373 juraverunt
715 2296 792 2343 non
813 2269 911 2343 exire
928 2268 1072 2344 dictum
1092 2269 1285 2358 ordinem,
1304 2270 1461 2345 credens
1476 2268 1580 2374 quod
1596 2268 1657 2344 alii

237 2398 486 2476 communiter
503 2398 574 2473 hoc
588 2397 770 2502 jurarent.
793 2398 927 2475 Statim
945 2428 1013 2505 pro
1032 2399 1207 2506 professis
1224 2399 1478 2476 habebantur.
1501 2398 1660 2477 Claude·

236 2528 330 2604 stine
355 2527 647 2632 recipiebantur,
672 2555 715 2603 ex
733 2556 809 2633 quo
834 2529 952 2604 credit
973 2529 1078 2635 quod
1103 2547 1200 2606 esset
1222 2529 1318 2604 mala
1343 2527 1505 2634 suspicio
1531 2545 1657 2604 contra

237 2686 309 2735 eos.
326 2657 504 2735 Cordulis
524 2657 769 2765 cingebantur
783 2688 896 2765 super
914 2660 1082 2736 camisias
1100 2689 1186 2737 cum
1199 2659 1339 2766 quibus
1349 2658 1542 2766 jacebant,
1565 2687 1657 2765 quas

237 2787 475 2865 assumebant
492 2788 594 2864 unde
615 2788 801 2864 volebant.
824 2791 878 2866 De
899 2789 1021 2894 ydolis
1045 2789 1160 2865 nichil
1183 2789 1286 2866 scivit
1308 2817 1377 2864 nec
1401 2788 1553 2864 audivit.
1583 2788 1658 2865 Au-

237 2920 326 2996 divit
345 2937 472 2995 tamen
495 2918 567 2994 dici
587 2918 686 2994 ultra
703 2948 805 2994 mare
821 2936 859 2994 et
874 2919 980 3010 citra,
1002 2947 1079 2995 non
1097 2919 1315 2996 recordatur
1333 2948 1353 2994 a
1373 2918 1528 3024 quibus,
1550 2918 1656 3024 quod

237 3051 396 3127 maiores
413 3049 556 3126 ordinis
576 3047 767 3125 habebant
787 3049 910 3154 aliqua
928 3050 1075 3126 occulta
1092 3050 1132 3124 in
1152 3049 1286 3127 ordine
1307 3077 1381 3154 que
1412 3076 1490 3124 non
1518 3047 1657 3123 revela-

236 3181 373 3257 bantur
392 3179 632 3257 inlerioribus
650 3178 806 3256 ordinis.
824 3179 900 3273 Qui
921 3154 1145 3256 revelassent
1162 3194 1302 3256 secreta
1326 3177 1575 3283 capitulorum
1598 3176 1656 3251 vel

237 3312 394 3387 modum
412 3309 639 3416 recepcionis
655 3336 722 3385 sue
740 3310 899 3417 graviter
917 3309 1040 3415 puniti
1062 3309 1237 3397 luissent,
1260 3309 1326 3385 sed
1346 3307 1464 3385 nescit
1483 3305 1653 3413 qualiter.

237 3440 429 3534 Quamdiu
450 3440 640 3516 habebant
664 3440 808 3545 copiam
830 3441 1066 3516 sacerdotnm
1086 3440 1245 3528 ordinis,
1278 3466 1354 3515 non
1374 3454 1548 3544 poterant
1575 3435 1656 3513 aliis

237 3571 422 3661 confiteri,
446 3588 482 3646 et
499 3570 549 3645 ita
565 3567 841 3675 precipiebatur
858 3570 896 3644 in
915 3569 1059 3646 ordine.
1080 3572 1225 3646 Fratres
1240 3570 1398 3646 scientes
1417 3596 1562 3645 errores
1574 3567 1655 3643 lue·

235 3719 324 3777 runt
337 3700 579 3806 negligentes,
592 3700 680 3805 quia
693 3727 769 3774 non
786 3717 1027 3776 correxerunt
1037 3728 1101 3775 eos
1116 3728 1186 3775 nec
1203 3696 1656 3775 denunciaveruntEccle·
1776 3718 1779 3724 ’

236 3830 300 3907 sie.
321 3829 555 3906 Elemosinas
575 3844 613 3904 et
637 3827 926 3934 hospitalitatem
951 3829 1044 3905 vidit
1066 3828 1330 3905 convenienter
1349 3828 1433 3904 fieri
1457 3844 1495 3903 et
1518 3828 1653 3903 servari

236 3960 272 4035 in
299 3958 478 4037 domibus
501 3958 644 4036 ordinis
663 3957 702 4032 in
724 3957 864 4064 quibus
887 3959 1005 4035 extitit
1025 3975 1289 4036 commoratus.
1312 3956 1581 4064 lnjungebatur
1602 3956 1655 4033 eis

236 4090 338 4195 quod
357 4107 601 4196 procurarent
620 4088 821 4165 utilitatem
843 4087 1006 4175 ordinis,
1031 4089 1097 4166 sed
1118 4118 1164 4165 ne
1185 4089 1320 4194 injuste
1344 4086 1579 4192 acquirerent
1599 4086 1656 4160 in-

235 4201 436 4298 hibebatur
449 4249 629 4327 expresse.
645 4219 883 4325 Quandoque
900 4219 1124 4296 tenebantur
1137 4219 1310 4325 capitulia
1322 4219 1360 4292 in
1378 4243 1525 4304 aurora,
1543 4214 1656 4291 nullis

233 4351 467 4459 presentibus
479 4351 549 4427 nisi
564 4349 752 4438 fratribus,
771 4365 809 4424 et
823 4348 1090 4453 providebatur
1105 4348 1209 4455 quod
1225 4377 1266 4425 ea
1285 4375 1359 4454 que
1380 4345 1587 4450 agebantur
1600 4345 1657 4421 in-

233 4481 367 4570 terius,
381 4482 541 4559 exterius
552 4509 628 4558 non
641 4480 873 4557 audirentur.
882 4479 1062 4558 Ordinata
1074 4502 1143 4585 per
1151 4506 1330 4585 magnum
1341 4476 1560 4581 Magistrum
1570 4503 1656 4551 cum

234 4629 418 4691 conventu
450 4629 590 4689 servata
611 4611 770 4688 luissent
793 4610 832 4685 in
856 4610 1006 4695 ordine,
1030 4627 1156 4686 contra
1177 4637 1291 4715 quem
1313 4623 1469 4713 propter
1491 4605 1657 4711 predicta

233 4743 387 4853 grandia
399 4742 580 4831 scandala,
594 4741 756 4848 suspicio
772 4758 809 4817 et
824 4740 974 4817 infamia
984 4757 1072 4817 sunt
1092 4757 1229 4817 exorta.
1249 4737 1462 4817 Conlessata
1479 4765 1545 4843 per
1567 4766 1655 4814 eum

235 4874 355 4952 credit
374 4873 479 4980 quod
504 4890 626 4949 essent
650 4889 738 4949 nota
761 4870 937 4949 fratribus
960 4871 1115 4962 ordinis,
1136 4886 1264 4948 contra
1283 4896 1399 4975 quem
1420 4867 1561 4945 audivit
1582 4867 1656 4944 dici

321 5009 428 5072 moces
449 5030 500 5071 nes
522 5027 782 5070 rennuens-n.
1470 5025 1506 5089 ¹9
