4236 5948
369 551 441 624 rso
755 531 953 623 ruocts
979 550 1075 621 oss
1102 544 1401 622 caueamus.

371 691 468 768 dicta
486 688 545 766 vel
565 689 706 794 prolata
726 688 766 766 in
787 688 957 796 capitulis
980 689 1146 794 pandant
1168 690 1323 794 recepti,
1349 716 1440 765 neve
1461 686 1634 792 detegant
1653 688 1786 792 cuique

370 822 448 910 alii,
472 820 589 895 eciam
608 819 638 895 si
659 818 768 895 frater
783 820 829 896 sit
849 819 938 896 dicti
958 819 1114 907 ordinis,
1135 819 1205 895 nisi
1234 820 1309 896 illis
1334 816 1599 922 duntaxat-qui
1627 816 1788 922 capitulo

368 980 435 1028 sue
455 949 683 1055 recepcionis
702 966 872 1054 tempore
892 949 1089 1026 affuerunt.

422 1080 481 1156 Ad
500 1078 640 1167 lxxxut,
659 1076 794 1155 lxxxtur
806 1095 844 1154 et
858 1079 962 1158 lxxxv
981 1079 1154 1157 articulos
1175 1079 1369 1169 inclusive,
1384 1077 1584 1184 diligenter
1603 1095 1640 1153 et
1656 1076 1791 1184 sigilla-

368 1213 436 1287 tim
458 1211 725 1315 interrogatus,
745 1195 976 1315 respondens
996 1210 1089 1286 dixit
1105 1238 1144 1286 se
1158 1210 1311 1287 credere
1325 1226 1517 1286 contentas
1530 1207 1790 1313 deposiciones

369 1341 407 1415 in
427 1339 549 1416 littera
574 1339 872 1417 excellentissimi
898 1340 1041 1419 domini
1066 1340 1182 1417 nostri
1205 1341 1343 1417 summi
1365 1337 1554 1445 pontilicis
1572 1337 1735 1446 vulgatas
1755 1355 1791 1413 et

367 1468 568 1573 publicatas
588 1470 627 1545 in
647 1470 726 1577 ejus
746 1497 847 1548 sacro
864 1470 1099 1560 consistorio,
1114 1467 1225 1546 factas
1241 1499 1321 1547 esse
1339 1498 1408 1576 per
1425 1469 1614 1576 predictos
1634 1468 1699 1573 qui
1720 1467 1791 1543 fra-

366 1617 441 1676 tres
461 1599 574 1677 fuisse
596 1596 772 1678 dicuntur
792 1601 934 1678 ordinis
955 1600 1042 1677 dicti
1063 1600 1230 1707 Templi3
1253 1602 1345 1677 dixit
1362 1618 1487 1676 tamen
1505 1599 1609 1705 quod
1628 1626 1788 1703 semper,

368 1730 463 1806 salva
478 1730 699 1807 excellencia
715 1733 911 1809 ethonore
926 1730 1094 1837 ejusdem
1112 1730 1256 1808 domini
1269 1731 1383 1809 nostri
1398 1729 1534 1806 summi
1549 1727 1739 1833 pontilicis
1755 1728 1793 1805 et

371 1861 449 1966 ejus
471 1860 678 1936 consistorii
698 1878 808 1966 atque
831 1860 1005 1949 fratrum,
1025 1861 1215 1965 predictos
1234 1860 1364 1937 fratres
1383 1858 1530 1966 Templi
1550 1859 1590 1934 in
1611 1858 1720 1934 dictis
1740 1887 1791 1934 ar-

359 1989 490 2065 ticulis
509 1975 703 2065 contentos
722 1987 813 2065 salso
833 1989 948 2066 modo
965 2007 1002 2064 et
1015 2006 1144 2066 contra
1158 1991 1351 2066 veritatem
1366 1989 1428 2065 illa
1442 2016 1516 2094 que
1530 1986 1690 2064 confessi
1707 2005 1791 2063 sunt

370 2118 564 2196 dixisse-et
583 2117 770 2194 confessos
791 2146 887 2210 esse,
910 2147 993 2203 cum
1015 2118 1077 2194 hic
1098 2119 1162 2224 qui
1184 2119 1351 2226 loquitur
1376 2148 1444 2196 nec
1469 2118 1560 2193 sciat
1578 2146 1647 2193 nec
1666 2118 1792 2193 credat

371 2245 491 2322 dictos
517 2273 660 2321 errores
679 2246 737 2322 vel
765 2247 812 2322 de
837 2246 910 2322 illis
931 2247 1096 2353 aliquem
1118 2249 1156 2323 in
1183 2249 1283 2325 dicto
1302 2247 1433 2325 ordine
1454 2245 1604 2352 Templi
1625 2275 1790 2352 unquam

370 2368 484 2451 fuisse
505 2391 666 2479 patratos
685 2403 755 2451 nec
776 2376 892 2454 eciam
907 2376 1131 2452 nominatos.

426 2503 484 2580 Ad
498 2503 617 2580 lxxxvi
630 2506 824 2581 articulum
841 2505 1042 2611 diligenter
1057 2507 1320 2612 interrogatus,
1342 2505 1572 2613 respondens
1583 2505 1675 2584 dixit
1687 2507 1790 2611 quod

369 2633 483 2710 frater
500 2632 684 2710 Amaldus
704 2634 751 2730 de
766 2635 988 2711 Torroselha
1011 2653 1210 2740 preceptor
1234 2635 1369 2713 domus
1388 2634 1536 2740 Templi
1559 2635 1606 2711 de
1627 2635 1793 2713 Garden-

371 2763 451 2839 chis
470 2765 509 2838 in'
528 2780 626 2839 terra
643 2763 833 2841 Catalonie
856 2765 996 2869 recepit
1015 2765 1138 2870 ipsum
1161 2764 1200 2840 in
1220 2764 1372 2842 fratrem
1391 2765 1479 2841 dicti
1501 2765 1660 2852 ordinis,
1676 2766 1715 2840 in
1736 2794 1793 2840 ca·

370 2892 467 2997 pella
492 2893 590 2968 dicte
616 2893 770 2980 domus,
797 2885 890 2969 circa
916 2893 1052 2970 festum
1077 2896 1192 2971 sancti
1217 2894 1408 2972 Michaelis
1431 2894 1599 3001 proxime
1625 2895 1791 3000 preteriti

319 3049 345 3068 ⁸·
370 3021 522 3099 suerunt
540 3020 634 3098 xnd'
653 3024 738 3098 anni
759 3023 816 3098 vel
837 3024 931 3098 circa
957 3023 1085 3128 elapsi,
1108 3025 1345 3128 presentibus
1369 3041 1406 3100 et
1427 3023 1569 3101 ibidem
1589 3023 1793 3101 astantibus
1821 3104 1825 3110 ,

371 3153 480 3228 Petro
502 3152 548 3227 de
570 3154 810 3230 Moutecurvo
831 3151 967 3239 milite,
989 3152 1254 3231 Bartholomeo
1269 3155 1426 3231 Navarro
1443 3153 1651 3258 presbitero
1670 3152 1794 3258 capel·
1836 3198 1839 3204 Α

371 3280 473 3369 lano,
494 3280 696 3358 Guillelmo
713 3282 761 3357 de
780 3284 987 3368 Passavant,
1009 3285 1048 3359 P.
1071 3282 1119 3358 de
1142 3283 1405 3387 Montesquino
1426 3300 1463 3359 et
1481 3280 1562 3358 aliis
1577 3282 1706 3358 multis
1720 3280 1792 3358 fra·

371 3410 491 3486 tribus
513 3411 682 3515 ejusdem
699 3411 850 3487 ordinis.
1379 3403 1381 3408 ¹

426 3541 486 3649 De
503 3539 619 3615 modo
640 3557 763 3615 autem
783 3570 848 3617 sue
868 3543 1113 3646 recepcionis,
1136 3542 1227 3618 dixit
1245 3559 1358 3647 prout
1376 3540 1488 3618 frater
1506 3541 1792 3618 Bartholomeus

375 3669 422 3744 de
440 3670 560 3745 Turre
579 3669 683 3744 testis
702 3671 858 3774 primus,
888 3688 923 3746 et
935 3730 936 3734 ,
948 3671 1058 3748 frater
1078 3672 1287 3778 capellanus
1311 3670 1479 3779 ejusdem
1497 3671 1661 3758 ordinis,
1683 3698 1792 3775 supra

354 3800 357 3806 ⁴
374 3800 465 3875 dixit
484 3816 521 3875 et
541 3799 714 3904 deposuit
735 3801 857 3876 insua
877 3801 1144 3878 testificatione.
1763 3793 1766 3796 ⁹

430 3929 488 4006 td
513 3928 661 4016 lxxxvu,
693 3929 839 4008 lxxxvtn
865 3948 902 4006 et
925 3931 1101 4008 ultimum
1128 3931 1302 4009 articulos
1325 3931 1522 4038 diligenter
1547 3948 1583 4006 et
1603 3930 1791 4037 sigillatim

375 4060 637 4166 interrogatus,
663 4061 894 4165 respondens
918 4061 1065 4168 negavit
1089 4061 1307 4167 simpliciter
1325 4061 1499 4136 universa
1523 4077 1560 4136 et
1587 4060 1730 4166 singula
1754 4059 1791 4135 in

373 4189 464 4294 ipsis
479 4188 645 4265 articulis
662 4207 835 4267 contenta
850 4208 887 4266 et
901 4191 1124 4296 specificataq
1146 4190 1288 4269 addens
1307 4189 1413 4296 quod
1425 4217 1493 4265 nec
1508 4189 1576 4265 scit
1592 4216 1662 4264 nec
1675 4189 1793 4265 credit

376 4347 520 4396 errores
529 4319 717 4423 predictos
726 4320 878 4397 traxisse
890 4320 946 4396 vel
956 4320 1130 4398 habuisse
1140 4321 1322 4426 originem
1334 4346 1549 4396 necnomen
1565 4315 1719 4423 aliquod
1731 4318 1793 4392 lra-

374 4449 499 4525 buisse
517 4449 555 4525 in
576 4449 877 4556 ordineTempli,
895 4467 931 4526 et
945 4451 1029 4555 plus
1040 4453 1155 4527 eciam
1169 4452 1257 4555 quie
1274 4478 1343 4527 nec
1356 4451 1394 4525 in
1406 4449 1526 4554 aliqua
1546 4465 1649 4555 parte
1662 4446 1791 4523 mundi

375 4577 474 4683 apud
491 4576 621 4655 fideles
635 4560 779 4686 aliquos
792 4579 1037 4670 Christianos,
1054 4611 1138 4659 cum
1153 4579 1337 4658 diabolica
1352 4581 1425 4656 sint
1440 4605 1566 4685 eaque
1581 4595 1794 4655 asseruntur
1858 4614 1864 4627 ·

377 4704 653 4789 etdieunturin
671 4710 832 4787 articulis
847 4739 991 4787 errores
1004 4710 1294 4818 exprimentibus
1311 4709 1537 4817 sepedictos3
1556 4736 1626 4784 nec
1645 4708 1714 4783 scit
1727 4734 1794 4782 nec

377 4865 542 4941 unquam
560 4837 652 4915 vidit
671 4868 738 4916 nec
758 4841 918 4918 credidit
939 4843 1055 4946 capita
1073 4843 1130 4920 vel
1149 4841 1259 4947 ydola
1283 4869 1447 4945 unquam
1469 4837 1583 4917 fuisse
1603 4838 1640 4913 in
1661 4836 1791 4915 ordine
