<?xml version="1.0" encoding="UTF-8"?>
<!DOCTYPE html PUBLIC "-//W3C//DTD XHTML 1.0 Transitional//EN"
    "http://www.w3.org/TR/xhtml1/DTD/xhtml1-transitional.dtd">
<html xmlns="http://www.w3.org/1999/xhtml" xml:lang="en" lang="en">
 <head>
  <title>
</title>
<meta http-equiv="Content-Type" content="text/html;charset=utf-8" />
  <meta name='ocr-system' content='tesseract 3.04.00' />
  <meta name='ocr-capabilities' content='ocr_page ocr_carea ocr_par ocr_line ocrx_word'/>
</head>
<body>
  <div class='ocr_page' id='page_1' title='image "./procsdestemplie00defegoog_0088.png"; bbox 0 0 4236 5948; ppageno 0'>
   <div class='ocr_carea' id='block_1_1' title="bbox 587 525 1610 617">
    <p class='ocr_par' dir='ltr' id='par_1_1' title="bbox 587 525 1610 617">
     <span class='ocr_line' id='line_1_1' title="bbox 587 525 1610 617; baseline 0.003 -3"><span class='ocrx_word' id='word_1_1' title='bbox 587 525 781 616; x_wconf 73' lang='lat' dir='ltr'>pauses</span> <span class='ocrx_word' id='word_1_2' title='bbox 807 542 901 614; x_wconf 81' lang='lat' dir='ltr'>nes</span> <span class='ocrx_word' id='word_1_3' title='bbox 926 541 1222 615; x_wconf 70' lang='lat' dir='ltr'>teupernus.</span> <span class='ocrx_word' id='word_1_4' title='bbox 1563 548 1610 617; x_wconf 80' lang='lat' dir='ltr'>ss</span> 
     </span>
    </p>
   </div>
   <div class='ocr_carea' id='block_1_2' title="bbox 196 679 1711 4800">
    <p class='ocr_par' dir='ltr' id='par_1_2' title="bbox 196 679 1711 4800">
     <span class='ocr_line' id='line_1_2' title="bbox 196 679 1614 791; baseline -0.008 -22"><span class='ocrx_word' id='word_1_5' title='bbox 196 718 278 769; x_wconf 88' lang='lat' dir='ltr'>mus</span> <span class='ocrx_word' id='word_1_6' title='bbox 295 684 444 791; x_wconf 81' lang='lat' dir='ltr'>Templi</span> <span class='ocrx_word' id='word_1_7' title='bbox 466 683 513 760; x_wconf 92' lang='lat' dir='ltr'>de</span> <span class='ocrx_word' id='word_1_8' title='bbox 537 682 730 772; x_wconf 90' lang='lat' dir='ltr'>Morlenis,</span> <span class='ocrx_word' id='word_1_9' title='bbox 750 699 921 788; x_wconf 87' lang='lat' dir='ltr'>presente</span> <span class='ocrx_word' id='word_1_10' title='bbox 942 680 1054 759; x_wconf 85' lang='lat' dir='ltr'>fratre</span> <span class='ocrx_word' id='word_1_11' title='bbox 1076 682 1193 760; x_wconf 84' lang='lat' dir='ltr'>Adam</span> <span class='ocrx_word' id='word_1_12' title='bbox 1209 679 1306 758; x_wconf 89' lang='lat' dir='ltr'>Colli</span> <span class='ocrx_word' id='word_1_13' title='bbox 1326 679 1455 758; x_wconf 90' lang='lat' dir='ltr'>Ordei.</span> <span class='ocrx_word' id='word_1_14' title='bbox 1476 684 1614 789; x_wconf 88' lang='lat' dir='ltr'>Requi-</span> 
     </span>
     <span class='ocr_line' id='line_1_3' title="bbox 197 810 1614 918; baseline -0.005 -21"><span class='ocrx_word' id='word_1_15' title='bbox 197 821 288 899; x_wconf 89' lang='lat' dir='ltr'>situs</span> <span class='ocrx_word' id='word_1_16' title='bbox 307 816 451 893; x_wconf 89' lang='lat' dir='ltr'>sibene</span> <span class='ocrx_word' id='word_1_17' title='bbox 473 810 663 890; x_wconf 90' lang='lat' dir='ltr'>recolebat</span> <span class='ocrx_word' id='word_1_18' title='bbox 678 811 781 918; x_wconf 89' lang='lat' dir='ltr'>quod</span> <span class='ocrx_word' id='word_1_19' title='bbox 797 812 919 888; x_wconf 90' lang='lat' dir='ltr'>dictus</span> <span class='ocrx_word' id='word_1_20' title='bbox 934 811 1052 889; x_wconf 76' lang='lat' dir='ltr'>Adam</span> <span class='ocrx_word' id='word_1_21' title='bbox 1070 812 1118 888; x_wconf 84' lang='lat' dir='ltr'>de</span> <span class='ocrx_word' id='word_1_22' title='bbox 1133 810 1283 888; x_wconf 85' lang='lat' dir='ltr'>lnserno</span> <span class='ocrx_word' id='word_1_23' title='bbox 1299 811 1487 888; x_wconf 90' lang='lat' dir='ltr'>osculatus</span> <span class='ocrx_word' id='word_1_24' title='bbox 1500 811 1614 890; x_wconf 84' lang='lat' dir='ltr'>luerit</span> 
     </span>
     <span class='ocr_line' id='line_1_4' title="bbox 198 940 1610 1048; baseline -0.005 -22"><span class='ocrx_word' id='word_1_25' title='bbox 198 951 233 1026; x_wconf 90' lang='lat' dir='ltr'>in</span> <span class='ocrx_word' id='word_1_26' title='bbox 251 945 434 1027; x_wconf 81' lang='lat' dir='ltr'>umbilico</span> <span class='ocrx_word' id='word_1_27' title='bbox 448 959 682 1048; x_wconf 84' lang='lat' dir='ltr'>receptorem</span> <span class='ocrx_word' id='word_1_28' title='bbox 699 970 810 1018; x_wconf 89' lang='lat' dir='ltr'>suum</span> <span class='ocrx_word' id='word_1_29' title='bbox 825 941 883 1018; x_wconf 90' lang='lat' dir='ltr'>vel</span> <span class='ocrx_word' id='word_1_30' title='bbox 899 941 1021 1048; x_wconf 92' lang='lat' dir='ltr'>ipsum</span> <span class='ocrx_word' id='word_1_31' title='bbox 1041 959 1194 1032; x_wconf 88' lang='lat' dir='ltr'>testem,</span> <span class='ocrx_word' id='word_1_32' title='bbox 1212 940 1405 1048; x_wconf 83' lang='lat' dir='ltr'>respondit</span> <span class='ocrx_word' id='word_1_33' title='bbox 1424 943 1528 1048; x_wconf 92' lang='lat' dir='ltr'>quod</span> <span class='ocrx_word' id='word_1_34' title='bbox 1542 944 1610 1036; x_wconf 90' lang='lat' dir='ltr'>sic,</span> 
     </span>
     <span class='ocr_line' id='line_1_5' title="bbox 196 1072 1614 1179; baseline -0.005 -24"><span class='ocrx_word' id='word_1_35' title='bbox 196 1076 355 1155; x_wconf 88' lang='lat' dir='ltr'>sednon</span> <span class='ocrx_word' id='word_1_36' title='bbox 371 1073 502 1151; x_wconf 85' lang='lat' dir='ltr'>recolit</span> <span class='ocrx_word' id='word_1_37' title='bbox 515 1099 632 1179; x_wconf 90' lang='lat' dir='ltr'>quem</span> <span class='ocrx_word' id='word_1_38' title='bbox 649 1099 794 1149; x_wconf 81' lang='lat' dir='ltr'>eorum.</span> <span class='ocrx_word' id='word_1_39' title='bbox 815 1072 1030 1178; x_wconf 86' lang='lat' dir='ltr'>Requisitus</span> <span class='ocrx_word' id='word_1_40' title='bbox 1044 1073 1075 1151; x_wconf 92' lang='lat' dir='ltr'>si</span> <span class='ocrx_word' id='word_1_41' title='bbox 1091 1073 1169 1178; x_wconf 92' lang='lat' dir='ltr'>ipse</span> <span class='ocrx_word' id='word_1_42' title='bbox 1186 1089 1224 1149; x_wconf 90' lang='lat' dir='ltr'>et</span> <span class='ocrx_word' id='word_1_43' title='bbox 1239 1072 1363 1149; x_wconf 89' lang='lat' dir='ltr'>dictus</span> <span class='ocrx_word' id='word_1_44' title='bbox 1378 1072 1498 1148; x_wconf 84' lang='lat' dir='ltr'>Adam</span> <span class='ocrx_word' id='word_1_45' title='bbox 1513 1072 1614 1150; x_wconf 90' lang='lat' dir='ltr'>Colis</span> 
     </span>
     <span class='ocr_line' id='line_1_6' title="bbox 198 1200 1613 1309; baseline -0.004 -24"><span class='ocrx_word' id='word_1_46' title='bbox 198 1207 313 1286; x_wconf 87' lang='lat' dir='ltr'>Ordei</span> <span class='ocrx_word' id='word_1_47' title='bbox 331 1204 516 1282; x_wconf 74' lang='lat' dir='ltr'>exiverant</span> <span class='ocrx_word' id='word_1_48' title='bbox 528 1200 708 1308; x_wconf 84' lang='lat' dir='ltr'>capellam·</span> <span class='ocrx_word' id='word_1_49' title='bbox 721 1200 927 1309; x_wconf 90' lang='lat' dir='ltr'>predictam</span> <span class='ocrx_word' id='word_1_50' title='bbox 941 1202 979 1278; x_wconf 91' lang='lat' dir='ltr'>in</span> <span class='ocrx_word' id='word_1_51' title='bbox 996 1231 1069 1308; x_wconf 90' lang='lat' dir='ltr'>qua</span> <span class='ocrx_word' id='word_1_52' title='bbox 1083 1219 1253 1307; x_wconf 87' lang='lat' dir='ltr'>receptus</span> <span class='ocrx_word' id='word_1_53' title='bbox 1269 1200 1341 1278; x_wconf 85' lang='lat' dir='ltr'>fuit</span> <span class='ocrx_word' id='word_1_54' title='bbox 1356 1201 1478 1278; x_wconf 87' lang='lat' dir='ltr'>dictus</span> <span class='ocrx_word' id='word_1_55' title='bbox 1493 1201 1613 1279; x_wconf 84' lang='lat' dir='ltr'>Adam</span> 
     </span>
     <span class='ocr_line' id='line_1_7' title="bbox 197 1330 1613 1438; baseline -0.003 -25"><span class='ocrx_word' id='word_1_56' title='bbox 197 1335 242 1413; x_wconf 92' lang='lat' dir='ltr'>de</span> <span class='ocrx_word' id='word_1_57' title='bbox 267 1333 417 1413; x_wconf 89' lang='lat' dir='ltr'>lnserno</span> <span class='ocrx_word' id='word_1_58' title='bbox 440 1332 658 1438; x_wconf 84' lang='lat' dir='ltr'>priusquam</span> <span class='ocrx_word' id='word_1_59' title='bbox 681 1330 786 1409; x_wconf 90' lang='lat' dir='ltr'>idern</span> <span class='ocrx_word' id='word_1_60' title='bbox 813 1330 931 1408; x_wconf 83' lang='lat' dir='ltr'>Adam</span> <span class='ocrx_word' id='word_1_61' title='bbox 956 1330 1093 1409; x_wconf 83' lang='lat' dir='ltr'>laceret</span> <span class='ocrx_word' id='word_1_62' title='bbox 1122 1332 1264 1408; x_wconf 90' lang='lat' dir='ltr'>dictum</span> <span class='ocrx_word' id='word_1_63' title='bbox 1291 1330 1462 1407; x_wconf 87' lang='lat' dir='ltr'>osculum</span> <span class='ocrx_word' id='word_1_64' title='bbox 1484 1351 1521 1407; x_wconf 92' lang='lat' dir='ltr'>et</span> <span class='ocrx_word' id='word_1_65' title='bbox 1544 1334 1613 1409; x_wconf 92' lang='lat' dir='ltr'>alia</span> 
     </span>
     <span class='ocr_line' id='line_1_8' title="bbox 198 1461 1614 1570; baseline -0.001 -29"><span class='ocrx_word' id='word_1_66' title='bbox 198 1464 324 1542; x_wconf 93' lang='lat' dir='ltr'>illicita</span> <span class='ocrx_word' id='word_1_67' title='bbox 337 1463 519 1570; x_wconf 86' lang='lat' dir='ltr'>predicta,</span> <span class='ocrx_word' id='word_1_68' title='bbox 532 1461 727 1566; x_wconf 89' lang='lat' dir='ltr'>respondit</span> <span class='ocrx_word' id='word_1_69' title='bbox 736 1462 841 1568; x_wconf 92' lang='lat' dir='ltr'>quod</span> <span class='ocrx_word' id='word_1_70' title='bbox 856 1488 950 1552; x_wconf 90' lang='lat' dir='ltr'>non,</span> <span class='ocrx_word' id='word_1_71' title='bbox 966 1461 1070 1567; x_wconf 91' lang='lat' dir='ltr'>quod</span> <span class='ocrx_word' id='word_1_72' title='bbox 1084 1462 1162 1567; x_wconf 92' lang='lat' dir='ltr'>ipse</span> <span class='ocrx_word' id='word_1_73' title='bbox 1174 1461 1329 1552; x_wconf 88' lang='lat' dir='ltr'>recolat,</span> <span class='ocrx_word' id='word_1_74' title='bbox 1347 1479 1384 1538; x_wconf 88' lang='lat' dir='ltr'>et</span> <span class='ocrx_word' id='word_1_75' title='bbox 1395 1463 1448 1537; x_wconf 91' lang='lat' dir='ltr'>eis</span> <span class='ocrx_word' id='word_1_76' title='bbox 1460 1491 1614 1568; x_wconf 87' lang='lat' dir='ltr'>presen-</span> 
     </span>
     <span class='ocr_line' id='line_1_9' title="bbox 199 1589 1611 1697; baseline -0.001 -27"><span class='ocrx_word' id='word_1_77' title='bbox 199 1595 313 1681; x_wconf 86' lang='lat' dir='ltr'>tibus,</span> <span class='ocrx_word' id='word_1_78' title='bbox 324 1592 540 1671; x_wconf 84' lang='lat' dir='ltr'>videntibus</span> <span class='ocrx_word' id='word_1_79' title='bbox 551 1609 588 1669; x_wconf 92' lang='lat' dir='ltr'>et</span> <span class='ocrx_word' id='word_1_80' title='bbox 598 1589 856 1683; x_wconf 83' lang='lat' dir='ltr'>audientibus,</span> <span class='ocrx_word' id='word_1_81' title='bbox 868 1592 1150 1668; x_wconf 90' lang='lat' dir='ltr'>intervenerunt</span> <span class='ocrx_word' id='word_1_82' title='bbox 1160 1591 1338 1697; x_wconf 90' lang='lat' dir='ltr'>predicta.</span> <span class='ocrx_word' id='word_1_83' title='bbox 1350 1593 1565 1697; x_wconf 87' lang='lat' dir='ltr'>Requisitus</span> <span class='ocrx_word' id='word_1_84' title='bbox 1582 1596 1611 1669; x_wconf 92' lang='lat' dir='ltr'>si</span> 
     </span>
     <span class='ocr_line' id='line_1_10' title="bbox 200 1719 1614 1828; baseline -0.001 -28"><span class='ocrx_word' id='word_1_85' title='bbox 200 1723 386 1800; x_wconf 88' lang='lat' dir='ltr'>recolebat</span> <span class='ocrx_word' id='word_1_86' title='bbox 410 1720 532 1828; x_wconf 90' lang='lat' dir='ltr'>qualis</span> <span class='ocrx_word' id='word_1_87' title='bbox 551 1738 648 1799; x_wconf 86' lang='lat' dir='ltr'>esset</span> <span class='ocrx_word' id='word_1_88' title='bbox 667 1750 753 1796; x_wconf 83' lang='lat' dir='ltr'>crux</span> <span class='ocrx_word' id='word_1_89' title='bbox 773 1721 879 1827; x_wconf 83' lang='lat' dir='ltr'>juxta</span> <span class='ocrx_word' id='word_1_90' title='bbox 898 1748 1012 1827; x_wconf 89' lang='lat' dir='ltr'>quam</span> <span class='ocrx_word' id='word_1_91' title='bbox 1033 1737 1185 1826; x_wconf 78' lang='lat' dir='ltr'>spueret</span> <span class='ocrx_word' id='word_1_92' title='bbox 1204 1719 1327 1797; x_wconf 90' lang='lat' dir='ltr'>dictus</span> <span class='ocrx_word' id='word_1_93' title='bbox 1347 1719 1466 1797; x_wconf 82' lang='lat' dir='ltr'>Adam</span> <span class='ocrx_word' id='word_1_94' title='bbox 1489 1723 1536 1799; x_wconf 92' lang='lat' dir='ltr'>de</span> <span class='ocrx_word' id='word_1_95' title='bbox 1555 1725 1614 1799; x_wconf 92' lang='lat' dir='ltr'>ln-</span> 
     </span>
     <span class='ocr_line' id='line_1_11' title="bbox 199 1848 1711 1958; baseline 0.001 -31"><span class='ocrx_word' id='word_1_96' title='bbox 199 1852 319 1942; x_wconf 88' lang='lat' dir='ltr'>semo,</span> <span class='ocrx_word' id='word_1_97' title='bbox 344 1852 538 1958; x_wconf 91' lang='lat' dir='ltr'>respondit</span> <span class='ocrx_word' id='word_1_98' title='bbox 557 1880 596 1927; x_wconf 87' lang='lat' dir='ltr'>se</span> <span class='ocrx_word' id='word_1_99' title='bbox 617 1878 694 1927; x_wconf 91' lang='lat' dir='ltr'>non</span> <span class='ocrx_word' id='word_1_100' title='bbox 714 1850 912 1928; x_wconf 89' lang='lat' dir='ltr'>recordari.</span> <span class='ocrx_word' id='word_1_101' title='bbox 940 1851 1156 1956; x_wconf 86' lang='lat' dir='ltr'>Requisitus</span> <span class='ocrx_word' id='word_1_102' title='bbox 1175 1850 1205 1925; x_wconf 90' lang='lat' dir='ltr'>si</span> <span class='ocrx_word' id='word_1_103' title='bbox 1227 1849 1362 1956; x_wconf 91' lang='lat' dir='ltr'>aliquis</span> <span class='ocrx_word' id='word_1_104' title='bbox 1380 1848 1475 1926; x_wconf 88' lang='lat' dir='ltr'>alius</span> <span class='ocrx_word' id='word_1_105' title='bbox 1495 1851 1614 1929; x_wconf 85' lang='lat' dir='ltr'>fuerat</span> <span class='ocrx_word' id='word_1_106' title='bbox 1707 1912 1711 1920; x_wconf 90' lang='lat'>.</span> 
     </span>
     <span class='ocr_line' id='line_1_12' title="bbox 199 1976 1614 2087; baseline 0.001 -32"><span class='ocrx_word' id='word_1_107' title='bbox 199 1998 370 2087; x_wconf 89' lang='lat' dir='ltr'>receptus</span> <span class='ocrx_word' id='word_1_108' title='bbox 397 2009 482 2056; x_wconf 90' lang='lat' dir='ltr'>cum</span> <span class='ocrx_word' id='word_1_109' title='bbox 512 1980 611 2057; x_wconf 88' lang='lat' dir='ltr'>dicto</span> <span class='ocrx_word' id='word_1_110' title='bbox 641 1978 759 2055; x_wconf 84' lang='lat' dir='ltr'>Adam</span> <span class='ocrx_word' id='word_1_111' title='bbox 787 1979 834 2055; x_wconf 89' lang='lat' dir='ltr'>de</span> <span class='ocrx_word' id='word_1_112' title='bbox 860 1977 1026 2068; x_wconf 82' lang='lat' dir='ltr'>lulerno,</span> <span class='ocrx_word' id='word_1_113' title='bbox 1054 1977 1249 2085; x_wconf 89' lang='lat' dir='ltr'>respondit</span> <span class='ocrx_word' id='word_1_114' title='bbox 1272 1976 1376 2082; x_wconf 90' lang='lat' dir='ltr'>quod</span> <span class='ocrx_word' id='word_1_115' title='bbox 1396 1978 1462 2069; x_wconf 88' lang='lat' dir='ltr'>sic,</span> <span class='ocrx_word' id='word_1_116' title='bbox 1491 1998 1528 2055; x_wconf 91' lang='lat' dir='ltr'>et</span> <span class='ocrx_word' id='word_1_117' title='bbox 1547 2009 1614 2085; x_wconf 91' lang='lat' dir='ltr'>per</span> 
     </span>
     <span class='ocr_line' id='line_1_13' title="bbox 200 2106 1615 2214; baseline 0 -29"><span class='ocrx_word' id='word_1_118' title='bbox 200 2110 375 2186; x_wconf 89' lang='lat' dir='ltr'>eumdem</span> <span class='ocrx_word' id='word_1_119' title='bbox 392 2107 567 2195; x_wconf 89' lang='lat' dir='ltr'>modum,</span> <span class='ocrx_word' id='word_1_120' title='bbox 586 2107 700 2184; x_wconf 83' lang='lat' dir='ltr'>frater</span> <span class='ocrx_word' id='word_1_121' title='bbox 717 2106 907 2186; x_wconf 88' lang='lat' dir='ltr'>Gerardus</span> <span class='ocrx_word' id='word_1_122' title='bbox 923 2109 969 2185; x_wconf 94' lang='lat' dir='ltr'>de</span> <span class='ocrx_word' id='word_1_123' title='bbox 986 2106 1205 2214; x_wconf 90' lang='lat' dir='ltr'>Folqueriis.</span> <span class='ocrx_word' id='word_1_124' title='bbox 1227 2106 1441 2212; x_wconf 86' lang='lat' dir='ltr'>Requisitus</span> <span class='ocrx_word' id='word_1_125' title='bbox 1453 2107 1537 2213; x_wconf 87' lang='lat' dir='ltr'>quis</span> <span class='ocrx_word' id='word_1_126' title='bbox 1553 2137 1615 2185; x_wconf 90' lang='lat' dir='ltr'>eo-</span> 
     </span>
     <span class='ocr_line' id='line_1_14' title="bbox 199 2236 1615 2344; baseline -0.002 -27"><span class='ocrx_word' id='word_1_127' title='bbox 199 2268 283 2317; x_wconf 87' lang='lat' dir='ltr'>mm</span> <span class='ocrx_word' id='word_1_128' title='bbox 303 2238 425 2344; x_wconf 88' lang='lat' dir='ltr'>primo</span> <span class='ocrx_word' id='word_1_129' title='bbox 445 2236 581 2315; x_wconf 86' lang='lat' dir='ltr'>lecerat</span> <span class='ocrx_word' id='word_1_130' title='bbox 599 2237 767 2343; x_wconf 87' lang='lat' dir='ltr'>predicta</span> <span class='ocrx_word' id='word_1_131' title='bbox 787 2237 934 2325; x_wconf 92' lang='lat' dir='ltr'>illicita,</span> <span class='ocrx_word' id='word_1_132' title='bbox 957 2237 1153 2343; x_wconf 89' lang='lat' dir='ltr'>respondit</span> <span class='ocrx_word' id='word_1_133' title='bbox 1167 2264 1206 2314; x_wconf 88' lang='lat' dir='ltr'>se</span> <span class='ocrx_word' id='word_1_134' title='bbox 1226 2263 1303 2313; x_wconf 89' lang='lat' dir='ltr'>non</span> <span class='ocrx_word' id='word_1_135' title='bbox 1325 2237 1524 2315; x_wconf 88' lang='lat' dir='ltr'>recordari.</span> <span class='ocrx_word' id='word_1_136' title='bbox 1547 2239 1615 2314; x_wconf 86' lang='lat' dir='ltr'>Re-</span> 
     </span>
     <span class='ocr_line' id='line_1_15' title="bbox 200 2364 1610 2474; baseline 0.001 -29"><span class='ocrx_word' id='word_1_137' title='bbox 200 2369 358 2474; x_wconf 91' lang='lat' dir='ltr'>quisitus</span> <span class='ocrx_word' id='word_1_138' title='bbox 379 2396 494 2474; x_wconf 89' lang='lat' dir='ltr'>quern</span> <span class='ocrx_word' id='word_1_139' title='bbox 515 2367 635 2444; x_wconf 81' lang='lat' dir='ltr'>luerat</span> <span class='ocrx_word' id='word_1_140' title='bbox 658 2366 846 2444; x_wconf 88' lang='lat' dir='ltr'>osculatus</span> <span class='ocrx_word' id='word_1_141' title='bbox 866 2368 906 2442; x_wconf 93' lang='lat' dir='ltr'>in</span> <span class='ocrx_word' id='word_1_142' title='bbox 924 2365 1107 2444; x_wconf 91' lang='lat' dir='ltr'>umbilico</span> <span class='ocrx_word' id='word_1_143' title='bbox 1127 2367 1250 2443; x_wconf 90' lang='lat' dir='ltr'>dictus</span> <span class='ocrx_word' id='word_1_144' title='bbox 1270 2365 1383 2442; x_wconf 86' lang='lat' dir='ltr'>frater</span> <span class='ocrx_word' id='word_1_145' title='bbox 1405 2364 1610 2457; x_wconf 82' lang='lat' dir='ltr'>Gerardus,</span> 
     </span>
     <span class='ocr_line' id='line_1_16' title="bbox 200 2496 1613 2604; baseline -0.001 -29"><span class='ocrx_word' id='word_1_146' title='bbox 200 2497 393 2604; x_wconf 89' lang='lat' dir='ltr'>respondit</span> <span class='ocrx_word' id='word_1_147' title='bbox 417 2497 521 2603; x_wconf 87' lang='lat' dir='ltr'>quod</span> <span class='ocrx_word' id='word_1_148' title='bbox 545 2497 689 2573; x_wconf 88' lang='lat' dir='ltr'>dictum</span> <span class='ocrx_word' id='word_1_149' title='bbox 710 2496 862 2574; x_wconf 83' lang='lat' dir='ltr'>fratrem</span> <span class='ocrx_word' id='word_1_150' title='bbox 887 2499 1098 2574; x_wconf 86' lang='lat' dir='ltr'>lohannern</span> <span class='ocrx_word' id='word_1_151' title='bbox 1123 2496 1170 2573; x_wconf 88' lang='lat' dir='ltr'>de</span> <span class='ocrx_word' id='word_1_152' title='bbox 1194 2497 1303 2573; x_wconf 91' lang='lat' dir='ltr'>Nans.</span> <span class='ocrx_word' id='word_1_153' title='bbox 1325 2498 1434 2587; x_wconf 89' lang='lat' dir='ltr'>Item,</span> <span class='ocrx_word' id='word_1_154' title='bbox 1463 2497 1556 2573; x_wconf 84' lang='lat' dir='ltr'>dixit</span> <span class='ocrx_word' id='word_1_155' title='bbox 1575 2526 1613 2573; x_wconf 91' lang='lat' dir='ltr'>se</span> 
     </span>
     <span class='ocr_line' id='line_1_17' title="bbox 199 2625 1613 2733; baseline -0.001 -28"><span class='ocrx_word' id='word_1_156' title='bbox 199 2628 331 2705; x_wconf 88' lang='lat' dir='ltr'>vidisse</span> <span class='ocrx_word' id='word_1_157' title='bbox 350 2628 466 2733; x_wconf 90' lang='lat' dir='ltr'>recipi</span> <span class='ocrx_word' id='word_1_158' title='bbox 483 2655 552 2733; x_wconf 93' lang='lat' dir='ltr'>per</span> <span class='ocrx_word' id='word_1_159' title='bbox 569 2628 748 2704; x_wconf 90' lang='lat' dir='ltr'>eumdem</span> <span class='ocrx_word' id='word_1_160' title='bbox 769 2628 945 2718; x_wconf 91' lang='lat' dir='ltr'>modum,</span> <span class='ocrx_word' id='word_1_161' title='bbox 961 2645 1005 2704; x_wconf 92' lang='lat' dir='ltr'>ut</span> <span class='ocrx_word' id='word_1_162' title='bbox 1019 2626 1097 2704; x_wconf 86' lang='lat' dir='ltr'>sibi.</span> <span class='ocrx_word' id='word_1_163' title='bbox 1111 2625 1271 2716; x_wconf 86' lang='lat' dir='ltr'>videtur,</span> <span class='ocrx_word' id='word_1_164' title='bbox 1289 2644 1377 2702; x_wconf 87' lang='lat' dir='ltr'>sunt</span> <span class='ocrx_word' id='word_1_165' title='bbox 1392 2651 1439 2703; x_wconf 76' lang='lat' dir='ltr'>rr</span> <span class='ocrx_word' id='word_1_166' title='bbox 1454 2628 1540 2702; x_wconf 90' lang='lat' dir='ltr'>anni</span> <span class='ocrx_word' id='word_1_167' title='bbox 1556 2628 1613 2703; x_wconf 88' lang='lat' dir='ltr'>vel</span> 
     </span>
     <span class='ocr_line' id='line_1_18' title="bbox 200 2752 1615 2860; baseline 0 -27"><span class='ocrx_word' id='word_1_168' title='bbox 200 2759 308 2847; x_wconf 88' lang='lat' dir='ltr'>circa,</span> <span class='ocrx_word' id='word_1_169' title='bbox 329 2757 369 2832; x_wconf 92' lang='lat' dir='ltr'>in</span> <span class='ocrx_word' id='word_1_170' title='bbox 390 2754 529 2860; x_wconf 89' lang='lat' dir='ltr'>capella</span> <span class='ocrx_word' id='word_1_171' title='bbox 550 2754 687 2831; x_wconf 91' lang='lat' dir='ltr'>domus</span> <span class='ocrx_word' id='word_1_172' title='bbox 707 2755 857 2860; x_wconf 90' lang='lat' dir='ltr'>Templi</span> <span class='ocrx_word' id='word_1_173' title='bbox 880 2755 926 2831; x_wconf 91' lang='lat' dir='ltr'>de</span> <span class='ocrx_word' id='word_1_174' title='bbox 947 2755 1122 2841; x_wconf 89' lang='lat' dir='ltr'>Belvaco,</span> <span class='ocrx_word' id='word_1_175' title='bbox 1141 2781 1209 2858; x_wconf 92' lang='lat' dir='ltr'>per</span> <span class='ocrx_word' id='word_1_176' title='bbox 1230 2752 1381 2828; x_wconf 86' lang='lat' dir='ltr'>fratrem</span> <span class='ocrx_word' id='word_1_177' title='bbox 1406 2754 1615 2833; x_wconf 87' lang='lat' dir='ltr'>Robertum</span> 
     </span>
     <span class='ocr_line' id='line_1_19' title="bbox 201 2880 1614 2991; baseline 0 -29"><span class='ocrx_word' id='word_1_178' title='bbox 201 2886 246 2963; x_wconf 93' lang='lat' dir='ltr'>de</span> <span class='ocrx_word' id='word_1_179' title='bbox 266 2888 403 2964; x_wconf 90' lang='lat' dir='ltr'>Sancto</span> <span class='ocrx_word' id='word_1_180' title='bbox 427 2888 533 2963; x_wconf 83' lang='lat' dir='ltr'>lusto</span> <span class='ocrx_word' id='word_1_181' title='bbox 552 2885 805 2991; x_wconf 90' lang='lat' dir='ltr'>presbiterum</span> <span class='ocrx_word' id='word_1_182' title='bbox 830 2883 1038 2989; x_wconf 90' lang='lat' dir='ltr'>quondam,</span> <span class='ocrx_word' id='word_1_183' title='bbox 1063 2884 1214 2959; x_wconf 80' lang='lat' dir='ltr'>fratrem</span> <span class='ocrx_word' id='word_1_184' title='bbox 1238 2880 1434 2958; x_wconf 82' lang='lat' dir='ltr'>Albertum</span> <span class='ocrx_word' id='word_1_185' title='bbox 1463 2884 1510 2959; x_wconf 91' lang='lat' dir='ltr'>de</span> <span class='ocrx_word' id='word_1_186' title='bbox 1533 2887 1614 2962; x_wconf 90' lang='lat' dir='ltr'>Bel-</span> 
     </span>
     <span class='ocr_line' id='line_1_20' title="bbox 199 3007 1615 3120; baseline 0.002 -32"><span class='ocrx_word' id='word_1_187' title='bbox 199 3042 284 3092; x_wconf 81' lang='lat' dir='ltr'>vaco</span> <span class='ocrx_word' id='word_1_188' title='bbox 304 3013 555 3120; x_wconf 89' lang='lat' dir='ltr'>presbiterum</span> <span class='ocrx_word' id='word_1_189' title='bbox 573 3014 783 3119; x_wconf 87' lang='lat' dir='ltr'>quondam,</span> <span class='ocrx_word' id='word_1_190' title='bbox 802 3038 880 3088; x_wconf 89' lang='lat' dir='ltr'>non</span> <span class='ocrx_word' id='word_1_191' title='bbox 899 3010 1032 3088; x_wconf 89' lang='lat' dir='ltr'>recolit</span> <span class='ocrx_word' id='word_1_192' title='bbox 1053 3010 1191 3118; x_wconf 88' lang='lat' dir='ltr'>quibus</span> <span class='ocrx_word' id='word_1_193' title='bbox 1210 3007 1464 3114; x_wconf 88' lang='lat' dir='ltr'>presentibus,</span> <span class='ocrx_word' id='word_1_194' title='bbox 1488 3032 1525 3090; x_wconf 90' lang='lat' dir='ltr'>et</span> <span class='ocrx_word' id='word_1_195' title='bbox 1544 3014 1615 3091; x_wconf 86' lang='lat' dir='ltr'>lra-</span> 
     </span>
     <span class='ocr_line' id='line_1_21' title="bbox 199 3138 1612 3245; baseline 0.001 -27"><span class='ocrx_word' id='word_1_196' title='bbox 199 3161 296 3221; x_wconf 92' lang='lat' dir='ltr'>trem</span> <span class='ocrx_word' id='word_1_197' title='bbox 311 3143 480 3220; x_wconf 90' lang='lat' dir='ltr'>Lucham</span> <span class='ocrx_word' id='word_1_198' title='bbox 499 3142 546 3218; x_wconf 90' lang='lat' dir='ltr'>de</span> <span class='ocrx_word' id='word_1_199' title='bbox 565 3140 706 3219; x_wconf 89' lang='lat' dir='ltr'>Grandi</span> <span class='ocrx_word' id='word_1_200' title='bbox 722 3140 866 3217; x_wconf 88' lang='lat' dir='ltr'>Villarii</span> <span class='ocrx_word' id='word_1_201' title='bbox 881 3140 1104 3217; x_wconf 87' lang='lat' dir='ltr'>servientem</span> <span class='ocrx_word' id='word_1_202' title='bbox 1124 3138 1335 3245; x_wconf 86' lang='lat' dir='ltr'>quondam,</span> <span class='ocrx_word' id='word_1_203' title='bbox 1352 3158 1440 3217; x_wconf 91' lang='lat' dir='ltr'>sunt</span> <span class='ocrx_word' id='word_1_204' title='bbox 1456 3169 1507 3220; x_wconf 83' lang='lat' dir='ltr'>xn</span> <span class='ocrx_word' id='word_1_205' title='bbox 1525 3147 1612 3220; x_wconf 91' lang='lat' dir='ltr'>anni</span> 
     </span>
     <span class='ocr_line' id='line_1_22' title="bbox 200 3266 1615 3375; baseline 0.003 -30"><span class='ocrx_word' id='word_1_206' title='bbox 200 3270 258 3349; x_wconf 92' lang='lat' dir='ltr'>vel</span> <span class='ocrx_word' id='word_1_207' title='bbox 285 3271 393 3359; x_wconf 88' lang='lat' dir='ltr'>circa,</span> <span class='ocrx_word' id='word_1_208' title='bbox 416 3272 456 3347; x_wconf 91' lang='lat' dir='ltr'>in</span> <span class='ocrx_word' id='word_1_209' title='bbox 476 3269 615 3375; x_wconf 87' lang='lat' dir='ltr'>capella</span> <span class='ocrx_word' id='word_1_210' title='bbox 642 3269 779 3346; x_wconf 91' lang='lat' dir='ltr'>domus</span> <span class='ocrx_word' id='word_1_211' title='bbox 804 3269 953 3375; x_wconf 89' lang='lat' dir='ltr'>Templi</span> <span class='ocrx_word' id='word_1_212' title='bbox 976 3269 1023 3346; x_wconf 91' lang='lat' dir='ltr'>de</span> <span class='ocrx_word' id='word_1_213' title='bbox 1043 3268 1230 3346; x_wconf 85' lang='lat' dir='ltr'>Bellenval</span> <span class='ocrx_word' id='word_1_214' title='bbox 1251 3266 1511 3348; x_wconf 80' lang='lat' dir='ltr'>Ambianensis</span> <span class='ocrx_word' id='word_1_215' title='bbox 1532 3273 1615 3350; x_wconf 92' lang='lat' dir='ltr'>dio-</span> 
     </span>
     <span class='ocr_line' id='line_1_23' title="bbox 201 3397 1610 3506; baseline 0.004 -32"><span class='ocrx_word' id='word_1_216' title='bbox 201 3401 306 3490; x_wconf 88' lang='lat' dir='ltr'>cesis,</span> <span class='ocrx_word' id='word_1_217' title='bbox 326 3428 395 3506; x_wconf 91' lang='lat' dir='ltr'>per</span> <span class='ocrx_word' id='word_1_218' title='bbox 418 3399 571 3476; x_wconf 85' lang='lat' dir='ltr'>fratrem</span> <span class='ocrx_word' id='word_1_219' title='bbox 593 3398 776 3478; x_wconf 84' lang='lat' dir='ltr'>Garinum</span> <span class='ocrx_word' id='word_1_220' title='bbox 804 3399 851 3476; x_wconf 92' lang='lat' dir='ltr'>de</span> <span class='ocrx_word' id='word_1_221' title='bbox 877 3398 1018 3478; x_wconf 92' lang='lat' dir='ltr'>Grandi</span> <span class='ocrx_word' id='word_1_222' title='bbox 1037 3399 1181 3478; x_wconf 88' lang='lat' dir='ltr'>Villarii</span> <span class='ocrx_word' id='word_1_223' title='bbox 1210 3397 1376 3474; x_wconf 88' lang='lat' dir='ltr'>militem·</span> <span class='ocrx_word' id='word_1_224' title='bbox 1401 3402 1610 3506; x_wconf 88' lang='lat' dir='ltr'>quondam,</span> 
     </span>
     <span class='ocr_line' id='line_1_24' title="bbox 202 3525 1614 3638; baseline 0.001 -32"><span class='ocrx_word' id='word_1_225' title='bbox 202 3545 370 3633; x_wconf 88' lang='lat' dir='ltr'>presente</span> <span class='ocrx_word' id='word_1_226' title='bbox 390 3527 501 3607; x_wconf 82' lang='lat' dir='ltr'>fratre</span> <span class='ocrx_word' id='word_1_227' title='bbox 523 3529 635 3606; x_wconf 87' lang='lat' dir='ltr'>Petro</span> <span class='ocrx_word' id='word_1_228' title='bbox 654 3529 803 3607; x_wconf 86' lang='lat' dir='ltr'>Minhot</span> <span class='ocrx_word' id='word_1_229' title='bbox 822 3528 1031 3636; x_wconf 86' lang='lat' dir='ltr'>presbitero</span> <span class='ocrx_word' id='word_1_230' title='bbox 1058 3527 1267 3636; x_wconf 65' lang='lat' dir='ltr'>quondam</span> <span class='ocrx_word' id='word_1_231' title='bbox 1293 3525 1461 3633; x_wconf 91' lang='lat' dir='ltr'>plurium</span> <span class='ocrx_word' id='word_1_232' title='bbox 1485 3559 1614 3638; x_wconf 79' lang='lat' dir='ltr'>recep</span> 
     </span>
     <span class='ocr_line' id='line_1_25' title="bbox 203 3656 1615 3763; baseline 0.005 -30"><span class='ocrx_word' id='word_1_233' title='bbox 203 3656 372 3734; x_wconf 77' lang='lat' dir='ltr'>sionibus</span> <span class='ocrx_word' id='word_1_234' title='bbox 391 3684 468 3734; x_wconf 92' lang='lat' dir='ltr'>non</span> <span class='ocrx_word' id='word_1_235' title='bbox 487 3657 620 3734; x_wconf 89' lang='lat' dir='ltr'>recolit</span> <span class='ocrx_word' id='word_1_236' title='bbox 639 3686 678 3734; x_wconf 89' lang='lat' dir='ltr'>se</span> <span class='ocrx_word' id='word_1_237' title='bbox 699 3657 877 3748; x_wconf 81' lang='lat' dir='ltr'>adfuisse,</span> <span class='ocrx_word' id='word_1_238' title='bbox 907 3675 950 3736; x_wconf 89' lang='lat' dir='ltr'>ut</span> <span class='ocrx_word' id='word_1_239' title='bbox 979 3658 1082 3734; x_wconf 82' lang='lat' dir='ltr'>dixit.</span> <span class='ocrx_word' id='word_1_240' title='bbox 1102 3656 1318 3763; x_wconf 88' lang='lat' dir='ltr'>Requisitus</span> <span class='ocrx_word' id='word_1_241' title='bbox 1345 3658 1373 3732; x_wconf 94' lang='lat' dir='ltr'>si</span> <span class='ocrx_word' id='word_1_242' title='bbox 1395 3658 1615 3740; x_wconf 81' lang='lat' dir='ltr'>interfuerat</span> 
     </span>
     <span class='ocr_line' id='line_1_26' title="bbox 203 3785 1615 3894; baseline 0.004 -30"><span class='ocrx_word' id='word_1_243' title='bbox 203 3785 411 3892; x_wconf 88' lang='lat' dir='ltr'>recepcioni</span> <span class='ocrx_word' id='word_1_244' title='bbox 431 3785 554 3864; x_wconf 77' lang='lat' dir='ltr'>fratris</span> <span class='ocrx_word' id='word_1_245' title='bbox 574 3786 750 3864; x_wconf 87' lang='lat' dir='ltr'>Fulconis</span> <span class='ocrx_word' id='word_1_246' title='bbox 772 3788 819 3863; x_wconf 90' lang='lat' dir='ltr'>de</span> <span class='ocrx_word' id='word_1_247' title='bbox 837 3787 973 3894; x_wconf 79' lang='lat' dir='ltr'>Nuylhi</span> <span class='ocrx_word' id='word_1_248' title='bbox 995 3787 1204 3874; x_wconf 88' lang='lat' dir='ltr'>servientis,</span> <span class='ocrx_word' id='word_1_249' title='bbox 1224 3785 1330 3862; x_wconf 89' lang='lat' dir='ltr'>testis</span> <span class='ocrx_word' id='word_1_250' title='bbox 1345 3816 1456 3893; x_wconf 87' lang='lat' dir='ltr'>supra</span> <span class='ocrx_word' id='word_1_251' title='bbox 1477 3794 1615 3868; x_wconf 85' lang='lat' dir='ltr'>exami-</span> 
     </span>
     <span class='ocr_line' id='line_1_27' title="bbox 204 3914 1616 4023; baseline 0.006 -33"><span class='ocrx_word' id='word_1_252' title='bbox 204 3915 296 4008; x_wconf 90' lang='lat' dir='ltr'>nati,</span> <span class='ocrx_word' id='word_1_253' title='bbox 314 3918 454 4020; x_wconf 86' lang='lat' dir='ltr'>recepti</span> <span class='ocrx_word' id='word_1_254' title='bbox 479 3916 519 3992; x_wconf 87' lang='lat' dir='ltr'>in</span> <span class='ocrx_word' id='word_1_255' title='bbox 539 3914 679 4021; x_wconf 87' lang='lat' dir='ltr'>capella</span> <span class='ocrx_word' id='word_1_256' title='bbox 699 3916 836 3993; x_wconf 88' lang='lat' dir='ltr'>domus</span> <span class='ocrx_word' id='word_1_257' title='bbox 855 3915 1006 4023; x_wconf 89' lang='lat' dir='ltr'>Templi</span> <span class='ocrx_word' id='word_1_258' title='bbox 1030 3918 1077 3994; x_wconf 91' lang='lat' dir='ltr'>de</span> <span class='ocrx_word' id='word_1_259' title='bbox 1096 3916 1278 4006; x_wconf 82' lang='lat' dir='ltr'>Belvaco,</span> <span class='ocrx_word' id='word_1_260' title='bbox 1290 3943 1358 4020; x_wconf 86' lang='lat' dir='ltr'>per</span> <span class='ocrx_word' id='word_1_261' title='bbox 1378 3917 1519 3995; x_wconf 89' lang='lat' dir='ltr'>dictum</span> <span class='ocrx_word' id='word_1_262' title='bbox 1544 3921 1616 3998; x_wconf 85' lang='lat' dir='ltr'>fra·</span> 
     </span>
     <span class='ocr_line' id='line_1_28' title="bbox 202 4045 1613 4152; baseline 0.004 -30"><span class='ocrx_word' id='word_1_263' title='bbox 202 4062 297 4122; x_wconf 88' lang='lat' dir='ltr'>trem</span> <span class='ocrx_word' id='word_1_264' title='bbox 321 4045 547 4137; x_wconf 86' lang='lat' dir='ltr'>Robertum,</span> <span class='ocrx_word' id='word_1_265' title='bbox 574 4045 770 4152; x_wconf 87' lang='lat' dir='ltr'>respondit</span> <span class='ocrx_word' id='word_1_266' title='bbox 792 4074 831 4124; x_wconf 91' lang='lat' dir='ltr'>se</span> <span class='ocrx_word' id='word_1_267' title='bbox 859 4073 937 4123; x_wconf 88' lang='lat' dir='ltr'>non</span> <span class='ocrx_word' id='word_1_268' title='bbox 961 4046 1160 4125; x_wconf 87' lang='lat' dir='ltr'>recordari.</span> <span class='ocrx_word' id='word_1_269' title='bbox 1189 4045 1404 4151; x_wconf 86' lang='lat' dir='ltr'>Requisitus</span> <span class='ocrx_word' id='word_1_270' title='bbox 1428 4048 1559 4125; x_wconf 89' lang='lat' dir='ltr'>iterato</span> <span class='ocrx_word' id='word_1_271' title='bbox 1583 4054 1613 4128; x_wconf 89' lang='lat' dir='ltr'>si</span> 
     </span>
     <span class='ocr_line' id='line_1_29' title="bbox 203 4173 1615 4285; baseline 0.004 -33"><span class='ocrx_word' id='word_1_272' title='bbox 203 4173 284 4266; x_wconf 86' lang='lat' dir='ltr'>scit,</span> <span class='ocrx_word' id='word_1_273' title='bbox 305 4173 363 4252; x_wconf 85' lang='lat' dir='ltr'>vel</span> <span class='ocrx_word' id='word_1_274' title='bbox 382 4174 518 4262; x_wconf 90' lang='lat' dir='ltr'>credit,</span> <span class='ocrx_word' id='word_1_275' title='bbox 540 4173 598 4252; x_wconf 86' lang='lat' dir='ltr'>vel</span> <span class='ocrx_word' id='word_1_276' title='bbox 619 4175 811 4253; x_wconf 85' lang='lat' dir='ltr'>audiverat</span> <span class='ocrx_word' id='word_1_277' title='bbox 830 4173 902 4252; x_wconf 89' lang='lat' dir='ltr'>dici</span> <span class='ocrx_word' id='word_1_278' title='bbox 922 4176 1028 4282; x_wconf 93' lang='lat' dir='ltr'>quod</span> <span class='ocrx_word' id='word_1_279' title='bbox 1048 4177 1146 4253; x_wconf 88' lang='lat' dir='ltr'>dicta</span> <span class='ocrx_word' id='word_1_280' title='bbox 1165 4173 1293 4251; x_wconf 91' lang='lat' dir='ltr'>illicita</span> <span class='ocrx_word' id='word_1_281' title='bbox 1318 4173 1520 4253; x_wconf 85' lang='lat' dir='ltr'>confessata</span> <span class='ocrx_word' id='word_1_282' title='bbox 1547 4207 1615 4285; x_wconf 87' lang='lat' dir='ltr'>per</span> 
     </span>
     <span class='ocr_line' id='line_1_30' title="bbox 204 4303 1613 4412; baseline 0.006 -34"><span class='ocrx_word' id='word_1_283' title='bbox 204 4330 291 4381; x_wconf 89' lang='lat' dir='ltr'>eum</span> <span class='ocrx_word' id='word_1_284' title='bbox 310 4303 578 4395; x_wconf 84' lang='lat' dir='ltr'>intervenirent</span> <span class='ocrx_word' id='word_1_285' title='bbox 597 4305 849 4383; x_wconf 88' lang='lat' dir='ltr'>communiter</span> <span class='ocrx_word' id='word_1_286' title='bbox 872 4305 912 4380; x_wconf 87' lang='lat' dir='ltr'>in</span> <span class='ocrx_word' id='word_1_287' title='bbox 935 4305 1220 4412; x_wconf 87' lang='lat' dir='ltr'>recepcionibus</span> <span class='ocrx_word' id='word_1_288' title='bbox 1238 4303 1400 4381; x_wconf 84' lang='lat' dir='ltr'>aliorum</span> <span class='ocrx_word' id='word_1_289' title='bbox 1421 4333 1517 4411; x_wconf 87' lang='lat' dir='ltr'>quos</span> <span class='ocrx_word' id='word_1_290' title='bbox 1536 4336 1613 4386; x_wconf 93' lang='lat' dir='ltr'>non</span> 
     </span>
     <span class='ocr_line' id='line_1_31' title="bbox 203 4430 1611 4541; baseline 0.005 -33"><span class='ocrx_word' id='word_1_291' title='bbox 203 4430 295 4508; x_wconf 86' lang='lat' dir='ltr'>vidit</span> <span class='ocrx_word' id='word_1_292' title='bbox 312 4433 444 4539; x_wconf 87' lang='lat' dir='ltr'>recipi,</span> <span class='ocrx_word' id='word_1_293' title='bbox 466 4432 661 4540; x_wconf 88' lang='lat' dir='ltr'>respondit</span> <span class='ocrx_word' id='word_1_294' title='bbox 679 4459 719 4511; x_wconf 85' lang='lat' dir='ltr'>se</span> <span class='ocrx_word' id='word_1_295' title='bbox 737 4434 870 4540; x_wconf 89' lang='lat' dir='ltr'>pocius</span> <span class='ocrx_word' id='word_1_296' title='bbox 884 4433 1038 4511; x_wconf 86' lang='lat' dir='ltr'>credere</span> <span class='ocrx_word' id='word_1_297' title='bbox 1051 4434 1156 4541; x_wconf 91' lang='lat' dir='ltr'>quod</span> <span class='ocrx_word' id='word_1_298' title='bbox 1171 4435 1223 4511; x_wconf 90' lang='lat' dir='ltr'>sic</span> <span class='ocrx_word' id='word_1_299' title='bbox 1237 4460 1350 4540; x_wconf 91' lang='lat' dir='ltr'>quam</span> <span class='ocrx_word' id='word_1_300' title='bbox 1367 4436 1611 4529; x_wconf 89' lang='lat' dir='ltr'>contrarium,</span> 
     </span>
     <span class='ocr_line' id='line_1_32' title="bbox 204 4559 1616 4669; baseline 0.005 -32"><span class='ocrx_word' id='word_1_301' title='bbox 204 4560 271 4638; x_wconf 86' lang='lat' dir='ltr'>sed</span> <span class='ocrx_word' id='word_1_302' title='bbox 302 4559 412 4638; x_wconf 87' lang='lat' dir='ltr'>aliter</span> <span class='ocrx_word' id='word_1_303' title='bbox 430 4562 629 4640; x_wconf 86' lang='lat' dir='ltr'>nesciebat.</span> <span class='ocrx_word' id='word_1_304' title='bbox 651 4563 764 4652; x_wconf 87' lang='lat' dir='ltr'>ltem,</span> <span class='ocrx_word' id='word_1_305' title='bbox 796 4562 889 4640; x_wconf 80' lang='lat' dir='ltr'>dixit</span> <span class='ocrx_word' id='word_1_306' title='bbox 908 4562 1012 4669; x_wconf 87' lang='lat' dir='ltr'>quod</span> <span class='ocrx_word' id='word_1_307' title='bbox 1031 4564 1109 4669; x_wconf 90' lang='lat' dir='ltr'>ipse</span> <span class='ocrx_word' id='word_1_308' title='bbox 1128 4563 1230 4641; x_wconf 89' lang='lat' dir='ltr'>bene</span> <span class='ocrx_word' id='word_1_309' title='bbox 1246 4560 1423 4639; x_wconf 90' lang='lat' dir='ltr'>credebat</span> <span class='ocrx_word' id='word_1_310' title='bbox 1446 4565 1616 4644; x_wconf 85' lang='lat' dir='ltr'>ecclesia-</span> 
     </span>
     <span class='ocr_line' id='line_1_33' title="bbox 204 4689 1614 4800; baseline 0.007 -36"><span class='ocrx_word' id='word_1_311' title='bbox 204 4689 312 4767; x_wconf 87' lang='lat' dir='ltr'>sticis</span> <span class='ocrx_word' id='word_1_312' title='bbox 328 4690 583 4780; x_wconf 86' lang='lat' dir='ltr'>sacramentis,</span> <span class='ocrx_word' id='word_1_313' title='bbox 615 4692 772 4772; x_wconf 87' lang='lat' dir='ltr'>credens</span> <span class='ocrx_word' id='word_1_314' title='bbox 800 4692 907 4800; x_wconf 88' lang='lat' dir='ltr'>quod</span> <span class='ocrx_word' id='word_1_315' title='bbox 934 4691 996 4770; x_wconf 91' lang='lat' dir='ltr'>alii</span> <span class='ocrx_word' id='word_1_316' title='bbox 1016 4690 1147 4769; x_wconf 82' lang='lat' dir='ltr'>fratres</span> <span class='ocrx_word' id='word_1_317' title='bbox 1166 4690 1310 4770; x_wconf 87' lang='lat' dir='ltr'>ordinis</span> <span class='ocrx_word' id='word_1_318' title='bbox 1335 4690 1471 4769; x_wconf 86' lang='lat' dir='ltr'>eodem</span> <span class='ocrx_word' id='word_1_319' title='bbox 1498 4697 1614 4775; x_wconf 90' lang='lat' dir='ltr'>modo</span> 
     </span>
    </p>
   </div>
   <div class='ocr_carea' id='block_1_3' title="bbox 206 4816 1614 5043">
    <p class='ocr_par' dir='ltr' id='par_1_3' title="bbox 206 4816 1614 5043">
     <span class='ocr_line' id='line_1_34' title="bbox 206 4816 1614 4926; baseline 0.008 -33"><span class='ocrx_word' id='word_1_320' title='bbox 206 4816 416 4906; x_wconf 87' lang='lat' dir='ltr'>crederent,</span> <span class='ocrx_word' id='word_1_321' title='bbox 445 4835 483 4896; x_wconf 88' lang='lat' dir='ltr'>et</span> <span class='ocrx_word' id='word_1_322' title='bbox 508 4819 612 4926; x_wconf 91' lang='lat' dir='ltr'>quod</span> <span class='ocrx_word' id='word_1_323' title='bbox 639 4847 772 4899; x_wconf 87' lang='lat' dir='ltr'>eorum</span> <span class='ocrx_word' id='word_1_324' title='bbox 792 4821 1003 4901; x_wconf 86' lang='lat' dir='ltr'>sacerdotes</span> <span class='ocrx_word' id='word_1_325' title='bbox 1024 4819 1162 4900; x_wconf 83' lang='lat' dir='ltr'>debite</span> <span class='ocrx_word' id='word_1_326' title='bbox 1179 4818 1423 4900; x_wconf 88' lang='lat' dir='ltr'>celebrarent.</span> <span class='ocrx_word' id='word_1_327' title='bbox 1454 4824 1614 4904; x_wconf 81' lang='lat' dir='ltr'>Claude-</span> 
     </span>
     <span class='ocr_line' id='line_1_35' title="bbox 289 4951 1488 5043; baseline 0.003 -32"><span class='ocrx_word' id='word_1_328' title='bbox 289 4951 737 5017; x_wconf 58' lang='lat' dir='ltr'>remunerantem-n.</span> <span class='ocrx_word' id='word_1_329' title='bbox 1469 4983 1488 5043; x_wconf 86' lang='lat'><strong>9</strong></span> 
     </span>
    </p>
   </div>
   <div class='ocr_carea' id='block_1_4' title="bbox 0 0 2131 5940">
    <p class='ocr_par' dir='ltr' id='par_1_4' title="bbox 0 0 2131 5940">
     <span class='ocr_line' id='line_1_36' title="bbox 0 0 2131 5940; baseline 0 0"><span class='ocrx_word' id='word_1_330' title='bbox 0 0 2131 5940; x_wconf 95' lang='lat' dir='ltr'> </span> 
     </span>
    </p>
   </div>
  </div>
 </body>
</html>
