4236 5948
733 526 929 618 rnocns
957 545 1049 617 nes
1076 545 1377 619 rnnrtrsns.
1694 554 1759 622 ni

344 687 466 774 fleret,
489 685 608 761 fuitei
626 683 747 761 dictus
763 687 872 794 Hugo
891 686 1141 797 comminatus
1159 688 1264 792 quod
1286 689 1364 794 ipse
1381 687 1504 765 lueret
1519 688 1590 765 nisi
1605 690 1763 782 laceret,
1849 722 1852 726 ·

286 832 290 839 ’
346 832 381 891 ct
399 832 489 891 tunc
509 815 587 920 ipse
608 814 713 890 testis
737 816 838 920 spuit
852 816 957 924 juxta
981 815 1117 891 dictam
1140 845 1300 893 crucem.
1325 818 1422 894 Cum
1449 834 1575 892 autem
1593 837 1767 923 receptor

344 945 407 1049 qui
432 971 520 1020 curn
545 943 627 1020 aliis
654 960 883 1020 remanserat
908 945 947 1019 in
972 944 1069 1020 dicta
1089 945 1229 1050 capella
1255 945 1458 1023 audivisset
1481 946 1604 1050 ipsum
1629 966 1764 1025 testem

344 1073 518 1160 flentem,
542 1073 635 1149 dixit
650 1074 828 1178 predictis
848 1075 957 1180 llugo
979 1091 1016 1151 et
1035 1073 1241 1152 Guillelmo
1268 1075 1373 1181 quod
1399 1074 1634 1153 dimitterent
1659 1107 1763 1166 curn,

345 1203 429 1306 quia
449 1201 613 1280 lacerent
633 1232 720 1279 eum
740 1203 891 1280 alienari
914 1232 1061 1280 asensu
1077 1203 1146 1279 nisi
1174 1205 1425 1291 dimitterent,
1448 1222 1485 1280 et
1504 1222 1594 1281 tunc
1615 1206 1767 1282 dimise-

345 1350 430 1410 runt
450 1363 555 1423 eum,
574 1351 611 1410 et
629 1333 823 1440 predictus
836 1350 1007 1438 receptor
1025 1333 1181 1409 tradidit
1196 1335 1265 1440 ipsi
1283 1336 1367 1411 testi
1387 1335 1590 1440 quemdam
1612 1365 1765 1441 parvum

347 1464 486 1540 librum
501 1463 540 1538 in
557 1491 634 1569 quo
651 1481 728 1539 erat
746 1463 882 1568 scripta
895 1462 1024 1570 regula
1040 1491 1188 1551 eorum3
1208 1464 1245 1538 in
1267 1492 1343 1568 quo
1364 1465 1521 1569 quidem
1536 1463 1635 1541 libro
1652 1466 1764 1541 nichil

343 1593 431 1701 legit
446 1621 519 1669 nec
538 1594 679 1669 invenit
694 1592 880 1669 illicitum.
903 1594 1000 1670 Curn
1017 1610 1143 1669 autem
1163 1611 1248 1699 post
1266 1593 1411 1700 aliquos
1432 1593 1513 1670 dies
1529 1594 1660 1671 luisset
1680 1624 1766 1672 con-

344 1739 496 1827 questus
512 1723 559 1799 de
581 1721 759 1827 predictis
774 1721 874 1799 dicto
890 1722 1095 1826 receptori,
1117 1723 1312 1828 respondit
1332 1723 1366 1799 ei
1386 1723 1491 1830 quod
1509 1751 1585 1799 non
1601 1741 1763 1811 curaret,

343 1852 427 1958 quia
448 1880 516 1957 pro
530 1850 628 1929 trufa
642 1851 780 1927 lecerat
799 1851 1022 1957 supradicta.
1045 1853 1258 1957 Requisitus
1279 1853 1309 1928 si
1328 1853 1417 1938 scit,
1438 1851 1559 1928 credit
1578 1852 1635 1929 vel
1657 1855 1765 1929 audi·

343 1981 390 2056 vit
406 1981 479 2056 dici
499 1980 603 2086 quod
626 1981 724 2057 dicta
739 1980 868 2056 illicita
885 1979 943 2056 vel
964 1980 1087 2086 aliqua
1108 1980 1179 2056 alia
1208 1980 1338 2057 illicita
1359 1981 1628 2057 intervenirent
1649 1981 1685 2056 in
1704 2010 1765 2056 re·

331 2100 577 2217 'cepcionihus
596 2109 756 2186 aliorum
778 2110 934 2186 fratrum
952 2109 1095 2185 ordinis
1115 2110 1172 2185 vel
1195 2127 1293 2215 post,
1319 2109 1513 2213 respondit
1532 2110 1636 2215 quod
1654 2138 1751 2193 non,

342 2241 426 2344 quia
447 2267 524 2316 non
543 2239 807 2316 continebatur
828 2240 866 2315 in
889 2239 985 2315 dicta
1008 2239 1154 2346 regula,
1177 2257 1214 2315 et
1239 2240 1327 2344 quia
1352 2239 1445 2314 vidit
1461 2237 1614 2314 fratrent
1640 2240 1766 2344 Hugo·

341 2397 426 2445 nem
438 2368 668 2447 deBozcesel
699 2368 858 2446 militem
872 2369 1144 2454 Viennensem,
1169 2370 1235 2474 qui
1263 2398 1341 2447 esse
1367 2368 1507 2446 dicitur
1525 2368 1623 2446 ultra
1642 2399 1763 2456 mare,

341 2528 406 2604 per
425 2498 580 2576 fratrem
595 2499 847 2578 Guillelmum
874 2501 921 2576 de
941 2502 1036 2577 Lurs
1052 2500 1265 2605 predictum
1286 2501 1402 2604 recipi
1424 2501 1463 2575 in
1490 2500 1589 2577 dicta
1605 2501 1763 2604 capella,

341 2630 433 2705 circa
463 2630 604 2706 instans
634 2628 771 2706 festum
804 2630 942 2706 Pasche
973 2646 1084 2706 erunt
1108 2656 1156 2707 vn
1185 2631 1289 2719 anni,
1320 2629 1559 2735 presentibus
1587 2628 1765 2705 fratribus

340 2757 546 2836 Guillelmo
567 2758 709 2849 Gihon,
731 2760 796 2865 qui
817 2760 1009 2836 detinetur
1028 2759 1212 2848 Parisius,
1238 2759 1380 2866 Symon
1404 2758 1574 2864 Lobrege
1597 2775 1633 2834 et
1656 2758 1764 2835 Guil-

341 2886 453 2965 lelmo
469 2889 606 2967 Villani
629 2889 818 2993 predicto,
844 2890 884 2964 in
903 2890 1009 2995 cujus
1028 2889 1247 2993 recepcione
1268 2888 1327 2964 vel
1352 2905 1437 2991 post
1463 2916 1538 2963 non
1559 2887 1667 2974 vidit,
1696 2915 1764 2962 nec

340 3020 457 3109 scivit,
480 3047 549 3095 nec
572 3019 714 3095 audivit
734 3019 807 3096 dici
828 3019 973 3125 aliquid
997 3017 1238 3095 intervenisse
1261 3016 1454 3105 illicitum,
1479 3016 1525 3092 de
1547 3043 1624 3120 quo
1646 3017 1763 3090 eciam

340 3150 582 3255 postmodum
599 3150 838 3258 interrogavit
858 3148 1001 3225 dictum
1021 3147 1174 3226 fratrem
1192 3149 1407 3254 Hugonem,
1431 3147 1496 3252 qui
1514 3145 1709 3249 respondit
1729 3149 1762 3219 ei

340 3279 444 3386 quod
459 3279 574 3357 nichil
593 3279 768 3356 illicitum
789 3280 1040 3357 intervenerat
1061 3279 1101 3353 in
1125 3279 1222 3355 dicta
1244 3306 1310 3353 sua
1336 3277 1555 3381 recepcione
1582 3274 1638 3349 vel
1666 3293 1760 3378 post.

342 3411 454 3497 ltem,
478 3408 570 3485 dixit
593 3438 632 3486 se
657 3409 754 3486 hene
780 3410 932 3486 credere
954 3406 1209 3484 ecclesiasticis
1231 3405 1486 3489 sacramentis,
1509 3422 1546 3480 et
1567 3404 1670 3508 quod
1702 3433 1764 3479 eo-

342 3567 425 3615 rum
450 3539 663 3616 sacerdotes
685 3537 812 3615 debite
841 3538 1090 3628 celebrarent3
1118 3554 1155 3613 et
1184 3536 1276 3612 vidit
1302 3536 1341 3610 in
1367 3536 1426 3610 die
1456 3535 1611 3612 Veneris
1641 3552 1763 3610 sancta

344 3694 492 3745 crucem
513 3669 646 3747 devote
664 3685 702 3744 et
715 3686 928 3744 reverenter
945 3669 984 3744 in
998 3667 1132 3745 ordine
1147 3666 1312 3752 adorari;
1335 3681 1372 3740 et
1387 3665 1459 3740 hoc
1472 3693 1539 3769 per
1551 3664 1762 3767 superiores

344 3823 431 3874 suos
448 3797 725 3904 precipiebatur
747 3799 901 3878 eisdem.
927 3799 1061 3874 Statim
1087 3824 1156 3901 pro
1177 3793 1353 3900 professis
1377 3793 1625 3870 habebantur.
1651 3791 1762 3867 Clan-

343 3927 485 4005 destine
510 3928 798 4036 recipiebantur,
827 3927 943 4004 nullis
967 3925 1206 4033 presentibus
1230 3925 1302 4002 nisi
1325 3922 1499 3999 fratribus
1525 3921 1685 4008 ordinis,
1715 3949 1759 3997 ex

342 4084 417 4160 quo
442 4058 563 4134 credit
584 4057 689 4162 quod
706 4074 802 4135 esset
824 4056 985 4163 suspicio
1006 4072 1136 4133 contra
1156 4082 1232 4132 eos.
1258 4053 1442 4133 Ordinem
1463 4051 1761 4130 Cartusieusium

342 4184 478 4262 intrare
499 4203 685 4290 poterant.
709 4186 894 4265 Cordulas
914 4185 1053 4293 quihus
1081 4184 1326 4291 cingebantur
1356 4209 1468 4286 super
1487 4179 1656 4257 camisias
1675 4208 1760 4254 cunr

341 4314 478 4419 quihus
490 4317 667 4424 jacebant
681 4317 921 4393 assumebant
939 4316 1041 4392 unde
1058 4315 1245 4392 volebant.
1262 4310 1534 4418 lnjungehatur
1554 4310 1607 4386 eis
1626 4337 1694 4414 per
1711 4338 1762 4383 sa-

342 4463 576 4523 cramentum
592 4476 640 4523 ne
656 4446 864 4523 revelarent
879 4462 1019 4523 secreta
1037 4442 1305 4551 capitulorum,
1331 4443 1378 4518 de
1400 4441 1516 4518 modo
1534 4439 1762 4545 recepcionis

341 4574 378 4650 in
401 4577 553 4682 speciali
578 4604 654 4654 non
686 4576 813 4653 hahita
843 4577 1051 4652 mencione.
1075 4576 1151 4668 Qui
1178 4572 1403 4651 revelassent
1431 4570 1554 4675 puniti
1583 4568 1758 4656 luissent,

342 4708 459 4784 nescit
472 4707 645 4813 qualiter.
665 4708 704 4784 Si
719 4708 784 4812 qui
810 4723 915 4783 erant
933 4705 1064 4783 fratres
1089 4705 1247 4780 seientes
1275 4728 1353 4778 esse
1376 4729 1522 4777 errores
1550 4701 1587 4776 in
1609 4701 1758 4783 ordine,

342 4833 496 4913 luerunt
515 4837 746 4944 negligentes
759 4838 854 4943 ¹quia
883 4863 959 4913 non
989 4818 1231 4911 coirexerunt
1250 4860 1313 4908 eos
1345 4860 1413 4908 nec
1438 4831 1758 4907 denunciaverunt
