4236 5948
251 168 327 239 ‚170
639 139 837 235 raeces
863 159 958 230 nas
984 157 1284 233 reuertens.

250 306 433 387 mandato
458 304 593 411 ipsius,
618 299 693 381 tait
715 300 907 381 esculatus
930 300 970 377 in
994 296 1177 379 umbilico
1199 330 1314 409 super
1334 330 1484 380 carnem
1515 309 1670 388 nudam.

251 434 347 511 Cum
369 435 516 517 fecisset
536 460 623 512 eum
642 430 766 541 prinae
787 458 919 511 vovere
939 446 978 507 et
992 430 1122 539 jurare
1141 432 1365 524 castitatem,
1389 433 1673 532 obedienciam,

250 581 289 642 et
304 565 428 645 vivere
452 566 532 645 sine
553 564 725 671 proprie,
752 590 895 641 servare
917 561 1038 639 bonos
1063 590 1154 637 usus
1176 579 1213 639 et
1241 563 1360 641 bonas
1379 570 1676 651 consuetudines

251 696 413 790 ordinis,
426 714 465 775 et
481 695 723 803 imposuisset
735 695 770 771 ei
785 691 1027 781 mantellum,
1046 709 1085 768 et
1099 692 1230 771 luisset
1243 722 1330 771 eum
1345 696 1537 777 osculatus
1555 700 1597 777 in
1607 726 1674 781 ore

250 854 326 904 una
348 855 435 904 cum
459 825 680 916 astantibus,
703 822 849 901 disitei
871 824 1025 929 insuper
1043 823 1147 928 quod
1167 823 1344 902 fratribus
1363 828 1506 905 ordinis
1528 849 1674 936 poterat

250 957 449 1035 carnaliter
477 955 711 1033 commisceri
739 973 778 1031 et
803 955 873 1061 ipsi
901 982 987 1030 cum
1019 980 1083 1040 eo,
1113 955 1186 1030 hoc
1213 972 1339 1032 tamen
1371 985 1448 1036 non
1474 956 1576 1050 lecit,
1604 992 1674 1041 nec

250 1087 393 1165 audivit
409 1086 482 1165 dici
498 1086 602 1194 quod
617 1087 715 1163 dicta
732 1083 862 1162 illicita
880 1083 938 1161 vel
958 1084 1028 1159 alia
1048 1084 1320 1164 intervenirent
1333 1089 1372 1164 in
1388 1091 1674 1197 reccpeionibus

249 1217 411 1295 aliorum
433 1217 590 1294 fratrum
615 1216 673 1292 vel
696 1233 800 1322 post;
837 1244 907 1291 uec
932 1215 1001 1291 scit
1025 1215 1129 1322 quod
1150 1217 1278 1293 credat
1305 1246 1418 1324 super
1442 1219 1530 1305 lroc,
1559 1241 1674 1329 prout

250 1349 445 1455 respondit
464 1349 684 1455 requisitus,
701 1347 882 1454 adjiciens
902 1373 941 1423 se
963 1373 1040 1422 non
1055 1345 1211 1424 eredere
1226 1349 1330 1453 quod
1350 1379 1432 1426 vera
1454 1353 1529 1428 sint
1549 1353 1672 1460 aliqua

251 1479 298 1557 de
322 1480 508 1558 contentis
530 1480 570 1555 in
590 1478 700 1555 dictis
725 1477 906 1569 articulis,
928 1477 997 1554 nisi
1024 1504 1066 1553 ea
1088 1505 1163 1583 que
1184 1506 1298 1584 super
1319 1481 1511 1587 deposuit,
1534 1501 1572 1560 et
1596 1512 1672 1592 que

249 1629 471 1718 sequuntur.
493 1610 595 1688 Dixit
615 1611 717 1686 enim
738 1609 840 1715 quod
863 1609 941 1714 ipse
961 1608 1058 1685 bene
1080 1609 1256 1687 credebat
1276 1612 1534 1692 ecclesiasticis
1551 1643 1672 1692 sacra-

250 1742 403 1829 mentis,
429 1759 466 1817 et
486 1740 606 1816 credit
625 1739 728 1844 quod
752 1738 813 1814 alii
837 1738 969 1814 fratres
993 1737 1137 1817 ordinis
1157 1741 1295 1817 eodem
1316 1743 1433 1820 modo
1453 1743 1669 1833 crederent,

251 1888 288 1946 et
308 1870 414 1977 quod
433 1897 566 1947 eorum
590 1869 801 1946 secerdotes
818 1867 945 1945 debite
963 1867 1208 1947 celebrarent.
1234 1870 1388 1948 Dictum
1404 1870 1475 1949 luit
1495 1875 1530 1951 ei
1552 1876 1590 1950 in
1614 1906 1673 1952 re-

251 2003 428 2108 cepcione
442 2029 505 2078 sua
522 2000 626 2106 quod
642 1999 766 2075 statim
779 2025 848 2104 pro
863 1998 1038 2104 professis
1054 1999 1303 2089 habebantur,
1322 2018 1360 2078 et
1378 2004 1481 2109 quod
1496 2005 1671 2083 ordinem

251 2132 349 2209 exire
365 2159 441 2209 non
457 2146 641 2237 poterant.
660 2129 901 2207 Clandestino
914 2126 1203 2236 recipiebantur,
1219 2130 1335 2209 nullis
1347 2133 1586 2238 presentibus
1599 2136 1671 2212 nisi

250 2262 429 2340 fratribus
446 2261 607 2349 ordinis,
628 2287 763 2367 exque
783 2260 903 2338 credit
922 2260 1027 2365 quod
1046 2278 1144 2338 esset
1160 2261 1321 2366 suspicio
1339 2281 1467 2340 contra
1485 2292 1559 2341 eos.
1581 2266 1675 2342 Cor-

251 2392 352 2469 dulis
367 2391 469 2468 unde
489 2389 664 2468 volebant
679 2390 878 2494 assumptis
897 2417 937 2465 se
949 2388 1149 2495 cingebant
1163 2419 1276 2496 super
1293 2392 1463 2469 camisias
1479 2422 1563 2469 cum
1586 2398 1675 2501 qui-

250 2526 322 2600 bus
339 2522 525 2630 jacebant.
557 2517 829 2597 Promittehant
855 2547 930 2596 non
954 2518 1119 2596 revelare
1144 2536 1283 2599 secreta
1312 2520 1579 2629 capituliorum
1603 2554 1674 2603 nec

252 2654 408 2731 modum
448 2680 515 2729 suc
545 2650 796 2756 recepcionis,
829 2667 867 2725 et
901 2649 1096 2727 dicebatur
1129 2651 1184 2727 eis
1211 2650 1340 2759 quod,
1379 2654 1409 2730 si
1445 2654 1671 2743 revelarent,

251 2786 422 2863 habitum
450 2782 665 2888 perderent.
701 2777 971 2889 lnjungebatur
996 2782 1051 2857 eis
1076 2781 1181 2887 qaod
1209 2782 1392 2888 qaaamdiu
1423 2801 1575 2891 possent
1607 2787 1675 2862 ha-

250 2919 340 2993 bere
376 2913 507 2989 fratres
534 2911 695 2999 ordinis,
726 2938 803 2987 non
831 2910 1102 2988 confiterentur
1129 2910 1223 2988 aliis.
1254 2912 1293 2991 Si
1318 2914 1514 3018 quierant
1540 2913 1675 2993 fratres

251 3046 410 3121 seientes
436 3040 565 3118 illicita
590 3039 794 3117 confessata
815 3069 883 3144 per
902 3068 1008 3126 earm,
1029 3040 1184 3118 suerunt
1205 3041 1459 3151 negligentes,
1483 3044 1571 3149 quia
1593 3072 1672 3122 non

251 3189 495 3250 correxerunt
523 3197 681 3248 cosnec
706 3169 1028 3246 denunciaverunt
1056 3170 1233 3249 Ecclesia.
1258 3175 1301 3249 ln
1325 3173 1504 3250 domibus
1526 3175 1674 3252 ordinis

252 3307 289 3379 in
305 3304 444 3411 quibus
459 3301 579 3378 extitit
591 3316 861 3388 commoratus,
874 3300 965 3378 vidit
979 3316 1017 3376 ct
1031 3300 1172 3377 audivit
1192 3301 1415 3380 elemosinas
1429 3321 1467 3378 et
1480 3303 1674 3410 hospitali-

249 3451 365 3511 tatem
386 3432 651 3511 convenicnter
674 3428 758 3505 fieri
781 3446 818 3504 et
841 3431 992 3521 servari,
1014 3449 1052 3508 et
1069 3429 1234 3508 daffendi
1263 3460 1310 3508 ne
1335 3460 1379 3508 ex
1399 3450 1498 3509 certa
1513 3432 1674 3509 sciencia

250 3564 419 3641 indebite
436 3562 670 3668 acquirerent
686 3559 831 3647 ordini,
853 3577 891 3637 et
910 3560 1085 3669 capitulia
1102 3560 1197 3637 clam
1212 3563 1352 3653 teneri,
1377 3561 1493 3638 nullis
1518 3588 1674 3668 presen-

248 3695 351 3773 tibus
365 3694 435 3770 nisi
452 3690 627 3770 fratribus
647 3690 810 3779 ordinis,
830 3690 896 3798 qui
912 3709 1091 3799 servasset
1110 3692 1214 3798 quod
1233 3691 1282 3768 de
1294 3691 1451 3769 consilio
1465 3710 1674 3770 conventus

249 3826 439 3902 statuisset
474 3823 650 3930 Magister
675 3820 840 3906 ordinis,
871 3839 999 3898 eontra
1025 3848 1139 3928 quem
1174 3846 1277 3899 nunc
1300 3822 1453 3930 grandia
1481 3821 1671 3909 scandala,

249 3956 411 4063 suspicio
428 3972 465 4031 et
482 3952 634 4030 infamia
649 3969 737 4030 sunt
753 3970 890 4030 exorta.
911 3954 958 4029 Et
975 3952 1116 4029 audivit
1138 3952 1213 4029 dici
1232 3953 1373 4030 dictum
1394 3954 1614 4059 Magistrum
1636 3972 1673 4030 et

249 4086 341 4165 alios
357 4088 479 4194 aliqua
496 4084 608 4162 fuisse
621 4082 810 4160 confessos
826 4101 953 4160 contra
969 4083 1112 4160 dictum
1131 4084 1321 4174 ordinem,
1343 4082 1387 4158 ad
1404 4084 1512 4188 cujus
1527 4083 1672 4161 dellen-

250 4219 394 4295 sionem
412 4246 451 4293 se
472 4243 550 4294 non
569 4213 770 4292 obtulerat.

306 4346 522 4452 Requisitus
533 4344 564 4421 si
582 4344 633 4421 sic
645 4343 870 4449 deposuerat
888 4373 1014 4448 prece,
1032 4361 1221 4450 precepto,
1237 4344 1388 4431 timore,
1407 4370 1547 4431 amore,
1566 4345 1667 4430 odio,

249 4479 307 4555 vel
322 4474 519 4580 temporali
536 4474 697 4551 comodo
718 4474 846 4550 habito
870 4473 925 4549 vel
945 4475 1138 4560 babendo,
1154 4473 1348 4579 respondit
1362 4473 1466 4579 quod
1481 4500 1580 4565 non,
1602 4472 1669 4551 sed
