4236 5948
665 546 985 640 processus
1015 565 1318 642 rnurmnns.
1622 568 1698 644 ras

279 729 406 790 tamen
429 709 553 788 Deum
576 735 659 798 ore,
684 735 762 786 non
783 706 913 799 corde,
943 724 985 783 ut
1011 707 1114 785 dixit.
1146 708 1296 787 Deinde
1327 708 1436 785 allata
1462 735 1529 815 per
1554 710 1697 789 dictum

279 841 529 944 presbiterum
557 838 718 945 quadam
749 864 857 915 cruce
878 836 1068 913 metallina
1093 839 1131 913 in
1152 868 1227 945 qua
1250 856 1327 917 erat
1347 867 1483 946 ymago
1505 840 1697 935 crucifixi,

279 971 447 1079 precepit
461 970 495 1048 ei
514 969 637 1046 dictus
660 987 833 1075 receptor
853 968 958 1074 quod
973 986 1125 1073 spueret
1154 997 1265 1075 supra
1287 997 1386 1061 eam,
1414 986 1451 1045 et
1478 970 1557 1076 ipse
1577 969 1702 1050 noluit

279 1128 414 1208 spuere
434 1128 562 1205 supra,
584 1099 652 1176 sed
668 1100 771 1205 spuit
785 1099 891 1206 juxta
918 1127 1012 1174 eam.
1040 1098 1142 1176 Dixit
1166 1099 1321 1205 insuper
1346 1099 1468 1204 quod,
1489 1102 1701 1180 secundum

279 1247 452 1338 precepta
485 1229 583 1305 dicte
610 1228 820 1336 religionis,
854 1243 1001 1335 poterat
1030 1228 1226 1305 carnaliter
1264 1229 1496 1306 commisceri
1524 1228 1701 1311 fratribus

281 1359 440 1449 ordinis,
464 1375 503 1437 et
529 1358 600 1464 ipsi
622 1388 707 1435 cum
734 1387 797 1448 eo;
824 1359 896 1436 hoc
915 1375 1041 1434 tamen
1064 1387 1140 1435 non
1167 1359 1272 1447 secit,
1301 1358 1455 1436 necfuit
1476 1361 1698 1467 requisitus,

281 1519 350 1567 nec
369 1489 488 1568 credit
513 1489 617 1596 quod
641 1490 680 1564 in
701 1490 834 1566 ordine
852 1489 971 1566 fieret.
993 1489 1095 1566 Dixit
1115 1490 1232 1564 eciam
1256 1489 1361 1594 quod
1377 1487 1447 1565 sibi
1472 1491 1608 1568 tradita
1628 1493 1700 1572 fuit

280 1647 348 1727 per
368 1620 509 1696 dictum
533 1637 767 1725 receptorem
794 1648 869 1696 una
898 1618 1069 1710 cordula,
1097 1636 1135 1695 et
1158 1636 1378 1725 preceptum
1406 1621 1510 1726 quod
1534 1622 1701 1731 cingeret

281 1779 320 1828 se
350 1751 398 1828 de
430 1779 472 1828 ea
502 1780 614 1857 supra
650 1749 839 1827 camisiam
868 1778 954 1826 cum
988 1779 1063 1856 qua
1094 1750 1247 1856 jaceret.
1284 1750 1532 1826 Postmodum
1568 1753 1701 1862 elapsis

281 1908 342 1959 vm
364 1880 497 1958 diebus
519 1881 577 1958 vel
597 1881 713 1972 circa,
746 1909 830 1956 cum
858 1879 980 1956 dictus
1004 1879 1188 1986 presbiter
1214 1896 1252 1956 et
1274 1879 1356 1986 ipse
1378 1879 1477 1957 irent
1497 1883 1700 1988 spaciatum

280 2036 407 2087 versus
421 2010 685 2087 molendinum
709 2038 840 2086 eorum
858 2010 948 2086 dicti
970 2010 1060 2100 loci,
1084 2009 1176 2085 dixit
1197 2009 1231 2085 ei
1252 2008 1373 2086 dictus
1392 2011 1578 2114 presbiter
1597 2016 1701 2121 qu'od

284 2140 381 2217 dicte
402 2130 660 2217 cordule'cum
689 2141 827 2246 quibus
846 2139 1092 2246 cingebantur
1119 2139 1324 2246 tangebant
1337 2139 1436 2215 ultra
1463 2170 1565 2219 mare
1580 2141 1703 2250 quod-

284 2272 369 2347 dam
401 2270 545 2377 capud,
568 2298 646 2347 non
674 2269 899 2346 declarando
925 2270 1034 2375 quale
1062 2269 1182 2374 capud
1210 2287 1328 2360 esset,
1362 2287 1401 2346 et
1430 2270 1552 2349 dictus
1578 2277 1700 2365 testis,

281 2419 437 2508 propter
470 2400 637 2507 predicta
665 2398 793 2475 illicita
820 2428 893 2506 que
918 2400 952 2475 ei
992 2399 1159 2506 injuncta
1187 2398 1341 2476 fuerunt
1375 2418 1413 2477 et
1441 2430 1516 2507 que
1541 2403 1700 2499 lecerat,

282 2531 474 2638 suspicans
494 2529 636 2607 dictum
664 2529 785 2635 capud
808 2556 888 2606 esse
912 2528 1072 2618 malum,
1104 2527 1239 2634 abjecit
1267 2528 1405 2604 dictam
1434 2531 1644 2626 cordulam,
1666 2554 1704 2614 et

284 2679 432 2739 extunc
449 2689 527 2737 non
546 2660 706 2766 portavit
724 2660 862 2736 dictam
882 2658 1093 2748 cordulam,
1111 2686 1180 2734 nec
1202 2658 1249 2734 de
1270 2658 1452 2764 capitibus
1469 2678 1506 2737 et
1523 2661 1571 2737 de
1591 2663 1704 2742 idolis

285 2792 485 2899 dequibus
505 2792 627 2897 agitur
647 2791 686 2866 in
709 2790 875 2867 articulis
896 2818 974 2865 non
994 2788 1133 2865 audivit
1154 2789 1235 2865 fieri
1255 2789 1493 2866 mencionem
1520 2791 1589 2867 nisi
1616 2823 1703 2872 cum

286 2921 548 3028 inquirebatur
561 2949 647 2997 cum
669 2946 735 3008 ec,
754 2937 791 2997 et
810 2937 1008 3026 postquam
1025 2935 1154 3025 captus
1174 2917 1263 3010 luit3
1285 2936 1323 2995 et
1338 2919 1458 2995 credit
1477 2922 1583 3027 quod
1603 2951 1705 3001 com-

284 3051 450 3127 muniter
465 3069 503 3127 et
525 3050 669 3157 ubique
694 3050 792 3126 dicta
818 3049 948 3127 illicita
976 3067 1013 3126 et
1033 3077 1111 3125 non
1136 3048 1206 3124 alia
1226 3049 1495 3127 intervenirent
1512 3051 1552 3126 in
1576 3079 1706 3161 recep·

284 3178 456 3257 cionibus
481 3179 642 3256 aliorum
667 3172 826 3257 fratrum
852 3180 997 3256 ordinis
1018 3178 1076 3255 vel
1107 3195 1210 3284 post,
1238 3178 1324 3285 quia
1350 3207 1427 3255 uon
1455 3180 1575 3257 credit
1601 3185 1704 3289 quod

284 3309 368 3386 talis
395 3310 539 3387 novitas
564 3309 657 3386 lacta
678 3309 792 3388 suerit
812 3311 882 3387 sibi
903 3310 986 3387 soli.
1014 3313 1130 3401 Item,
1156 3309 1248 3385 dixit
1275 3310 1380 3416 quod
1406 3309 1523 3388 indie
1548 3312 1705 3390 Veneris

284 3455 408 3514 sancta
428 3437 635 3517 adorabant
661 3459 875 3518 reverenter
895 3456 932 3516 et
953 3440 1105 3528 devote,
1132 3439 1246 3516 nudis
1265 3439 1444 3544 pedibus,
1467 3468 1637 3535 crucem,
1667 3461 1705 3520 et

284 3568 388 3672 quod
412 3567 491 3674 ipse
519 3569 617 3644 bene
645 3569 823 3646 credebat
847 3568 1104 3646 ecclesiasticis
1128 3568 1384 3660 sacramentis,
1412 3570 1569 3648 credens
1599 3573 1705 3678 quod

206 3785 211 3791 ,
285 3697 346 3773 alii
373 3696 504 3775 fratres
523 3697 668 3775 ordinis
693 3700 828 3776 eodem
859 3699 974 3776 modo
1002 3699 1215 3787 crederent,
1241 3716 1279 3776 et
1297 3700 1402 3805 quod
1427 3727 1559 3777 eorum
1585 3730 1705 3780 sacer-

285 3826 393 3905 dotes
412 3828 539 3906 debite
572 3828 816 3906 celebrarent.
845 3830 986 3907 Juravit
1013 3830 1186 3906 ordinem
1219 3858 1296 3905 non
1327 3830 1426 3905 exire
1455 3858 1524 3935 pro
1556 3832 1704 3911 meliori

283 3956 342 4033 vel
372 3957 512 4065 pejori,
540 3959 699 4036 credens
727 3959 832 4066 quod
856 3958 919 4035 alii
951 3959 1086 4036 eodem
1114 3959 1230 4035 modo
1251 3959 1434 4066 jurarent.
1462 3958 1704 4039 Clandestine

285 4086 573 4192 recipiebantur,
595 4089 712 4167 nullis
741 4088 977 4195 presentibus
996 4089 1069 4165 nisi
1094 4089 1272 4167 fratribus
1288 4089 1448 4178 ordinis,
1466 4116 1605 4195 exque
1625 4118 1704 4170 cre·

287 4214 342 4291 dit
361 4217 467 4323 quod
492 4236 590 4295 esset
608 4218 771 4324 suspicio
796 4234 924 4294 contra
957 4246 1032 4295 eos.
1057 4219 1189 4296 Credit
1207 4218 1312 4324 quod
1331 4219 1395 4325 qui
1421 4217 1633 4298 noluissent
1651 4220 1705 4298 fa·

287 4371 369 4420 cere
395 4347 563 4451 predicta
590 4348 720 4425 illicita
742 4347 947 4425 consessata
967 4375 1036 4454 per
1055 4376 1162 4437 eum,
1186 4348 1284 4424 male
1304 4349 1449 4425 tractati
1470 4346 1643 4438 fuissent,
1667 4368 1706 4429 et

286 4475 391 4579 quod
405 4476 640 4585 negligentes
652 4479 808 4555 luerunt
817 4480 882 4584 qui
894 4479 1062 4585 predicta
1073 4479 1254 4568 sciebant,
1270 4479 1449 4586 quianon
1462 4497 1705 4558 correxerunt

286 4629 355 4679 nec
383 4605 702 4685 denunciaverunt
731 4608 912 4697 Ecclesic,
945 4625 982 4685 et
1013 4609 1133 4685 credit
1158 4610 1262 4715 quod
1290 4608 1343 4685 eis
1363 4625 1486 4686 essent
1513 4625 1601 4686 nota
1620 4638 1706 4716 pre·

287 4734 395 4811 dicta.
417 4737 669 4815 Elemosinam
691 4756 728 4816 et
746 4739 1036 4845 hospitalitatem
1058 4739 1151 4816 vidit
1170 4739 1438 4816 convenienter
1455 4738 1537 4815 lieri
1569 4757 1607 4817 et
1630 4768 1706 4817 ser·

286 4863 360 4939 vari
382 4864 422 4940 in
443 4866 620 4946 domibus
639 4868 783 4946 ordinis
802 4869 841 4944 in
871 4869 1010 4976 quibus
1035 4869 1154 4947 extitit
1171 4885 1433 4947 commoratus.
1456 4869 1596 4948 Contra
1617 4869 1706 4945 Sar-

392 5006 498 5065 rnocts
520 5025 572 5069 nrs
594 5025 864 5068 murum-11.
1517 5005 1555 5065 32
