4236 5948
745 511 941 605 rancus
968 530 1063 602 oss
1091 530 1392 603 esurimus.
1733 532 1781 604 as

357 694 554 772 adorarent
574 691 684 800 ydola
702 709 739 768 et
759 691 877 797 capita
894 688 1115 798 ydolorun1;
1134 719 1203 766 nec
1217 691 1323 797 quod
1336 690 1491 768 cordulo
1509 710 1657 797 sumpte
1679 695 1781 770 unde

357 826 544 907 volebant,
571 822 711 930 quibus
739 822 785 899 de
812 821 989 898 mandato
1018 821 1257 927 superiorum
1289 821 1536 929 cingebantur
1565 823 1604 898 in
1633 824 1780 930 signum

356 957 528 1034 castitatis
548 984 662 1063 super
677 955 845 1030 camisias
865 983 952 1031 cum
972 953 1113 1059 quibus
1130 952 1316 1060 jacebant,
1337 971 1536 1069 tangerent
1553 954 1672 1059 capita
1688 955 1781 1059 ydo-

355 1088 488 1165 lorum.
506 1088 617 1177 ltem,
636 1085 728 1162 dixit
753 1085 857 1191 quod
882 1113 1032 1160 crucem
1053 1101 1216 1161 sanctam
1239 1083 1336 1161 ultra
1360 1113 1461 1160 mare
1482 1084 1613 1161 devote
1634 1113 1782 1162 venera·

354 1219 501 1306 bantur,
519 1217 611 1294 etin
628 1216 690 1292 die
702 1215 858 1292 Veneris
872 1232 996 1291 sancta
1013 1232 1226 1291 reverenter
1237 1243 1385 1292 crucem
1401 1214 1608 1292 adorabant
1623 1214 1777 1322 ubique.

355 1349 486 1426 Statim
512 1376 581 1455 pro
603 1346 778 1453 professis
802 1346 1050 1423 habebantur.
1073 1345 1316 1425 Clandestine
1341 1345 1632 1452 recipiebantur,
1663 1346 1777 1422 nullis

354 1479 591 1586 presentibus
611 1479 682 1554 nisi
704 1476 880 1555 fratribus
901 1477 1063 1565 ordinis,
1094 1506 1137 1553 ex
1154 1506 1232 1585 quo
1248 1477 1368 1554 credit
1382 1477 1488 1585 quod
1503 1506 1571 1583 per
1587 1477 1705 1554 malos
1721 1509 1778 1553 su·
1889 1562 1893 1573 ,

353 1612 466 1716 spicio
478 1627 607 1687 contra
625 1608 802 1686 ordinem
816 1609 1032 1685 haberetur.
1050 1608 1156 1698 ltem,
1176 1607 1268 1683 dixit
1280 1635 1318 1684 se
1331 1607 1483 1684 credere
1500 1608 1605 1713 quod
1625 1608 1778 1685 diversis

352 1741 474 1818 modis
491 1741 750 1847 reciperentur
766 1740 804 1815 in
819 1739 965 1830 ordine,
983 1738 1072 1844 quia
1088 1738 1125 1813 in
1141 1739 1359 1844 recopcione
1376 1768 1444 1816 sua
1459 1756 1496 1816 et
1513 1737 1667 1815 illorum
1682 1767 1778 1847 quos

351 1871 442 1947 vidit
458 1872 587 1977 recipi,
605 1870 662 1947 vel
677 1887 773 1976 post,
791 1898 866 1947 non
882 1870 1082 1946 intervenit
1103 1869 1247 1975 aliquid
1263 1868 1437 1946 illicitum
1454 1870 1512 1944 vel
1530 1870 1776 1947 inhonestum

351 2004 453 2108 quod
469 2004 548 2108 ipse
560 2001 707 2079 sciverit
721 1999 779 2077 vel
793 2001 979 2077 audiverit
994 2001 1080 2087 diei,
1099 1999 1166 2076 sed
1182 2000 1302 2077 credit
1315 1999 1419 2106 quod
1434 2000 1472 2075 in
1489 1999 1776 2105 recopcionibus

349 2132 562 2240 aliquorum
587 2133 766 2223 aliorum,
786 2132 844 2208 vel
873 2150 976 2238 post,
1009 2132 1279 2208 intervenirent
1302 2131 1426 2237 aliqua
1457 2131 1587 2208 illicita
1614 2131 1661 2208 de
1685 2162 1775 2210 con-

349 2264 461 2340 tentis
481 2265 519 2340 in
541 2264 718 2352 articulis,
736 2292 805 2369 pro
822 2292 867 2340 eo
883 2263 988 2369 quod
1003 2291 1160 2372 magnus
1179 2263 1354 2370 Magister
1370 2280 1407 2339 et
1424 2262 1487 2338 alii
1504 2263 1576 2339 hoc
1594 2262 1775 2339 dicuntur

348 2393 459 2474 luisse
481 2396 652 2474 confessi.
676 2396 891 2501 Requisitus
912 2397 959 2471 de
980 2395 1118 2501 quibus
1149 2393 1288 2472 illicitis
1317 2394 1492 2471 credebat
1512 2395 1693 2501 predicta,
1715 2425 1775 2471 re-

349 2526 499 2631 spondit
519 2555 558 2602 se
579 2526 723 2604 nescire
744 2527 782 2600 in
804 2525 966 2632 speciali.
988 2527 1204 2632 Requisitus
1219 2527 1248 2601 si
1269 2525 1409 2603 sciebat
1418 2524 1563 2632 aliquid
1576 2525 1717 2603 malum
1734 2527 1774 2601 in

348 2656 493 2746 ordine,
511 2657 706 2763 respondit
726 2657 832 2763 quod
845 2657 957 2734 nimis
978 2674 1085 2733 erant
1103 2657 1189 2733 elati
1208 2656 1318 2733 multi
1336 2685 1379 2732 ex
1395 2656 1460 2743 eis,
1478 2673 1515 2732 et
1529 2685 1598 2763 per
1612 2657 1772 2734 abusum

348 2787 557 2865 litterarum
578 2786 866 2893 apostolicarum
892 2788 1071 2863 vexabant
1092 2788 1241 2863 multos.
1266 2788 1377 2874 ltem,
1397 2787 1490 2862 dixit
1509 2785 1612 2892 quod
1639 2788 1692 2862 eis
1717 2788 1775 2863 in·

343 2915 574 3022 jungebatur
593 2944 661 3021 per
682 2933 957 2993 sacramentum
977 2915 1083 3023 quod
1103 2943 1180 2992 non
1202 2914 1409 2991 revelarent
1433 2932 1571 2991 secreta
1591 2915 1773 3019 capitulo·

347 3078 443 3138 rum,
462 3048 510 3125 de
528 3048 644 3125 modo
662 3048 893 3154 recepcionis
914 3047 1063 3154 speciali
1085 3076 1162 3124 non
1183 3047 1308 3124 habita
1329 3047 1539 3133 mensione,
1563 3064 1600 3123 et
1616 3048 1722 3153 quod
1741 3048 1770 3124 si

347 3179 588 3266 revelassent,
612 3179 768 3288 graviter
783 3179 907 3285 puniti
929 3178 1105 3265 fuissent,
1123 3178 1189 3256 sed
1211 3179 1327 3255 nescit
1345 3177 1517 3284 qualiter.
1535 3180 1617 3255 Nou
1630 3179 1771 3254 audivit

347 3306 509 3387 inhiberi
535 3310 639 3415 quod
664 3317 742 3386 non
768 3309 1038 3387 confiterentur
1071 3310 1141 3409 nisi
1175 3310 1432 3386 sacerdotibus
1462 3309 1617 3386 ordinis.
1643 3310 1681 3388 Si
1704 3310 1769 3416 qui

347 3457 451 3515 erant
478 3440 609 3534 fratres
633 3440 792 3517 scientes
820 3469 966 3518 errores
991 3441 1029 3517 iu
1060 3440 1210 3529 ordine,
1236 3440 1390 3517 suerunt
1419 3440 1652 3549 negligentes
1683 3441 1771 3547 quia

348 3598 424 3645 non
442 3589 685 3647 correxerunt
700 3599 765 3647 eos
775 3599 843 3647 nec
860 3571 1182 3648 denunciaverunt
1196 3571 1372 3648 Ecclesie.
1390 3570 1624 3648 Elemosinas
1643 3589 1681 3647 et
1703 3574 1772 3648 ho-

345 3701 581 3804 spitalitatem
601 3701 695 3778 vidit
714 3704 981 3780 convenienter
1002 3701 1084 3779 fieri
1107 3721 1145 3779 et
1164 3703 1299 3780 servari
1319 3704 1358 3778 in
1379 3703 1557 3782 domibus
1572 3703 1714 3780 ordinis
1731 3703 1769 3777 in

344 3830 482 3935 quibus
497 3833 636 3909 exstitit
655 3851 919 3922 commoratus,
935 3850 972 3909 et
984 3833 1124 3910 audivit
1144 3833 1310 3909 deffendi
1327 3857 1374 3910 ne
1390 3833 1518 3911 illicite
1533 3835 1771 3941 acquirerent

345 3963 479 4038 ordini.
502 3965 543 4039 ln
565 3991 698 4041 eorum
724 3964 897 4071 capitulis
921 3994 995 4070 que
1024 3981 1107 4069 post
1126 3946 1373 4049 matutinum,
1396 3967 1546 4042 missam
1569 3981 1607 4040 et
1628 3992 1771 4041 sermo·

346 4119 443 4181 nem,
466 4092 562 4169 clam
582 4092 825 4186 tenebantur,
849 4094 936 4171 satis
955 4095 1187 4200 tempestive,
1211 4094 1325 4171 nullis
1345 4094 1583 4200 presentibus
1603 4094 1674 4170 nisi
1695 4091 1768 4167 fra-

343 4222 462 4299 tribus
477 4223 636 4315 ordinis,
659 4225 824 4302 excubiis
841 4252 919 4301 non
939 4224 1071 4332 positis
1090 4254 1159 4301 nee
1179 4223 1319 4301 familia
1337 4253 1414 4301 non
1432 4224 1578 4301 exclusa
1596 4252 1616 4300 a
1638 4223 1765 4310 domo,

342 4352 609 4456 providebatur
628 4354 732 4461 quod
753 4383 828 4431 non
850 4354 1045 4432 audiretur
1070 4357 1231 4433 exterius
1255 4355 1361 4462 quod
1386 4356 1543 4431 interius
1572 4353 1764 4463 agebatur.

343 4481 523 4559 Ordinata
542 4513 609 4590 per
628 4484 847 4591 Magistrum
868 4513 955 4561 cum
977 4504 1164 4564 conventu
1184 4503 1365 4563 servasset
1381 4502 1483 4562 totus
1503 4484 1614 4575 ordo,
1638 4500 1767 4560 contra

342 4641 457 4718 quem
478 4642 579 4691 nunc
599 4616 753 4721 grandia
766 4616 948 4706 scandala,
967 4617 1129 4723 suspicio
1147 4634 1184 4692 et
1200 4615 1350 4692 infamia
1370 4632 1459 4693 sunt
1479 4633 1617 4694 exorta.
1640 4615 1680 4692 Si
1693 4614 1768 4692 illi-

341 4744 412 4819 cita
427 4762 603 4822 contenta
622 4747 661 4820 in
682 4745 847 4823 articulis
863 4743 1004 4824 fiebant
1024 4747 1062 4822 iu
1081 4746 1225 4834 ordine,
1250 4746 1369 4823 credit
1385 4747 1490 4853 quod
1506 4765 1630 4825 essent
1650 4749 1768 4824 nrani-

341 4873 433 4950 lesta
449 4875 523 4956 illis
544 4878 609 4983 qui
627 4861 794 4955 sciebant
815 4895 853 4954 et
871 4877 1057 4956 faciebant
1078 4878 1256 4985 predicta.
1275 4878 1490 4986 Requisitus
1510 4877 1593 4970 ubi,
1614 4881 1765 4984 quando

1571 5037 1617 5078 lt.
