4236 5948
607 521 800 632 enocbs
826 543 920 616 ors
946 544 1248 618 venemens,
1571 556 1640 626 159

222 686 380 763 militem
415 682 634 790 quondam,
669 699 926 788 preceptorem
957 700 1048 762 tunc
1078 686 1177 763 dicte
1215 686 1373 777 domus,
1404 691 1642 796 presentibus

220 816 396 894 iratribus
422 814 619 924 Aymerieo
645 813 725 890 Ada
751 813 978 920 presbitero,
1009 817 1238 924 Berengario
1264 818 1311 897 de
1336 820 1456 927 Rogas
1485 839 1522 898 et
1548 824 1641 930 Ray·

221 948 366 1026 mundo
386 945 532 1024 Palcort
549 943 754 1037 militibus,
777 943 993 1037 deffunctis,
1016 965 1054 1023 et
1073 947 1300 1055 quibusdam
1329 949 1410 1028 aliis
1435 952 1481 1029 de
1502 954 1642 1058 quibus

220 1109 294 1157 non
323 1076 471 1168 recolit,
491 1077 532 1152 in
555 1077 656 1152 bunc
683 1076 840 1153 modum
865 1107 874 1152 t
896 1105 983 1153 nam
1011 1107 1097 1155 cnm
1128 1080 1406 1186 requisivissent
1424 1083 1640 1161 societatem

220 1211 382 1303 ordinis,
404 1227 442 1287 et
469 1205 679 1287 deliberato
712 1206 869 1285 consilio
899 1208 1064 1286 finaliter
1082 1210 1136 1288 eis
1156 1212 1416 1303 concessisset,
1440 1230 1477 1290 et
1496 1213 1643 1293 lecisset

221 1371 283 1420 cos
305 1370 437 1449 rogare
460 1343 583 1420 Deum
609 1355 647 1417 et
667 1337 815 1417 beatam
839 1339 992 1417 Mariam
1019 1342 1087 1447 qui
1107 1341 1311 1449 dirigerent
1333 1371 1416 1435 eos,
1445 1362 1483 1422 et
1503 1349 1642 1451 presci-

219 1475 330 1551 visset
349 1472 395 1549 ab
423 1472 478 1549 eis
503 1500 571 1579 per
594 1470 856 1577 Jurtnoentum
881 1469 986 1576 quod
1013 1499 1089 1549 non
1121 1488 1226 1548 erant
1254 1473 1512 1564 matrimoniO,
1536 1475 1642 1553 alteri

219 1604 390 1713 religioni
408 1601 466 1683 vel
487 1602 626 1681 debitis
645 1630 720 1709 que
742 1600 887 1679 solvere
905 1629 983 1679 non
998 1620 1150 1708 possent
1172 1601 1341 1711 obligati,
1364 1634 1433 1682 nec
1452 1605 1642 1687 habebant

218 1734 455 1812 infirmitates
474 1733 650 1823 latentes,
679 1731 767 1810 lecit
788 1759 853 1809 eos
872 1760 1004 1810 vovere
1024 1750 1063 1809 et
1083 1735 1210 1842 jurare
1238 1763 1352 1841 super
1370 1737 1574 1843 quemdam
1595 1736 1641 1812 li-

218 1867 327 1943 brur'n
350 1866 577 1957 castitatem,
597 1862 936 1954 obedienciam,²et
955 1864 1076 1941 vivere
1104 1865 1187 1941 sine
1206 1865 1380 1972 proprio,
1394 1884 1432 1943 et
1448 1867 1554 1972 qnod
1570 1896 1640 1945 suo

217 2024 322 2101 posse
331 2012 529 2073 servarent
550 1993 683 2071 iratres
707 2009 746 2070 et
764 1992 862 2070 bona
878 1994 1048 2082 ordinis,
1061 2011 1105 2071 et
1122 1995 1227 2102 quod
1254 2024 1337 2073 noe
1358 1997 1566 2074 revelarent
1584 2028 1640 2075 se·

217 2145 313 2204 creta
334 2125 605 2232 capitulorum,
625 2142 663 2202 et
682 2138 871 2203 servarent
889 2123 1012 2203 bonos
1040 2153 1129 2202 usus
1148 2143 1188 2202 et
1205 2123 1324 2202 bonas
1341 2127 1640 2205 consuetudines

218 2258 377 2344 ordinis:
402 2275 439 2335 et
459 2257 640 2364 imposuit
659 2257 715 2335 cis
734 2254 936 2334 nsentellos
954 2256 1115 2337 dicendo
1132 2255 1320 2364 psalmum
1340 2257 1438 2336 Ecce
1458 2280 1560 2360 quarn
1583 2260 1641 2335 bo-

216 2417 307 2476 num,
336 2405 374 2466 et
393 2388 494 2468 dicto
512 2387 723 2496 presbitero
746 2387 901 2464 dicasse
928 2387 1110 2493 quasdam
1137 2389 1331 2465 oraciones
1356 2405 1393 2464 ct
1420 2406 1639 2497 aspergente

216 2549 348 2627 aquarn
375 2520 611 2598 benedictam
641 2544 757 2626 super
784 2546 868 2605 eos,
898 2535 943 2594 et‘
964 2546 1100 2595 omnes
1128 2535 1292 2611 anantes
1320 2517 1475 2597 bierunt
1493 2546 1559 2596 eos
1579 2547 1640 2596 os·

215 2648 325 2727 culeti
358 2651 398 2727 in
410 2678 496 2728 core.
525 2649 772 2727 Postmodum
809 2645 919 2724 allata
946 2648 1064 2725 nescit
1093 2675 1161 2753 per
1192 2676 1307 2754 quem
1338 2647 1501 2755 quadem
1528 2674 1638 2726 cruce

215 2780 426 2870 metallina,
449 2781 488 2856 in
515 2809 588 2888 qua
621 2806 698 2857 non
725 2779 819 2854 vidit
838 2779 1051 2886 ymaginem
1084 2777 1284 2870 Crucifixi,
1305 2779 1348 2854 in
1374 2795 1474 2856 terra
1499 2780 1636 2886 posita,

215 2912 382 3017 precepit
402 2913 458 2987 eis
474 2909 579 3018 qnod
598 2926 777 3016 spuerent
792 2936 907 3015 super
923 2935 1029 3000 enm,
1056 2926 1094 2985 et
1113 2909 1191 3014 ipse
1211 2908 1316 2985 testis
1332 2909 1450 3016 spuit,
1472 2926 1511 2986 et
1530 2926 1638 3015 post-

131 3124 139 3135 ,
218 3043 374 3119 modurn
396 3042 518 3121 dictits
546 3041 814 3148 Raymunduse·
838 3057 1021 3147 spuerunt
1040 3067 1117 3118 non
1147 3068 1261 3146 super
1279 3039 1349 3117 sed
1371 3040 1479 3147 juxta
1498 3040 1638 3117 dictam

215 3200 381 3261 crucem,
404 3173 492 3279 qiria
512 3172 605 3249 dixit
621 3168 725 3278 quod
747 3171 914 3279 predicte
933 3188 1039 3248 erant
1060 3171 1107 3247 de
1129 3170 1279 3277 punctis
1298 3171 1458 3260 ordinis,
1481 3187 1519 3248 et
1533 3171 1640 3277 quod

215 3304 423 3385 secundnm
452 3332 494 3379 ea
511 3319 685 3410 poterent
708 3301 905 3379 osrnaliter
925 3301 1159 3379 commisceri
1185 3300 1271 3378 aliis
1286 3301 1466 3383 fratribus
1492 3302 1637 3381 ordinis

215 3451 250 3510 et
265 3434 338 3542 ipsi
359 3463 445 3510 curn
468 3435 540 3524 eis3
560 3434 632 3511 boc
656 3449 784 3513 tamen
803 3459 879 3509 non
897 3431 986 3508 lecit
1001 3430 1227 3537 ipsotestis,
1248 3459 1318 3509 nec
1338 3431 1457 3509 credit
1472 3431 1578 3538 quod·
1597 3430 1635 3509 in

215 3565 348 3644 ordine
363 3565 484 3643 lieret.
502 3563 673 3669 Preoepit
692 3563 809 3641 eciam
832 3563 952 3639 dictus
976 3579 1150 3669 receptur
1175 3563 1229 3640 eis
1255 3563 1361 3670 quod
1376 3562 1639 3642 oscularentur

215 3722 301 3773 eum
329 3697 372 3773 in
387 3723 459 3774 ano
480 3712 518 3772 et
544 3696 582 3771 in
608 3693 807 3781 umbilico,
839 3710 877 3769 et
896 3693 965 3798 ipsi
987 3692 1142 3770 osculati
1170 3691 1330 3771 luerunt
1357 3721 1450 3772 eum
1475 3693 1517 3771 in
1546 3720 1637 3771 anca

215 3840 252 3900 et
281 3825 464 3907 umbilico
490 3853 605 3934 super
623 3852 772 3902 carnem
805 3823 963 3912 nudem,
987 3839 1025 3900 et
1044 3823 1163 3900 credit
1186 3823 1293 3928 quod
1312 3823 1477 3929 predicta
1507 3823 1637 3901 illicite

214 3974 251 4032 et
280 3956 450 4034 nonalia
480 3955 751 4034 intervenirent
775 3954 1027 4031 communiter
1054 3971 1092 4030 et
1120 3952 1325 4060 ubiquein
1351 3952 1637 4060 recepcion-ibus

213 4085 375 4164 aliorum
403 4087 560 4164 lrstrum
591 4085 753 4175 ordinis,
775 4084 862 4190 quia
891 4083 985 4160 vidit
1016 4112 1084 4189 per
1112 4083 1290 4163 eumdem
1326 4084 1489 4160 modurn
1518 4082 1632 4187 redpi

212 4213 363 4294 fratrem
401 4217 641 4298 Bernsndum
676 4214 730 4291 de
744 4214 835 4292 Bort
859 4213 1043 4301 militent,
1087 4215 1152 4321 qui
1187 4212 1333 4319 aufugit
1370 4213 1413 4288 in
1458 4197 1634 4318 capcione

212 4347 391 4436 aliorum,
429 4349 488 4424 in'
505 4347 602 4424 diets
630 4343 788 4452 erpelle,
825 4359 914 4422 sunt
942 4343 1089 4420 circiter
1125 4359 1212 4422 octo
1246 4344 1350 4433 anni,
1381 4370 1449 4449 per
1483 4340 1634 4417 batrem

211 4479 443 4557 Bernardum
475 4480 523 4557 d'e
550 4477 675 4555 Rooba
708 4473 867 4552 militem
895 4473 1106 4562 Provineie,
1130 4489 1389 4580 preceptorem
1421 4470 1632 4560 Provincie‚

211 4608 274 4713 qui
310 4608 519 4697 detinetur,
553 4625 597 4684 ut
631 4606 767 4694 credit,
800 4605 896 4682 ultra
932 4603 1150 4690 Rodanum,
1185 4600 1424 4707 presentibus
1458 4599 1636 4678 fratribus

212 4737 403 4814 Bemardo
434 4737 648 4816 Ginebeudi
683 4734 820 4827 milite,
858 4751 1081 4842 preceptore
1108 4731 1206 4815 dicte
1239 4731 1398 4824 domus,
1428 4727 1634 4809 Guillelmo

215 4867 307 4943 lloca
345 4884 383 4943 et
415 4866 645 4972 Rayrnondo·
662 4868 814 4943 Penaria
840 4863 1104 4954 servientibus,
1136 4862 1299 4939 detentis
1329 4861 1431 4967 epud
1462 4861 1572 4939 Neine
1593 4861 1634 4935 in
