<?xml version="1.0" encoding="UTF-8"?>
<!DOCTYPE html PUBLIC "-//W3C//DTD XHTML 1.0 Transitional//EN"
    "http://www.w3.org/TR/xhtml1/DTD/xhtml1-transitional.dtd">
<html xmlns="http://www.w3.org/1999/xhtml" xml:lang="en" lang="en">
 <head>
  <title>
</title>
<meta http-equiv="Content-Type" content="text/html;charset=utf-8" />
  <meta name='ocr-system' content='tesseract 3.04.00' />
  <meta name='ocr-capabilities' content='ocr_page ocr_carea ocr_par ocr_line ocrx_word'/>
</head>
<body>
  <div class='ocr_page' id='page_1' title='image "./procsdestemplie00defegoog/procsdestemplie00defegoog_0133.png"; bbox 0 0 4236 5948; ppageno 0'>
   <div class='ocr_carea' id='block_1_1' title="bbox 365 504 1389 598">
    <p class='ocr_par' dir='ltr' id='par_1_1' title="bbox 365 504 1389 598">
     <span class='ocr_line' id='line_1_1' title="bbox 365 504 1389 598; baseline 0.004 -4"><span class='ocrx_word' id='word_1_1' title='bbox 365 525 434 595; x_wconf 84' lang='lat' dir='ltr'>im</span> <span class='ocrx_word' id='word_1_2' title='bbox 746 504 944 597; x_wconf 76' lang='lat' dir='ltr'>pnocss</span> <span class='ocrx_word' id='word_1_3' title='bbox 973 523 1065 595; x_wconf 80' lang='lat' dir='ltr'>nes</span> <span class='ocrx_word' id='word_1_4' title='bbox 1091 518 1389 598; x_wconf 73' lang='lat' dir='ltr'>insinuans.</span> 
     </span>
    </p>
   </div>
   <div class='ocr_carea' id='block_1_2' title="bbox 344 661 1823 4012">
    <p class='ocr_par' dir='ltr' id='par_1_2' title="bbox 347 661 1779 3231">
     <span class='ocr_line' id='line_1_2' title="bbox 358 661 1776 769; baseline 0.005 -29"><span class='ocrx_word' id='word_1_5' title='bbox 358 664 580 740; x_wconf 88' lang='lat' dir='ltr'>mantellum</span> <span class='ocrx_word' id='word_1_6' title='bbox 596 692 673 739; x_wconf 95' lang='lat' dir='ltr'>non</span> <span class='ocrx_word' id='word_1_7' title='bbox 689 661 877 751; x_wconf 81' lang='lat' dir='ltr'>deferens,</span> <span class='ocrx_word' id='word_1_8' title='bbox 892 663 980 769; x_wconf 89' lang='lat' dir='ltr'>quia</span> <span class='ocrx_word' id='word_1_9' title='bbox 995 662 1116 768; x_wconf 88' lang='lat' dir='ltr'>ipsum</span> <span class='ocrx_word' id='word_1_10' title='bbox 1135 661 1373 740; x_wconf 91' lang='lat' dir='ltr'>dimiseratin</span> <span class='ocrx_word' id='word_1_11' title='bbox 1384 663 1776 762; x_wconf 88' lang='lat' dir='ltr'>eoncilioSenonensi,</span> 
     </span>
     <span class='ocr_line' id='line_1_3' title="bbox 360 789 1777 903; baseline 0.007 -37"><span class='ocrx_word' id='word_1_12' title='bbox 360 796 494 898; x_wconf 90' lang='lat' dir='ltr'>inquo</span> <span class='ocrx_word' id='word_1_13' title='bbox 524 793 718 869; x_wconf 84' lang='lat' dir='ltr'>absolutus</span> <span class='ocrx_word' id='word_1_14' title='bbox 743 810 779 868; x_wconf 89' lang='lat' dir='ltr'>et</span> <span class='ocrx_word' id='word_1_15' title='bbox 809 791 1068 870; x_wconf 89' lang='lat' dir='ltr'>reconciliatus</span> <span class='ocrx_word' id='word_1_16' title='bbox 1097 789 1217 868; x_wconf 86' lang='lat' dir='ltr'>suerat</span> <span class='ocrx_word' id='word_1_17' title='bbox 1238 821 1304 896; x_wconf 84' lang='lat' dir='ltr'>per</span> <span class='ocrx_word' id='word_1_18' title='bbox 1333 791 1528 871; x_wconf 90' lang='lat' dir='ltr'>dominum</span> <span class='ocrx_word' id='word_1_19' title='bbox 1560 796 1777 903; x_wconf 88' lang='lat' dir='ltr'>episcopum</span> 
     </span>
     <span class='ocr_line' id='line_1_4' title="bbox 357 921 1778 1033; baseline 0.004 -34"><span class='ocrx_word' id='word_1_20' title='bbox 357 925 615 1008; x_wconf 85' lang='lat' dir='ltr'>Parisiensem,</span> <span class='ocrx_word' id='word_1_21' title='bbox 640 922 704 1026; x_wconf 91' lang='lat' dir='ltr'>qui</span> <span class='ocrx_word' id='word_1_22' title='bbox 730 922 968 1026; x_wconf 87' lang='lat' dir='ltr'>inquisiverat</span> <span class='ocrx_word' id='word_1_23' title='bbox 1007 949 1092 996; x_wconf 93' lang='lat' dir='ltr'>cum</span> <span class='ocrx_word' id='word_1_24' title='bbox 1114 921 1270 1009; x_wconf 91' lang='lat' dir='ltr'>eodem,</span> <span class='ocrx_word' id='word_1_25' title='bbox 1300 921 1405 999; x_wconf 89' lang='lat' dir='ltr'>lectis</span> <span class='ocrx_word' id='word_1_26' title='bbox 1426 938 1465 998; x_wconf 90' lang='lat' dir='ltr'>et</span> <span class='ocrx_word' id='word_1_27' title='bbox 1487 923 1691 1033; x_wconf 82' lang='lat' dir='ltr'>diligenter</span> <span class='ocrx_word' id='word_1_28' title='bbox 1717 957 1778 1005; x_wconf 85' lang='lat' dir='ltr'>ex·-</span> 
     </span>
     <span class='ocr_line' id='line_1_5' title="bbox 356 1047 1779 1158; baseline 0.004 -27"><span class='ocrx_word' id='word_1_29' title='bbox 356 1055 487 1158; x_wconf 89' lang='lat' dir='ltr'>positis</span> <span class='ocrx_word' id='word_1_30' title='bbox 507 1051 576 1128; x_wconf 89' lang='lat' dir='ltr'>sibi</span> <span class='ocrx_word' id='word_1_31' title='bbox 599 1050 791 1137; x_wconf 90' lang='lat' dir='ltr'>omnibus,</span> <span class='ocrx_word' id='word_1_32' title='bbox 815 1068 852 1126; x_wconf 90' lang='lat' dir='ltr'>et</span> <span class='ocrx_word' id='word_1_33' title='bbox 875 1049 1031 1157; x_wconf 88' lang='lat' dir='ltr'>singulis</span> <span class='ocrx_word' id='word_1_34' title='bbox 1048 1047 1229 1138; x_wconf 80' lang='lat' dir='ltr'>articulis,</span> <span class='ocrx_word' id='word_1_35' title='bbox 1256 1051 1454 1157; x_wconf 86' lang='lat' dir='ltr'>respondit</span> <span class='ocrx_word' id='word_1_36' title='bbox 1474 1081 1514 1128; x_wconf 88' lang='lat' dir='ltr'>se</span> <span class='ocrx_word' id='word_1_37' title='bbox 1527 1055 1687 1147; x_wconf 89' lang='lat' dir='ltr'>nescire,</span> <span class='ocrx_word' id='word_1_38' title='bbox 1709 1086 1779 1136; x_wconf 87' lang='lat' dir='ltr'>nec</span> 
     </span>
     <span class='ocr_line' id='line_1_6' title="bbox 357 1179 1775 1292; baseline 0.004 -34"><span class='ocrx_word' id='word_1_39' title='bbox 357 1181 526 1271; x_wconf 87' lang='lat' dir='ltr'>credere,</span> <span class='ocrx_word' id='word_1_40' title='bbox 550 1207 618 1256; x_wconf 89' lang='lat' dir='ltr'>nec</span> <span class='ocrx_word' id='word_1_41' title='bbox 637 1179 820 1256; x_wconf 88' lang='lat' dir='ltr'>audivisse</span> <span class='ocrx_word' id='word_1_42' title='bbox 851 1179 924 1256; x_wconf 91' lang='lat' dir='ltr'>dici</span> <span class='ocrx_word' id='word_1_43' title='bbox 946 1179 992 1255; x_wconf 87' lang='lat' dir='ltr'>de</span> <span class='ocrx_word' id='word_1_44' title='bbox 1023 1179 1210 1254; x_wconf 89' lang='lat' dir='ltr'>contentis</span> <span class='ocrx_word' id='word_1_45' title='bbox 1230 1179 1269 1255; x_wconf 94' lang='lat' dir='ltr'>in</span> <span class='ocrx_word' id='word_1_46' title='bbox 1297 1180 1351 1257; x_wconf 91' lang='lat' dir='ltr'>eis</span> <span class='ocrx_word' id='word_1_47' title='bbox 1370 1180 1442 1257; x_wconf 91' lang='lat' dir='ltr'>nisi</span> <span class='ocrx_word' id='word_1_48' title='bbox 1468 1182 1572 1287; x_wconf 93' lang='lat' dir='ltr'>quod</span> <span class='ocrx_word' id='word_1_49' title='bbox 1593 1186 1775 1292; x_wconf 86' lang='lat' dir='ltr'>sequitur.</span> 
     </span>
     <span class='ocr_line' id='line_1_7' title="bbox 355 1308 1774 1421; baseline 0.004 -33"><span class='ocrx_word' id='word_1_50' title='bbox 355 1313 456 1388; x_wconf 81' lang='lat' dir='ltr'>Dixit</span> <span class='ocrx_word' id='word_1_51' title='bbox 470 1342 606 1421; x_wconf 85' lang='lat' dir='ltr'>nempe</span> <span class='ocrx_word' id='word_1_52' title='bbox 627 1343 665 1391; x_wconf 89' lang='lat' dir='ltr'>se</span> <span class='ocrx_word' id='word_1_53' title='bbox 681 1313 795 1391; x_wconf 86' lang='lat' dir='ltr'>luisse</span> <span class='ocrx_word' id='word_1_54' title='bbox 818 1327 1028 1414; x_wconf 86' lang='lat' dir='ltr'>receptum,</span> <span class='ocrx_word' id='word_1_55' title='bbox 1048 1311 1143 1387; x_wconf 88' lang='lat' dir='ltr'>circa</span> <span class='ocrx_word' id='word_1_56' title='bbox 1162 1310 1303 1386; x_wconf 87' lang='lat' dir='ltr'>instans</span> <span class='ocrx_word' id='word_1_57' title='bbox 1322 1308 1461 1388; x_wconf 81' lang='lat' dir='ltr'>festum</span> <span class='ocrx_word' id='word_1_58' title='bbox 1474 1311 1576 1390; x_wconf 88' lang='lat' dir='ltr'>beati</span> <span class='ocrx_word' id='word_1_59' title='bbox 1596 1315 1774 1409; x_wconf 88' lang='lat' dir='ltr'>Dionisii‚</span> 
     </span>
     <span class='ocr_line' id='line_1_8' title="bbox 354 1438 1777 1546; baseline 0.005 -30"><span class='ocrx_word' id='word_1_60' title='bbox 354 1461 465 1518; x_wconf 89' lang='lat' dir='ltr'>erunt</span> <span class='ocrx_word' id='word_1_61' title='bbox 485 1460 569 1519; x_wconf 89' lang='lat' dir='ltr'>octo</span> <span class='ocrx_word' id='word_1_62' title='bbox 585 1445 689 1534; x_wconf 90' lang='lat' dir='ltr'>anni,</span> <span class='ocrx_word' id='word_1_63' title='bbox 715 1444 753 1518; x_wconf 92' lang='lat' dir='ltr'>in</span> <span class='ocrx_word' id='word_1_64' title='bbox 775 1439 915 1546; x_wconf 90' lang='lat' dir='ltr'>capella</span> <span class='ocrx_word' id='word_1_65' title='bbox 937 1441 1073 1518; x_wconf 90' lang='lat' dir='ltr'>domus</span> <span class='ocrx_word' id='word_1_66' title='bbox 1091 1438 1241 1545; x_wconf 89' lang='lat' dir='ltr'>Templi</span> <span class='ocrx_word' id='word_1_67' title='bbox 1264 1440 1311 1516; x_wconf 89' lang='lat' dir='ltr'>de</span> <span class='ocrx_word' id='word_1_68' title='bbox 1327 1440 1425 1519; x_wconf 91' lang='lat' dir='ltr'>Villa</span> <span class='ocrx_word' id='word_1_69' title='bbox 1445 1443 1551 1519; x_wconf 84' lang='lat' dir='ltr'>Meso</span> <span class='ocrx_word' id='word_1_70' title='bbox 1574 1442 1777 1524; x_wconf 83' lang='lat' dir='ltr'>Altisiodo-</span> 
     </span>
     <span class='ocr_line' id='line_1_9' title="bbox 354 1568 1778 1680; baseline 0.003 -32"><span class='ocrx_word' id='word_1_71' title='bbox 354 1574 472 1648; x_wconf 88' lang='lat' dir='ltr'>rensis</span> <span class='ocrx_word' id='word_1_72' title='bbox 495 1573 670 1664; x_wconf 88' lang='lat' dir='ltr'>diocesis,</span> <span class='ocrx_word' id='word_1_73' title='bbox 691 1599 759 1677; x_wconf 90' lang='lat' dir='ltr'>per</span> <span class='ocrx_word' id='word_1_74' title='bbox 784 1571 935 1647; x_wconf 81' lang='lat' dir='ltr'>fratrem</span> <span class='ocrx_word' id='word_1_75' title='bbox 960 1568 1212 1648; x_wconf 89' lang='lat' dir='ltr'>Guillelmum</span> <span class='ocrx_word' id='word_1_76' title='bbox 1234 1569 1282 1645; x_wconf 90' lang='lat' dir='ltr'>de</span> <span class='ocrx_word' id='word_1_77' title='bbox 1317 1571 1411 1646; x_wconf 88' lang='lat' dir='ltr'>Lurs</span> <span class='ocrx_word' id='word_1_78' title='bbox 1446 1570 1623 1660; x_wconf 90' lang='lat' dir='ltr'>militem,</span> <span class='ocrx_word' id='word_1_79' title='bbox 1649 1603 1778 1680; x_wconf 86' lang='lat' dir='ltr'>prece·</span> 
     </span>
     <span class='ocr_line' id='line_1_10' title="bbox 353 1698 1776 1807; baseline 0.005 -30"><span class='ocrx_word' id='word_1_80' title='bbox 353 1720 500 1805; x_wconf 85' lang='lat' dir='ltr'>ptorem</span> <span class='ocrx_word' id='word_1_81' title='bbox 516 1702 613 1778; x_wconf 88' lang='lat' dir='ltr'>dicte</span> <span class='ocrx_word' id='word_1_82' title='bbox 630 1702 781 1786; x_wconf 89' lang='lat' dir='ltr'>domus,</span> <span class='ocrx_word' id='word_1_83' title='bbox 798 1701 864 1807; x_wconf 91' lang='lat' dir='ltr'>qui</span> <span class='ocrx_word' id='word_1_84' title='bbox 880 1699 1009 1806; x_wconf 86' lang='lat' dir='ltr'>allugit</span> <span class='ocrx_word' id='word_1_85' title='bbox 1019 1699 1171 1805; x_wconf 90' lang='lat' dir='ltr'>quando</span> <span class='ocrx_word' id='word_1_86' title='bbox 1186 1698 1250 1775; x_wconf 91' lang='lat' dir='ltr'>alii</span> <span class='ocrx_word' id='word_1_87' title='bbox 1266 1698 1520 1804; x_wconf 85' lang='lat' dir='ltr'>capiebantur,</span> <span class='ocrx_word' id='word_1_88' title='bbox 1537 1704 1776 1807; x_wconf 74' lang='lat' dir='ltr'>presentibus</span> 
     </span>
     <span class='ocr_line' id='line_1_11' title="bbox 352 1829 1775 1939; baseline 0.002 -34"><span class='ocrx_word' id='word_1_89' title='bbox 352 1830 530 1907; x_wconf 86' lang='lat' dir='ltr'>fratribus</span> <span class='ocrx_word' id='word_1_90' title='bbox 546 1832 703 1939; x_wconf 88' lang='lat' dir='ltr'>Hugone</span> <span class='ocrx_word' id='word_1_91' title='bbox 717 1831 764 1907; x_wconf 94' lang='lat' dir='ltr'>de</span> <span class='ocrx_word' id='word_1_92' title='bbox 785 1831 929 1916; x_wconf 86' lang='lat' dir='ltr'>Rocha,</span> <span class='ocrx_word' id='word_1_93' title='bbox 945 1829 1035 1906; x_wconf 90' lang='lat' dir='ltr'>alias</span> <span class='ocrx_word' id='word_1_94' title='bbox 1056 1830 1103 1905; x_wconf 93' lang='lat' dir='ltr'>de</span> <span class='ocrx_word' id='word_1_95' title='bbox 1124 1829 1238 1918; x_wconf 86' lang='lat' dir='ltr'>Cava,</span> <span class='ocrx_word' id='word_1_96' title='bbox 1257 1829 1376 1907; x_wconf 88' lang='lat' dir='ltr'>milite</span> <span class='ocrx_word' id='word_1_97' title='bbox 1409 1829 1618 1909; x_wconf 85' lang='lat' dir='ltr'>Guillelmo</span> <span class='ocrx_word' id='word_1_98' title='bbox 1638 1832 1775 1911; x_wconf 87' lang='lat' dir='ltr'>Villani</span> 
     </span>
     <span class='ocr_line' id='line_1_12' title="bbox 352 1959 1775 2066; baseline 0.006 -33"><span class='ocrx_word' id='word_1_99' title='bbox 352 1978 390 2035; x_wconf 90' lang='lat' dir='ltr'>et</span> <span class='ocrx_word' id='word_1_100' title='bbox 407 1961 598 2066; x_wconf 87' lang='lat' dir='ltr'>Stephano</span> <span class='ocrx_word' id='word_1_101' title='bbox 619 1961 666 2038; x_wconf 93' lang='lat' dir='ltr'>de</span> <span class='ocrx_word' id='word_1_102' title='bbox 685 1961 820 2038; x_wconf 86' lang='lat' dir='ltr'>Sancto</span> <span class='ocrx_word' id='word_1_103' title='bbox 837 1960 999 2052; x_wconf 85' lang='lat' dir='ltr'>Questo,</span> <span class='ocrx_word' id='word_1_104' title='bbox 1021 1977 1059 2036; x_wconf 87' lang='lat' dir='ltr'>et</span> <span class='ocrx_word' id='word_1_105' title='bbox 1080 1959 1286 2038; x_wconf 91' lang='lat' dir='ltr'>Guillelmo</span> <span class='ocrx_word' id='word_1_106' title='bbox 1301 1959 1487 2048; x_wconf 91' lang='lat' dir='ltr'>Guilbeu,</span> <span class='ocrx_word' id='word_1_107' title='bbox 1511 1978 1549 2037; x_wconf 87' lang='lat' dir='ltr'>ot</span> <span class='ocrx_word' id='word_1_108' title='bbox 1569 1961 1704 2040; x_wconf 83' lang='lat' dir='ltr'>Amico</span> <span class='ocrx_word' id='word_1_109' title='bbox 1728 1965 1775 2040; x_wconf 90' lang='lat' dir='ltr'>de</span> 
     </span>
     <span class='ocr_line' id='line_1_13' title="bbox 352 2090 1777 2196; baseline 0.004 -30"><span class='ocrx_word' id='word_1_110' title='bbox 352 2093 484 2168; x_wconf 84' lang='lat' dir='ltr'>Biclres</span> <span class='ocrx_word' id='word_1_111' title='bbox 512 2090 775 2182; x_wconf 86' lang='lat' dir='ltr'>servientibus,</span> <span class='ocrx_word' id='word_1_112' title='bbox 798 2119 893 2196; x_wconf 88' lang='lat' dir='ltr'>quos</span> <span class='ocrx_word' id='word_1_113' title='bbox 913 2090 1031 2167; x_wconf 89' lang='lat' dir='ltr'>credit</span> <span class='ocrx_word' id='word_1_114' title='bbox 1050 2118 1130 2167; x_wconf 89' lang='lat' dir='ltr'>esse</span> <span class='ocrx_word' id='word_1_115' title='bbox 1151 2109 1337 2179; x_wconf 87' lang='lat' dir='ltr'>mortuos,</span> <span class='ocrx_word' id='word_1_116' title='bbox 1371 2110 1497 2196; x_wconf 89' lang='lat' dir='ltr'>preter</span> <span class='ocrx_word' id='word_1_117' title='bbox 1523 2092 1665 2169; x_wconf 89' lang='lat' dir='ltr'>dictum</span> <span class='ocrx_word' id='word_1_118' title='bbox 1694 2095 1777 2172; x_wconf 87' lang='lat' dir='ltr'>Ste-</span> 
     </span>
     <span class='ocr_line' id='line_1_14' title="bbox 353 2220 1773 2326; baseline 0.004 -31"><span class='ocrx_word' id='word_1_119' title='bbox 353 2220 537 2324; x_wconf 84' lang='lat' dir='ltr'>phanum,</span> <span class='ocrx_word' id='word_1_120' title='bbox 564 2223 603 2296; x_wconf 91' lang='lat' dir='ltr'>in</span> <span class='ocrx_word' id='word_1_121' title='bbox 633 2222 734 2297; x_wconf 83' lang='lat' dir='ltr'>liunc</span> <span class='ocrx_word' id='word_1_122' title='bbox 764 2220 922 2297; x_wconf 91' lang='lat' dir='ltr'>modum</span> <span class='ocrx_word' id='word_1_123' title='bbox 945 2252 954 2296; x_wconf 92' lang='lat'>:</span> <span class='ocrx_word' id='word_1_124' title='bbox 978 2249 1064 2296; x_wconf 87' lang='lat' dir='ltr'>nam</span> <span class='ocrx_word' id='word_1_125' title='bbox 1094 2220 1235 2326; x_wconf 86' lang='lat' dir='ltr'>petitis,</span> <span class='ocrx_word' id='word_1_126' title='bbox 1263 2238 1378 2326; x_wconf 90' lang='lat' dir='ltr'>prout</span> <span class='ocrx_word' id='word_1_127' title='bbox 1403 2221 1606 2300; x_wconf 89' lang='lat' dir='ltr'>instructus</span> <span class='ocrx_word' id='word_1_128' title='bbox 1636 2222 1773 2310; x_wconf 86' lang='lat' dir='ltr'>luerat,</span> 
     </span>
     <span class='ocr_line' id='line_1_15' title="bbox 350 2349 1775 2458; baseline 0.003 -33"><span class='ocrx_word' id='word_1_129' title='bbox 350 2377 445 2454; x_wconf 90' lang='lat' dir='ltr'>pane</span> <span class='ocrx_word' id='word_1_130' title='bbox 478 2366 515 2425; x_wconf 90' lang='lat' dir='ltr'>et</span> <span class='ocrx_word' id='word_1_131' title='bbox 543 2380 639 2457; x_wconf 89' lang='lat' dir='ltr'>aqua</span> <span class='ocrx_word' id='word_1_132' title='bbox 667 2350 826 2437; x_wconf 84' lang='lat' dir='ltr'>ordinis,</span> <span class='ocrx_word' id='word_1_133' title='bbox 860 2366 898 2425; x_wconf 90' lang='lat' dir='ltr'>et</span> <span class='ocrx_word' id='word_1_134' title='bbox 929 2349 963 2425; x_wconf 91' lang='lat' dir='ltr'>ei</span> <span class='ocrx_word' id='word_1_135' title='bbox 996 2350 1197 2441; x_wconf 83' lang='lat' dir='ltr'>concessis,</span> <span class='ocrx_word' id='word_1_136' title='bbox 1219 2350 1376 2455; x_wconf 81' lang='lat' dir='ltr'>prestito</span> <span class='ocrx_word' id='word_1_137' title='bbox 1401 2379 1487 2428; x_wconf 91' lang='lat' dir='ltr'>cum</span> <span class='ocrx_word' id='word_1_138' title='bbox 1515 2379 1560 2427; x_wconf 93' lang='lat' dir='ltr'>eo</span> <span class='ocrx_word' id='word_1_139' title='bbox 1587 2379 1656 2457; x_wconf 87' lang='lat' dir='ltr'>per</span> <span class='ocrx_word' id='word_1_140' title='bbox 1668 2352 1775 2458; x_wconf 85' lang='lat' dir='ltr'>jura·</span> 
     </span>
     <span class='ocr_line' id='line_1_16' title="bbox 351 2479 1774 2584; baseline 0.004 -31"><span class='ocrx_word' id='word_1_141' title='bbox 351 2494 521 2556; x_wconf 87' lang='lat' dir='ltr'>mentum</span> <span class='ocrx_word' id='word_1_142' title='bbox 535 2479 639 2584; x_wconf 91' lang='lat' dir='ltr'>quod</span> <span class='ocrx_word' id='word_1_143' title='bbox 655 2506 731 2556; x_wconf 88' lang='lat' dir='ltr'>non</span> <span class='ocrx_word' id='word_1_144' title='bbox 749 2496 827 2555; x_wconf 85' lang='lat' dir='ltr'>erat</span> <span class='ocrx_word' id='word_1_145' title='bbox 847 2479 1208 2568; x_wconf 81' lang='lat' dir='ltr'>excommunicatus,</span> <span class='ocrx_word' id='word_1_146' title='bbox 1241 2506 1309 2554; x_wconf 88' lang='lat' dir='ltr'>nec</span> <span class='ocrx_word' id='word_1_147' title='bbox 1333 2479 1498 2556; x_wconf 89' lang='lat' dir='ltr'>habebat</span> <span class='ocrx_word' id='word_1_148' title='bbox 1516 2479 1774 2558; x_wconf 86' lang='lat' dir='ltr'>infirmitatem</span> 
     </span>
     <span class='ocr_line' id='line_1_17' title="bbox 350 2608 1774 2715; baseline 0.003 -32"><span class='ocrx_word' id='word_1_149' title='bbox 350 2609 545 2695; x_wconf 86' lang='lat' dir='ltr'>latentem,</span> <span class='ocrx_word' id='word_1_150' title='bbox 568 2637 635 2685; x_wconf 89' lang='lat' dir='ltr'>nec</span> <span class='ocrx_word' id='word_1_151' title='bbox 656 2608 798 2715; x_wconf 91' lang='lat' dir='ltr'>aliquid</span> <span class='ocrx_word' id='word_1_152' title='bbox 827 2608 983 2685; x_wconf 88' lang='lat' dir='ltr'>dederat</span> <span class='ocrx_word' id='word_1_153' title='bbox 1004 2608 1062 2684; x_wconf 86' lang='lat' dir='ltr'>vel</span> <span class='ocrx_word' id='word_1_154' title='bbox 1087 2609 1308 2714; x_wconf 84' lang='lat' dir='ltr'>promiserat</span> <span class='ocrx_word' id='word_1_155' title='bbox 1333 2610 1439 2714; x_wconf 89' lang='lat' dir='ltr'>quod</span> <span class='ocrx_word' id='word_1_156' title='bbox 1459 2610 1497 2685; x_wconf 92' lang='lat' dir='ltr'>in</span> <span class='ocrx_word' id='word_1_157' title='bbox 1519 2610 1652 2686; x_wconf 90' lang='lat' dir='ltr'>ordine</span> <span class='ocrx_word' id='word_1_158' title='bbox 1678 2613 1774 2689; x_wconf 87' lang='lat' dir='ltr'>reci·</span> 
     </span>
     <span class='ocr_line' id='line_1_18' title="bbox 348 2724 1772 2845; baseline 0.001 -30"><span class='ocrx_word' id='word_1_159' title='bbox 348 2756 513 2843; x_wconf 86' lang='lat' dir='ltr'>peretur,</span> <span class='ocrx_word' id='word_1_160' title='bbox 546 2757 583 2815; x_wconf 90' lang='lat' dir='ltr'>et</span> <span class='ocrx_word' id='word_1_161' title='bbox 612 2739 716 2844; x_wconf 90' lang='lat' dir='ltr'>quod</span> <span class='ocrx_word' id='word_1_162' title='bbox 742 2767 820 2814; x_wconf 92' lang='lat' dir='ltr'>non</span> <span class='ocrx_word' id='word_1_163' title='bbox 845 2755 924 2816; x_wconf 89' lang='lat' dir='ltr'>erat</span> <span class='ocrx_word' id='word_1_164' title='bbox 949 2737 1085 2816; x_wconf 89' lang='lat' dir='ltr'>debitis</span> <span class='ocrx_word' id='word_1_165' title='bbox 1111 2724 1186 2845; x_wconf 75' lang='lat' dir='ltr'>que</span> <span class='ocrx_word' id='word_1_166' title='bbox 1211 2739 1355 2816; x_wconf 85' lang='lat' dir='ltr'>solvere</span> <span class='ocrx_word' id='word_1_167' title='bbox 1383 2765 1461 2816; x_wconf 89' lang='lat' dir='ltr'>non</span> <span class='ocrx_word' id='word_1_168' title='bbox 1490 2757 1630 2845; x_wconf 86' lang='lat' dir='ltr'>posset,</span> <span class='ocrx_word' id='word_1_169' title='bbox 1666 2741 1772 2819; x_wconf 89' lang='lat' dir='ltr'>alteri</span> 
     </span>
     <span class='ocr_line' id='line_1_19' title="bbox 347 2866 1773 2975; baseline 0.005 -33"><span class='ocrx_word' id='word_1_170' title='bbox 347 2868 519 2975; x_wconf 83' lang='lat' dir='ltr'>religioni</span> <span class='ocrx_word' id='word_1_171' title='bbox 540 2868 597 2945; x_wconf 89' lang='lat' dir='ltr'>vel</span> <span class='ocrx_word' id='word_1_172' title='bbox 618 2868 858 2946; x_wconf 87' lang='lat' dir='ltr'>matrimonio</span> <span class='ocrx_word' id='word_1_173' title='bbox 880 2866 1085 2975; x_wconf 90' lang='lat' dir='ltr'>obligatus,</span> <span class='ocrx_word' id='word_1_174' title='bbox 1103 2867 1192 2946; x_wconf 84' lang='lat' dir='ltr'>lecit</span> <span class='ocrx_word' id='word_1_175' title='bbox 1215 2895 1304 2945; x_wconf 90' lang='lat' dir='ltr'>eum</span> <span class='ocrx_word' id='word_1_176' title='bbox 1329 2896 1463 2945; x_wconf 84' lang='lat' dir='ltr'>rovere</span> <span class='ocrx_word' id='word_1_177' title='bbox 1492 2887 1530 2946; x_wconf 89' lang='lat' dir='ltr'>et</span> <span class='ocrx_word' id='word_1_178' title='bbox 1558 2870 1688 2975; x_wconf 87' lang='lat' dir='ltr'>jurare</span> <span class='ocrx_word' id='word_1_179' title='bbox 1713 2901 1773 2949; x_wconf 83' lang='lat' dir='ltr'>ca·</span> 
     </span>
     <span class='ocr_line' id='line_1_20' title="bbox 348 2997 1773 3102; baseline 0.006 -31"><span class='ocrx_word' id='word_1_180' title='bbox 348 2997 527 3085; x_wconf 72' lang='lat' dir='ltr'>mitatem,</span> <span class='ocrx_word' id='word_1_181' title='bbox 559 2998 836 3087; x_wconf 85' lang='lat' dir='ltr'>obedienciam,</span> <span class='ocrx_word' id='word_1_182' title='bbox 864 3014 902 3074; x_wconf 89' lang='lat' dir='ltr'>et</span> <span class='ocrx_word' id='word_1_183' title='bbox 935 2999 1057 3074; x_wconf 84' lang='lat' dir='ltr'>vivere</span> <span class='ocrx_word' id='word_1_184' title='bbox 1082 2997 1162 3074; x_wconf 90' lang='lat' dir='ltr'>sine</span> <span class='ocrx_word' id='word_1_185' title='bbox 1191 2997 1362 3101; x_wconf 88' lang='lat' dir='ltr'>proprio,</span> <span class='ocrx_word' id='word_1_186' title='bbox 1398 2997 1503 3102; x_wconf 88' lang='lat' dir='ltr'>quod</span> <span class='ocrx_word' id='word_1_187' title='bbox 1525 3015 1621 3076; x_wconf 88' lang='lat' dir='ltr'>esset</span> <span class='ocrx_word' id='word_1_188' title='bbox 1644 3026 1773 3079; x_wconf 85' lang='lat' dir='ltr'>servus</span> 
     </span>
     <span class='ocr_line' id='line_1_21' title="bbox 349 3124 1773 3231; baseline 0.003 -28"><span class='ocrx_word' id='word_1_189' title='bbox 349 3127 513 3205; x_wconf 87' lang='lat' dir='ltr'>esclavus</span> <span class='ocrx_word' id='word_1_190' title='bbox 525 3129 641 3204; x_wconf 87' lang='lat' dir='ltr'>Terre</span> <span class='ocrx_word' id='word_1_191' title='bbox 658 3127 809 3212; x_wconf 88' lang='lat' dir='ltr'>Sancte,</span> <span class='ocrx_word' id='word_1_192' title='bbox 831 3143 869 3228; x_wconf 83' lang='lat' dir='ltr'>et</span> <span class='ocrx_word' id='word_1_193' title='bbox 888 3125 994 3231; x_wconf 92' lang='lat' dir='ltr'>quod</span> <span class='ocrx_word' id='word_1_194' title='bbox 1006 3154 1154 3231; x_wconf 87' lang='lat' dir='ltr'>semper</span> <span class='ocrx_word' id='word_1_195' title='bbox 1174 3142 1272 3202; x_wconf 89' lang='lat' dir='ltr'>esset</span> <span class='ocrx_word' id='word_1_196' title='bbox 1290 3124 1475 3203; x_wconf 90' lang='lat' dir='ltr'>obediens</span> <span class='ocrx_word' id='word_1_197' title='bbox 1488 3126 1664 3205; x_wconf 87' lang='lat' dir='ltr'>Ecclesie.</span> <span class='ocrx_word' id='word_1_198' title='bbox 1683 3130 1773 3222; x_wconf 91' lang='lat' dir='ltr'>Quo</span> 
     </span>
    </p>

    <p class='ocr_par' dir='ltr' id='par_1_3' title="bbox 344 3235 1823 4012">
     <span class='ocr_line' id='line_1_22' title="bbox 347 3235 1823 3343; baseline -0.003 -12"><span class='ocrx_word' id='word_1_199' title='bbox 347 3257 461 3343; x_wconf 87' lang='lat' dir='ltr'>sacto,</span> <span class='ocrx_word' id='word_1_200' title='bbox 481 3255 671 3334; x_wconf 87' lang='lat' dir='ltr'>associavit</span> <span class='ocrx_word' id='word_1_201' title='bbox 690 3283 778 3331; x_wconf 90' lang='lat' dir='ltr'>eum</span> <span class='ocrx_word' id='word_1_202' title='bbox 796 3254 845 3329; x_wconf 93' lang='lat' dir='ltr'>ad</span> <span class='ocrx_word' id='word_1_203' title='bbox 862 3254 1048 3331; x_wconf 90' lang='lat' dir='ltr'>honorem</span> <span class='ocrx_word' id='word_1_204' title='bbox 1063 3255 1150 3342; x_wconf 90' lang='lat' dir='ltr'>Dei,</span> <span class='ocrx_word' id='word_1_205' title='bbox 1172 3253 1281 3331; x_wconf 86' lang='lat' dir='ltr'>beate</span> <span class='ocrx_word' id='word_1_206' title='bbox 1297 3254 1411 3331; x_wconf 87' lang='lat' dir='ltr'>Marie</span> <span class='ocrx_word' id='word_1_207' title='bbox 1438 3272 1475 3330; x_wconf 89' lang='lat' dir='ltr'>et</span> <span class='ocrx_word' id='word_1_208' title='bbox 1504 3257 1675 3333; x_wconf 89' lang='lat' dir='ltr'>omnium</span> <span class='ocrx_word' id='word_1_209' title='bbox 1695 3286 1773 3337; x_wconf 89' lang='lat' dir='ltr'>san.</span> <span class='ocrx_word' id='word_1_210' title='bbox 1821 3235 1823 3239; x_wconf 20' lang='lat'><strong>¹</strong></span> 
     </span>
     <span class='ocr_line' id='line_1_23' title="bbox 346 3382 1772 3490; baseline 0.005 -32"><span class='ocrx_word' id='word_1_211' title='bbox 346 3402 509 3471; x_wconf 89' lang='lat' dir='ltr'>ctorum,</span> <span class='ocrx_word' id='word_1_212' title='bbox 531 3382 724 3461; x_wconf 81' lang='lat' dir='ltr'>beneficiis</span> <span class='ocrx_word' id='word_1_213' title='bbox 739 3382 901 3469; x_wconf 87' lang='lat' dir='ltr'>ordinis,</span> <span class='ocrx_word' id='word_1_214' title='bbox 916 3400 954 3458; x_wconf 89' lang='lat' dir='ltr'>et</span> <span class='ocrx_word' id='word_1_215' title='bbox 966 3382 1141 3488; x_wconf 89' lang='lat' dir='ltr'>imposito</span> <span class='ocrx_word' id='word_1_216' title='bbox 1156 3383 1227 3460; x_wconf 88' lang='lat' dir='ltr'>sibi</span> <span class='ocrx_word' id='word_1_217' title='bbox 1241 3382 1440 3475; x_wconf 89' lang='lat' dir='ltr'>mantello,</span> <span class='ocrx_word' id='word_1_218' title='bbox 1461 3385 1540 3490; x_wconf 87' lang='lat' dir='ltr'>ipse</span> <span class='ocrx_word' id='word_1_219' title='bbox 1556 3403 1594 3462; x_wconf 89' lang='lat' dir='ltr'>et</span> <span class='ocrx_word' id='word_1_220' title='bbox 1609 3403 1772 3466; x_wconf 90' lang='lat' dir='ltr'>astantes</span> 
     </span>
     <span class='ocr_line' id='line_1_24' title="bbox 346 3513 1772 3618; baseline 0.005 -30"><span class='ocrx_word' id='word_1_221' title='bbox 346 3513 502 3589; x_wconf 89' lang='lat' dir='ltr'>osculati</span> <span class='ocrx_word' id='word_1_222' title='bbox 515 3513 670 3589; x_wconf 81' lang='lat' dir='ltr'>luerunt</span> <span class='ocrx_word' id='word_1_223' title='bbox 687 3541 775 3589; x_wconf 89' lang='lat' dir='ltr'>eum</span> <span class='ocrx_word' id='word_1_224' title='bbox 790 3513 827 3587; x_wconf 92' lang='lat' dir='ltr'>in</span> <span class='ocrx_word' id='word_1_225' title='bbox 849 3539 925 3588; x_wconf 91' lang='lat' dir='ltr'>ore.</span> <span class='ocrx_word' id='word_1_226' title='bbox 944 3514 1135 3590; x_wconf 86' lang='lat' dir='ltr'>Instruens</span> <span class='ocrx_word' id='word_1_227' title='bbox 1151 3541 1240 3591; x_wconf 90' lang='lat' dir='ltr'>eum</span> <span class='ocrx_word' id='word_1_228' title='bbox 1260 3529 1355 3618; x_wconf 91' lang='lat' dir='ltr'>quot</span> <span class='ocrx_word' id='word_1_229' title='bbox 1369 3515 1479 3591; x_wconf 86' lang='lat' dir='ltr'>Pater</span> <span class='ocrx_word' id='word_1_230' title='bbox 1494 3530 1609 3593; x_wconf 85' lang='lat' dir='ltr'>noster</span> <span class='ocrx_word' id='word_1_231' title='bbox 1627 3517 1772 3595; x_wconf 87' lang='lat' dir='ltr'>diceret</span> 
     </span>
     <span class='ocr_line' id='line_1_25' title="bbox 346 3641 1771 3750; baseline 0.006 -32"><span class='ocrx_word' id='word_1_232' title='bbox 346 3671 414 3746; x_wconf 91' lang='lat' dir='ltr'>pro</span> <span class='ocrx_word' id='word_1_233' title='bbox 430 3643 533 3720; x_wconf 91' lang='lat' dir='ltr'>boris</span> <span class='ocrx_word' id='word_1_234' title='bbox 549 3642 638 3731; x_wconf 90' lang='lat' dir='ltr'>suis,</span> <span class='ocrx_word' id='word_1_235' title='bbox 656 3660 694 3718; x_wconf 90' lang='lat' dir='ltr'>et</span> <span class='ocrx_word' id='word_1_236' title='bbox 710 3641 871 3748; x_wconf 87' lang='lat' dir='ltr'>qualiter</span> <span class='ocrx_word' id='word_1_237' title='bbox 888 3658 1035 3748; x_wconf 86' lang='lat' dir='ltr'>regeret</span> <span class='ocrx_word' id='word_1_238' title='bbox 1051 3669 1091 3718; x_wconf 87' lang='lat' dir='ltr'>se</span> <span class='ocrx_word' id='word_1_239' title='bbox 1111 3642 1150 3718; x_wconf 91' lang='lat' dir='ltr'>in</span> <span class='ocrx_word' id='word_1_240' title='bbox 1172 3643 1317 3719; x_wconf 87' lang='lat' dir='ltr'>ordine.</span> <span class='ocrx_word' id='word_1_241' title='bbox 1335 3644 1514 3750; x_wconf 90' lang='lat' dir='ltr'>Postque</span> <span class='ocrx_word' id='word_1_242' title='bbox 1532 3646 1621 3723; x_wconf 89' lang='lat' dir='ltr'>dicti</span> <span class='ocrx_word' id='word_1_243' title='bbox 1638 3645 1771 3726; x_wconf 80' lang='lat' dir='ltr'>fratres</span> 
     </span>
     <span class='ocr_line' id='line_1_26' title="bbox 345 3771 1770 3878; baseline 0.005 -29"><span class='ocrx_word' id='word_1_244' title='bbox 345 3775 455 3878; x_wconf 89' lang='lat' dir='ltr'>Hugo</span> <span class='ocrx_word' id='word_1_245' title='bbox 475 3790 513 3850; x_wconf 89' lang='lat' dir='ltr'>et</span> <span class='ocrx_word' id='word_1_246' title='bbox 527 3771 755 3852; x_wconf 89' lang='lat' dir='ltr'>Guillelmus</span> <span class='ocrx_word' id='word_1_247' title='bbox 776 3772 946 3850; x_wconf 89' lang='lat' dir='ltr'>Guilhon</span> <span class='ocrx_word' id='word_1_248' title='bbox 967 3773 1301 3877; x_wconf 84' lang='lat' dir='ltr'>duxeruutipsum</span> <span class='ocrx_word' id='word_1_249' title='bbox 1317 3789 1452 3850; x_wconf 87' lang='lat' dir='ltr'>testem</span> <span class='ocrx_word' id='word_1_250' title='bbox 1473 3791 1574 3852; x_wconf 84' lang='lat' dir='ltr'>retro</span> <span class='ocrx_word' id='word_1_251' title='bbox 1588 3775 1704 3855; x_wconf 87' lang='lat' dir='ltr'>altare</span> <span class='ocrx_word' id='word_1_252' title='bbox 1720 3779 1770 3856; x_wconf 88' lang='lat' dir='ltr'>ad</span> 
     </span>
     <span class='ocr_line' id='line_1_27' title="bbox 344 3900 1769 4012; baseline 0.006 -36"><span class='ocrx_word' id='word_1_253' title='bbox 344 3902 559 3981; x_wconf 84' lang='lat' dir='ltr'>exuendum</span> <span class='ocrx_word' id='word_1_254' title='bbox 576 3918 698 3978; x_wconf 83' lang='lat' dir='ltr'>vestes</span> <span class='ocrx_word' id='word_1_255' title='bbox 718 3901 904 3978; x_wconf 90' lang='lat' dir='ltr'>seculares</span> <span class='ocrx_word' id='word_1_256' title='bbox 928 3918 965 3977; x_wconf 91' lang='lat' dir='ltr'>et</span> <span class='ocrx_word' id='word_1_257' title='bbox 984 3900 1224 3978; x_wconf 91' lang='lat' dir='ltr'>induendum</span> <span class='ocrx_word' id='word_1_258' title='bbox 1249 3918 1369 3979; x_wconf 84' lang='lat' dir='ltr'>vestes</span> <span class='ocrx_word' id='word_1_259' title='bbox 1390 3903 1604 4011; x_wconf 69' lang='lat' dir='ltr'>religionis,</span> <span class='ocrx_word' id='word_1_260' title='bbox 1625 3905 1769 4012; x_wconf 89' lang='lat' dir='ltr'>quibus</span> 
     </span>
    </p>
   </div>
   <div class='ocr_carea' id='block_1_3' title="bbox 222 4030 1768 4140">
    <p class='ocr_par' dir='ltr' id='par_1_4' title="bbox 222 4030 1768 4140">
     <span class='ocr_line' id='line_1_28' title="bbox 222 4030 1768 4140; baseline 0.005 -35"><span class='ocrx_word' id='word_1_261' title='bbox 222 4049 228 4055; x_wconf 87' lang='grc'><strong><em>·</em></strong></span> <span class='ocrx_word' id='word_1_262' title='bbox 343 4031 503 4119; x_wconf 89' lang='lat' dir='ltr'>indutis,</span> <span class='ocrx_word' id='word_1_263' title='bbox 525 4031 649 4109; x_wconf 90' lang='lat' dir='ltr'>dictus</span> <span class='ocrx_word' id='word_1_264' title='bbox 678 4033 798 4138; x_wconf 88' lang='lat' dir='ltr'>Hugo.</span> <span class='ocrx_word' id='word_1_265' title='bbox 813 4031 980 4137; x_wconf 86' lang='lat' dir='ltr'>precepit</span> <span class='ocrx_word' id='word_1_266' title='bbox 998 4030 1123 4108; x_wconf 89' lang='lat' dir='ltr'>eidem</span> <span class='ocrx_word' id='word_1_267' title='bbox 1146 4033 1231 4109; x_wconf 90' lang='lat' dir='ltr'>testi</span> <span class='ocrx_word' id='word_1_268' title='bbox 1257 4032 1362 4137; x_wconf 90' lang='lat' dir='ltr'>quod</span> <span class='ocrx_word' id='word_1_269' title='bbox 1387 4033 1589 4140; x_wconf 82' lang='lat' dir='ltr'>abnegaret</span> <span class='ocrx_word' id='word_1_270' title='bbox 1609 4036 1768 4114; x_wconf 82' lang='lat' dir='ltr'>lbesum</span> 
     </span>
    </p>
   </div>
   <div class='ocr_carea' id='block_1_4' title="bbox 341 4160 1770 4916">
    <p class='ocr_par' dir='ltr' id='par_1_5' title="bbox 341 4160 1770 4916">
     <span class='ocr_line' id='line_1_29' title="bbox 341 4160 1770 4265; baseline 0.004 -27"><span class='ocrx_word' id='word_1_271' title='bbox 341 4160 536 4241; x_wconf 84' lang='lat' dir='ltr'>Christum</span> <span class='ocrx_word' id='word_1_272' title='bbox 558 4194 566 4238; x_wconf 75' lang='grc' dir='ltr'><strong>ε</strong></span> <span class='ocrx_word' id='word_1_273' title='bbox 590 4178 734 4237; x_wconf 91' lang='lat' dir='ltr'>etcum</span> <span class='ocrx_word' id='word_1_274' title='bbox 755 4161 832 4265; x_wconf 90' lang='lat' dir='ltr'>ipse</span> <span class='ocrx_word' id='word_1_275' title='bbox 852 4160 956 4237; x_wconf 87' lang='lat' dir='ltr'>testis</span> <span class='ocrx_word' id='word_1_276' title='bbox 977 4160 1119 4241; x_wconf 89' lang='lat' dir='ltr'>diceret</span> <span class='ocrx_word' id='word_1_277' title='bbox 1138 4189 1177 4239; x_wconf 91' lang='lat' dir='ltr'>se</span> <span class='ocrx_word' id='word_1_278' title='bbox 1205 4161 1312 4239; x_wconf 89' lang='lat' dir='ltr'>nullo</span> <span class='ocrx_word' id='word_1_279' title='bbox 1331 4162 1448 4241; x_wconf 88' lang='lat' dir='ltr'>modo</span> <span class='ocrx_word' id='word_1_280' title='bbox 1467 4163 1675 4252; x_wconf 83' lang='lat' dir='ltr'>iacturum,</span> <span class='ocrx_word' id='word_1_281' title='bbox 1713 4168 1770 4244; x_wconf 91' lang='lat' dir='ltr'>di-</span> 
     </span>
     <span class='ocr_line' id='line_1_30' title="bbox 341 4289 1768 4400; baseline 0.007 -36"><span class='ocrx_word' id='word_1_282' title='bbox 341 4307 422 4367; x_wconf 82' lang='lat' dir='ltr'>ctus</span> <span class='ocrx_word' id='word_1_283' title='bbox 443 4291 669 4369; x_wconf 88' lang='lat' dir='ltr'>Guillelmus</span> <span class='ocrx_word' id='word_1_284' title='bbox 689 4290 781 4367; x_wconf 84' lang='lat' dir='ltr'>dixit</span> <span class='ocrx_word' id='word_1_285' title='bbox 800 4290 835 4367; x_wconf 89' lang='lat' dir='ltr'>ei</span> <span class='ocrx_word' id='word_1_286' title='bbox 855 4289 959 4396; x_wconf 89' lang='lat' dir='ltr'>quod</span> <span class='ocrx_word' id='word_1_287' title='bbox 973 4290 1071 4369; x_wconf 88' lang='lat' dir='ltr'>bene</span> <span class='ocrx_word' id='word_1_288' title='bbox 1086 4308 1231 4396; x_wconf 89' lang='lat' dir='ltr'>poterat</span> <span class='ocrx_word' id='word_1_289' title='bbox 1248 4293 1321 4369; x_wconf 92' lang='lat' dir='ltr'>hoc</span> <span class='ocrx_word' id='word_1_290' title='bbox 1335 4291 1472 4381; x_wconf 83' lang='lat' dir='ltr'>lacere,</span> <span class='ocrx_word' id='word_1_291' title='bbox 1490 4293 1580 4400; x_wconf 88' lang='lat' dir='ltr'>quia</span> <span class='ocrx_word' id='word_1_292' title='bbox 1595 4295 1634 4370; x_wconf 93' lang='lat' dir='ltr'>in</span> <span class='ocrx_word' id='word_1_293' title='bbox 1648 4297 1768 4400; x_wconf 87' lang='lat' dir='ltr'>patria</span> 
     </span>
     <span class='ocr_line' id='line_1_31' title="bbox 342 4420 1767 4531; baseline 0.008 -37"><span class='ocrx_word' id='word_1_294' title='bbox 342 4450 406 4495; x_wconf 87' lang='lat' dir='ltr'>sua</span> <span class='ocrx_word' id='word_1_295' title='bbox 427 4421 661 4530; x_wconf 82' lang='lat' dir='ltr'>abnegabant</span> <span class='ocrx_word' id='word_1_296' title='bbox 687 4420 832 4499; x_wconf 85' lang='lat' dir='ltr'>cencies</span> <span class='ocrx_word' id='word_1_297' title='bbox 856 4450 926 4528; x_wconf 92' lang='lat' dir='ltr'>pro</span> <span class='ocrx_word' id='word_1_298' title='bbox 953 4450 1028 4501; x_wconf 88' lang='lat' dir='ltr'>una</span> <span class='ocrx_word' id='word_1_299' title='bbox 1056 4422 1197 4528; x_wconf 87' lang='lat' dir='ltr'>pulice,</span> <span class='ocrx_word' id='word_1_300' title='bbox 1229 4440 1266 4501; x_wconf 91' lang='lat' dir='ltr'>et</span> <span class='ocrx_word' id='word_1_301' title='bbox 1294 4440 1386 4500; x_wconf 88' lang='lat' dir='ltr'>tunc</span> <span class='ocrx_word' id='word_1_302' title='bbox 1416 4426 1563 4531; x_wconf 82' lang='lat' dir='ltr'>negavit</span> <span class='ocrx_word' id='word_1_303' title='bbox 1591 4454 1656 4504; x_wconf 86' lang='lat' dir='ltr'>ore</span> <span class='ocrx_word' id='word_1_304' title='bbox 1686 4455 1767 4505; x_wconf 90' lang='lat' dir='ltr'>non</span> 
     </span>
     <span class='ocr_line' id='line_1_32' title="bbox 342 4551 1765 4663; baseline 0.008 -39"><span class='ocrx_word' id='word_1_305' title='bbox 342 4551 464 4626; x_wconf 89' lang='lat' dir='ltr'>corde.</span> <span class='ocrx_word' id='word_1_306' title='bbox 483 4552 614 4627; x_wconf 90' lang='lat' dir='ltr'>Postea</span> <span class='ocrx_word' id='word_1_307' title='bbox 633 4553 799 4657; x_wconf 90' lang='lat' dir='ltr'>precepit</span> <span class='ocrx_word' id='word_1_308' title='bbox 818 4552 852 4628; x_wconf 92' lang='lat' dir='ltr'>ei</span> <span class='ocrx_word' id='word_1_309' title='bbox 869 4552 991 4628; x_wconf 88' lang='lat' dir='ltr'>dictus</span> <span class='ocrx_word' id='word_1_310' title='bbox 1008 4553 1117 4660; x_wconf 90' lang='lat' dir='ltr'>Hugo</span> <span class='ocrx_word' id='word_1_311' title='bbox 1131 4553 1235 4659; x_wconf 91' lang='lat' dir='ltr'>quod</span> <span class='ocrx_word' id='word_1_312' title='bbox 1254 4570 1407 4659; x_wconf 89' lang='lat' dir='ltr'>spueret</span> <span class='ocrx_word' id='word_1_313' title='bbox 1426 4583 1541 4662; x_wconf 90' lang='lat' dir='ltr'>super</span> <span class='ocrx_word' id='word_1_314' title='bbox 1560 4557 1765 4663; x_wconf 89' lang='lat' dir='ltr'>quamdam</span> 
     </span>
     <span class='ocr_line' id='line_1_33' title="bbox 341 4679 1765 4797; baseline 0.009 -45"><span class='ocrx_word' id='word_1_315' title='bbox 341 4705 490 4755; x_wconf 90' lang='lat' dir='ltr'>crucem</span> <span class='ocrx_word' id='word_1_316' title='bbox 505 4679 682 4786; x_wconf 85' lang='lat' dir='ltr'>ligneam,</span> <span class='ocrx_word' id='word_1_317' title='bbox 705 4681 836 4757; x_wconf 89' lang='lat' dir='ltr'>factam</span> <span class='ocrx_word' id='word_1_318' title='bbox 850 4681 898 4757; x_wconf 90' lang='lat' dir='ltr'>de</span> <span class='ocrx_word' id='word_1_319' title='bbox 912 4681 1062 4761; x_wconf 88' lang='lat' dir='ltr'>duobus</span> <span class='ocrx_word' id='word_1_320' title='bbox 1082 4680 1243 4770; x_wconf 89' lang='lat' dir='ltr'>baculis,</span> <span class='ocrx_word' id='word_1_321' title='bbox 1266 4683 1305 4758; x_wconf 94' lang='lat' dir='ltr'>in</span> <span class='ocrx_word' id='word_1_322' title='bbox 1325 4712 1400 4788; x_wconf 90' lang='lat' dir='ltr'>qua</span> <span class='ocrx_word' id='word_1_323' title='bbox 1411 4684 1516 4763; x_wconf 69' lang='lat' dir='ltr'>nialla</span> <span class='ocrx_word' id='word_1_324' title='bbox 1538 4701 1618 4762; x_wconf 87' lang='lat' dir='ltr'>erat</span> <span class='ocrx_word' id='word_1_325' title='bbox 1628 4715 1765 4797; x_wconf 86' lang='lat' dir='ltr'>ymago</span> 
     </span>
     <span class='ocr_line' id='line_1_34' title="bbox 341 4807 1766 4916; baseline 0.007 -33"><span class='ocrx_word' id='word_1_326' title='bbox 341 4807 537 4884; x_wconf 79' lang='lat' dir='ltr'>Cmcilixi:</span> <span class='ocrx_word' id='word_1_327' title='bbox 561 4827 697 4887; x_wconf 84' lang='lat' dir='ltr'>etcum</span> <span class='ocrx_word' id='word_1_328' title='bbox 720 4812 797 4913; x_wconf 85' lang='lat' dir='ltr'>ipse</span> <span class='ocrx_word' id='word_1_329' title='bbox 814 4810 920 4886; x_wconf 86' lang='lat' dir='ltr'>testis</span> <span class='ocrx_word' id='word_1_330' title='bbox 932 4812 1180 4916; x_wconf 87' lang='lat' dir='ltr'>responderet</span> <span class='ocrx_word' id='word_1_331' title='bbox 1199 4834 1237 4888; x_wconf 83' lang='lat' dir='ltr'>se</span> <span class='ocrx_word' id='word_1_332' title='bbox 1259 4811 1499 4895; x_wconf 86' lang='lat' dir='ltr'>nullomodo</span> <span class='ocrx_word' id='word_1_333' title='bbox 1519 4815 1708 4895; x_wconf 82' lang='lat' dir='ltr'>facturum</span> <span class='ocrx_word' id='word_1_334' title='bbox 1725 4833 1766 4894; x_wconf 89' lang='lat' dir='ltr'>et</span> 
     </span>
    </p>
   </div>
   <div class='ocr_carea' id='block_1_5' title="bbox 0 0 2122 5948">
    <p class='ocr_par' dir='ltr' id='par_1_6' title="bbox 0 0 2122 5948">
     <span class='ocr_line' id='line_1_35' title="bbox 0 0 2122 5948; baseline 0 0"><span class='ocrx_word' id='word_1_335' title='bbox 0 0 2122 5948; x_wconf 95' lang='lat' dir='ltr'> </span> 
     </span>
    </p>
   </div>
  </div>
 </body>
</html>
