4236 5948
350 541 422 614 ua
739 520 934 613 eneces
961 540 1056 610 uns
1082 537 1381 611 reuertens.

348 684 387 759 in
402 681 565 790 religiosi
589 699 625 757 et
646 681 792 757 honesti
810 681 877 756 viri
899 680 1021 756 lratris
1036 678 1174 756 Nicolai
1197 680 1243 757 dc
1263 679 1462 758 Anessiaco
1486 678 1629 757 ordinis
1647 682 1769 758 Predi

347 831 533 899 catorum,
561 812 804 889 commissarii
823 811 945 888 fratris
965 811 1159 890 Guillelmi
1178 812 1225 889 de
1241 812 1402 888 Parisius
1422 810 1592 918 ejusdem
1610 811 1768 901 ordinis,

347 944 579 1051 inquisitoris
605 941 769 1017 heretice
792 942 977 1046 pravitatis
1000 943 1040 1018 in
1065 969 1180 1050 regno
1203 943 1357 1019 Francia
1383 941 1599 1018 auctoritate
1623 961 1771 1049 aposto-

346 1071 418 1150 lica
439 1071 622 1177 deputati,
648 1088 818 1147 nostrum
844 1072 1078 1148 notariorum·
1103 1089 1140 1147 et
1165 1071 1319 1148 testium
1344 1070 1661 1175 infrascriptorum
1686 1100 1771 1176 pre·

347 1203 470 1280 sencia
488 1200 736 1307 personaliter
756 1203 997 1292 constitutus,
1016 1201 1131 1278 frater
1144 1202 1276 1279 Petrus
1304 1200 1350 1277 de
1370 1199 1621 1307 Montigniaco
1645 1200 1771 1279 dioce-

345 1332 395 1409 sis
414 1330 633 1421 Meldensis,
655 1333 839 1437 presbiter
859 1333 948 1409 dicti
969 1333 1128 1424 ordinis,
1157 1333 1263 1409 etatis
1282 1360 1327 1409 xt
1344 1360 1545 1420 annorum,
1561 1331 1708 1439 juratus
1723 1333 1770 1407 ad

345 1479 468 1539 sancta
486 1462 557 1538 Dei
582 1462 795 1571 Evangelia,
825 1464 949 1540 eidem
974 1463 1160 1569 preposita
1186 1483 1223 1539 et
1242 1462 1288 1540 ab
1314 1490 1360 1542 eo
1387 1461 1629 1567 corporaliter
1655 1479 1768 1552 tacta,

345 1591 392 1668 de
413 1620 452 1669 se
473 1609 511 1667 et
531 1593 578 1668 de
596 1591 678 1668 aliis
706 1594 744 1668 in
766 1622 872 1670 causa
894 1592 981 1670 [idei
1010 1594 1135 1670 dicere
1156 1595 1361 1680 veritatem,
1383 1610 1421 1669 et
1447 1593 1696 1698 interrogatus
1723 1592 1771 1668 de

343 1739 511 1827 tempore
528 1739 566 1797 et
584 1721 699 1798 modo
721 1752 787 1799 sue
804 1723 1050 1828 recepcionis‚
1068 1723 1160 1799 dixit
1180 1751 1247 1827 per
1259 1722 1515 1828 juramentum
1536 1748 1648 1796 suum
1666 1723 1770 1826 quod

346 1851 418 1927 fuit
427 1868 602 1956 receptus
615 1851 652 1926 in
666 1851 779 1929 domo
791 1852 942 1958 Templi
953 1852 1184 1941 Parmensis,
1196 1880 1264 1956 per
1277 1850 1430 1927 fratrem
1441 1851 1638 1956 Hugonem
1651 1850 1696 1926 de
1708 1853 1769 1928 Pa·

345 1983 463 2059 raudo
479 1982 707 2058 visitatorem
725 1983 895 2072 Francie‚
911 1984 950 2058 in
968 1984 1118 2059 instanti
1136 1981 1429 2089 Quadragesima
1446 1997 1557 2056 erunt
1570 1997 1647 2057 tres
1661 1982 1765 2070 anni,

344 2113 581 2217 presentibus
600 2111 848 2201 thesaurario,
872 2115 996 2218 priore
1013 2131 1050 2189 et
1069 2113 1196 2189 multis
1218 2112 1299 2189 aliis
1312 2110 1489 2189 fratribus
1505 2112 1603 2188 dicte
1618 2111 1766 2190 domus.

345 2242 446 2319 Dixit
457 2242 572 2318 eciam
587 2271 655 2347 per
659 2242 914 2347 juramentum
931 2272 1040 2320 suum
1052 2243 1175 2349 quod,
1191 2260 1276 2347 post
1287 2241 1424 2319 multas
1440 2242 1708 2347 promissiones
1719 2243 1768 2320 ab

345 2401 390 2448 eo
401 2371 513 2448 factas
532 2373 578 2446 de
590 2371 830 2446 observandis
845 2373 990 2448 statutis
1005 2388 1042 2447 et
1052 2372 1203 2447 secretis
1216 2371 1304 2446 dicti
1316 2369 1476 2458 ordinis,
1489 2369 1644 2476 quidam
1655 2369 1769 2449 frater

345 2501 434 2579 dicti
456 2500 598 2577 ordinis
622 2500 802 2605 aportavit
825 2517 908 2578 ante
937 2528 1025 2576 eum
1050 2500 1251 2606 quamdam
1277 2528 1425 2577 crucem
1456 2499 1616 2606 ligneam
1636 2501 1676 2578 in
1695 2532 1768 2608 qua

345 2649 423 2708 erat
439 2628 559 2737 figura
579 2630 695 2706 lhesu
716 2629 854 2707 Christi
876 2628 1056 2719 crucifixi,
1081 2647 1118 2705 et
1132 2647 1223 2706 tunc
1243 2629 1366 2707 dietus
1390 2630 1556 2747 visitator
1570 2632 1700 2737 petivit
1722 2632 1768 2709 ab

346 2791 390 2839 eo
407 2750 718 2839 utrum‘crederct
736 2761 774 2836 in
795 2789 882 2838 eum
904 2761 1009 2867 cujus
1028 2790 1161 2868 ymago
1189 2779 1267 2837 erat
1291 2760 1363 2850 ibi;
1394 2761 1529 2866 etipse
1550 2762 1643 2840 dixit
1662 2762 1768 2868 quod

344 2895 412 2984 sic,
437 2910 475 2968 ct
493 2910 584 2967 tunc
605 2891 695 2967 dixit
713 2890 806 2967 sibi:
824 2891 1012 2995 «Oportet
1031 2890 1132 2996 quod
1152 2907 1194 2966 tu
1211 2889 1372 2998 abneges
1391 2909 1568 2981 eumter,
1592 2911 1631 2968 et
1657 2920 1767 2995 spuas

342 3042 401 3100 ter
416 3051 525 3127 supra
537 3051 699 3099 crucem.
717 3059 729 3088 υ
750 3021 862 3115 Quod
877 3021 997 3097 lacere
1014 3019 1235 3098 contradixit
1247 3038 1283 3097 et
1296 3022 1490 3130 denegavit
1500 3040 1683 3128 quantum
1700 3052 1767 3128 po-

343 3156 431 3244 tuit3
449 3152 623 3241 finaliter,
651 3168 806 3256 propter
827 3151 945 3227 minas
972 3179 1064 3256 quas
1092 3149 1302 3227 inserebant
1321 3152 1408 3241 sihi,
1429 3149 1516 3228 lecit
1540 3179 1604 3229 ore
1636 3172 1673 3229 et
1691 3181 1767 3230 non

344 3283 474 3373 corde,
498 3299 536 3358 et
549 3280 660 3383 finxit
672 3310 806 3387 spuere
822 3310 934 3385 supra
947 3307 1112 3370 crucem,
1132 3298 1169 3357 et
1186 3282 1286 3387 spuit
1307 3282 1352 3358 ad
1365 3299 1515 3358 terram.
1529 3282 1765 3372 Dixiteciam

344 3443 411 3518 per
434 3413 691 3517 juramentum
720 3439 831 3486 suum
860 3411 963 3515 quod
984 3410 1172 3487 osculatus
1198 3411 1268 3488 luit
1290 3411 1432 3488 dictum
1458 3412 1704 3517 recipientem
1728 3414 1767 3489 in

345 3569 425 3630 ore,
439 3559 477 3617 ct
486 3540 592 3616 linxit
603 3570 690 3617 eum
702 3540 860 3617 osculari
871 3540 910 3615 in
921 3540 1115 3629 umbilico,
1134 3569 1247 3647 super
1258 3559 1392 3630 vestes,
1406 3559 1532 3619 tamen
1543 3570 1620 3619 non
1631 3543 1763 3649 tetigit.

400 3675 493 3750 Item
509 3672 600 3749 dixit
620 3671 725 3777 quod
749 3671 869 3747 dictus
887 3671 1070 3777 recipiens
1097 3671 1189 3746 dixit
1206 3672 1295 3761 sibi,
1313 3673 1491 3750 omnibus
1507 3671 1763 3760 audientibus,

343 3805 448 3910 quod
476 3803 505 3879 si
535 3803 634 3879 calor
664 3801 841 3878 naturalis
865 3818 1033 3878 moveret
1060 3830 1165 3894 eum,
1187 3800 1298 3879 dabat
1323 3803 1357 3879 ei
1388 3802 1580 3901 licenciam
1600 3801 1765 3880 habendi

342 3955 529 4011 rem'cum
543 3933 621 4009 suis
636 3931 812 4007 fratribus
839 3933 996 4010 ordinis.
1016 3932 1119 4008 Dixit
1141 3949 1266 4008 tamen
1288 3955 1356 4037 per
1369 3934 1627 4040 juramentum
1652 3961 1765 4011 suum

342 4065 446 4172 quod
463 4092 657 4170 nunquam
680 4062 782 4151 fecit,
799 4091 869 4139 nec
889 4062 959 4139 suit
978 4063 1192 4168 requisitus.

397 4197 490 4272 ltem
508 4196 598 4270 dixit
616 4223 685 4299 per
693 4194 950 4299 juramentum
967 4193 1198 4300 suumquod
1213 4192 1332 4271 credit
1350 4195 1601 4301 quodomnes
1616 4195 1677 4272 alii
1700 4195 1766 4272 fra-

340 4345 416 4404 tres
435 4327 525 4402 dicti
542 4325 683 4402 ordinis
703 4324 930 4433 recipiantur
945 4354 1012 4431 per
1032 4325 1207 4401 cumdem
1228 4327 1385 4403 modum
1407 4354 1475 4432 per
1494 4354 1609 4432 quem
1628 4325 1699 4403 suit
1711 4353 1765 4403 re-

341 4476 482 4563 ceptus.

397 4590 490 4664 ltem
505 4587 597 4663 dixit
607 4616 675 4692 per
684 4588 940 4694 juramentum
957 4617 1065 4665 suum
1076 4589 1180 4694 quod
1193 4588 1287 4665 vidit
1295 4589 1390 4665 duos
1404 4588 1533 4694 recipi,
1551 4615 1671 4664 unum
1684 4615 1764 4665 rno-

341 4735 483 4794 rantem
498 4718 537 4795 in
560 4718 674 4796 domo
695 4719 742 4795 de
758 4718 857 4795 Malo
874 4721 1056 4826 Repastu,
1087 4736 1125 4796 et
1148 4718 1299 4796 lratrem
1314 4721 1466 4799 Petrum
1493 4735 1702 4815 morantem
1724 4719 1764 4796 in

343 4848 457 4925 domo
481 4848 527 4925 de
544 4849 725 4938 soisiaco,
743 4877 810 4955 per
830 4849 943 4927 istum
964 4850 1121 4929 modum
1136 4879 1333 4958 perquem
1353 4849 1424 4929 fuit
1435 4866 1620 4955 receptus.
