<?xml version="1.0" encoding="UTF-8"?>
<!DOCTYPE html PUBLIC "-//W3C//DTD XHTML 1.0 Transitional//EN"
    "http://www.w3.org/TR/xhtml1/DTD/xhtml1-transitional.dtd">
<html xmlns="http://www.w3.org/1999/xhtml" xml:lang="en" lang="en">
 <head>
  <title>
</title>
<meta http-equiv="Content-Type" content="text/html;charset=utf-8" />
  <meta name='ocr-system' content='tesseract 3.04.00' />
  <meta name='ocr-capabilities' content='ocr_page ocr_carea ocr_par ocr_line ocrx_word'/>
</head>
<body>
  <div class='ocr_page' id='page_1' title='image "./procsdestemplie00defegoog/procsdestemplie00defegoog_0120.png"; bbox 0 0 4236 5948; ppageno 0'>
   <div class='ocr_carea' id='block_1_1' title="bbox 729 531 1761 626">
    <p class='ocr_par' dir='ltr' id='par_1_1' title="bbox 729 531 1761 626">
     <span class='ocr_line' id='line_1_1' title="bbox 729 531 1761 626; baseline 0.001 -3"><span class='ocrx_word' id='word_1_1' title='bbox 729 531 927 625; x_wconf 71' lang='lat' dir='ltr'>paucas</span> <span class='ocrx_word' id='word_1_2' title='bbox 952 553 1047 624; x_wconf 84' lang='lat' dir='ltr'>nas</span> <span class='ocrx_word' id='word_1_3' title='bbox 1074 552 1375 623; x_wconf 73' lang='lat' dir='ltr'>venemens.</span> <span class='ocrx_word' id='word_1_4' title='bbox 1715 555 1761 626; x_wconf 85' lang='lat' dir='ltr'>vv</span> 
     </span>
    </p>
   </div>
   <div class='ocr_carea' id='block_1_2' title="bbox 342 709 1765 1988">
    <p class='ocr_par' dir='ltr' id='par_1_2' title="bbox 342 709 1765 1988">
     <span class='ocr_line' id='line_1_2' title="bbox 342 709 1761 818; baseline 0 -29"><span class='ocrx_word' id='word_1_5' title='bbox 342 711 408 789; x_wconf 92' lang='lat' dir='ltr'>Dei</span> <span class='ocrx_word' id='word_1_6' title='bbox 421 711 628 818; x_wconf 90' lang='lat' dir='ltr'>adjutorio,</span> <span class='ocrx_word' id='word_1_7' title='bbox 644 709 743 788; x_wconf 91' lang='lat' dir='ltr'>bene</span> <span class='ocrx_word' id='word_1_8' title='bbox 765 713 891 787; x_wconf 90' lang='lat' dir='ltr'>omnia</span> <span class='ocrx_word' id='word_1_9' title='bbox 909 712 1128 802; x_wconf 78' lang='lat' dir='ltr'>sustineret,</span> <span class='ocrx_word' id='word_1_10' title='bbox 1152 711 1274 787; x_wconf 89' lang='lat' dir='ltr'>dictus</span> <span class='ocrx_word' id='word_1_11' title='bbox 1290 727 1471 816; x_wconf 90' lang='lat' dir='ltr'>receptor,</span> <span class='ocrx_word' id='word_1_12' title='bbox 1494 709 1637 815; x_wconf 91' lang='lat' dir='ltr'>poscito</span> <span class='ocrx_word' id='word_1_13' title='bbox 1653 711 1699 787; x_wconf 86' lang='lat' dir='ltr'>ab</span> <span class='ocrx_word' id='word_1_14' title='bbox 1716 741 1761 789; x_wconf 91' lang='lat' dir='ltr'>eo</span> 
     </span>
     <span class='ocr_line' id='line_1_3' title="bbox 342 839 1760 948; baseline 0 -29"><span class='ocrx_word' id='word_1_15' title='bbox 342 842 444 948; x_wconf 88' lang='lat' dir='ltr'>quod</span> <span class='ocrx_word' id='word_1_16' title='bbox 464 869 541 919; x_wconf 90' lang='lat' dir='ltr'>non</span> <span class='ocrx_word' id='word_1_17' title='bbox 561 840 724 919; x_wconf 91' lang='lat' dir='ltr'>habebat</span> <span class='ocrx_word' id='word_1_18' title='bbox 748 839 1002 918; x_wconf 81' lang='lat' dir='ltr'>infirmitatem</span> <span class='ocrx_word' id='word_1_19' title='bbox 1028 843 1227 930; x_wconf 90' lang='lat' dir='ltr'>latentem,</span> <span class='ocrx_word' id='word_1_20' title='bbox 1249 872 1317 918; x_wconf 89' lang='lat' dir='ltr'>nec</span> <span class='ocrx_word' id='word_1_21' title='bbox 1337 859 1415 919; x_wconf 89' lang='lat' dir='ltr'>erat</span> <span class='ocrx_word' id='word_1_22' title='bbox 1431 839 1568 917; x_wconf 92' lang='lat' dir='ltr'>debitis</span> <span class='ocrx_word' id='word_1_23' title='bbox 1588 870 1662 947; x_wconf 91' lang='lat' dir='ltr'>que</span> <span class='ocrx_word' id='word_1_24' title='bbox 1686 870 1760 919; x_wconf 92' lang='lat' dir='ltr'>non</span> 
     </span>
     <span class='ocr_line' id='line_1_4' title="bbox 342 970 1763 1080; baseline 0 -31"><span class='ocrx_word' id='word_1_25' title='bbox 342 989 465 1080; x_wconf 90' lang='lat' dir='ltr'>posset</span> <span class='ocrx_word' id='word_1_26' title='bbox 483 971 625 1050; x_wconf 92' lang='lat' dir='ltr'>solvere</span> <span class='ocrx_word' id='word_1_27' title='bbox 648 1000 770 1079; x_wconf 91' lang='lat' dir='ltr'>neque</span> <span class='ocrx_word' id='word_1_28' title='bbox 787 973 894 1050; x_wconf 86' lang='lat' dir='ltr'>alteri</span> <span class='ocrx_word' id='word_1_29' title='bbox 912 973 1084 1077; x_wconf 86' lang='lat' dir='ltr'>religioni</span> <span class='ocrx_word' id='word_1_30' title='bbox 1110 973 1167 1047; x_wconf 90' lang='lat' dir='ltr'>vel</span> <span class='ocrx_word' id='word_1_31' title='bbox 1191 972 1429 1049; x_wconf 89' lang='lat' dir='ltr'>matrimonio</span> <span class='ocrx_word' id='word_1_32' title='bbox 1447 970 1654 1078; x_wconf 84' lang='lat' dir='ltr'>obligatus,</span> <span class='ocrx_word' id='word_1_33' title='bbox 1676 972 1763 1049; x_wconf 88' lang='lat' dir='ltr'>lecit</span> 
     </span>
     <span class='ocr_line' id='line_1_5' title="bbox 343 1102 1759 1210; baseline 0 -30"><span class='ocrx_word' id='word_1_34' title='bbox 343 1131 426 1180; x_wconf 91' lang='lat' dir='ltr'>eum</span> <span class='ocrx_word' id='word_1_35' title='bbox 443 1130 575 1180; x_wconf 87' lang='lat' dir='ltr'>vovere</span> <span class='ocrx_word' id='word_1_36' title='bbox 596 1121 633 1180; x_wconf 91' lang='lat' dir='ltr'>et</span> <span class='ocrx_word' id='word_1_37' title='bbox 643 1103 770 1209; x_wconf 87' lang='lat' dir='ltr'>jurare</span> <span class='ocrx_word' id='word_1_38' title='bbox 785 1104 1009 1192; x_wconf 78' lang='lat' dir='ltr'>castitatem,</span> <span class='ocrx_word' id='word_1_39' title='bbox 1028 1104 1289 1180; x_wconf 84' lang='lat' dir='ltr'>obedienciam</span> <span class='ocrx_word' id='word_1_40' title='bbox 1306 1122 1343 1179; x_wconf 91' lang='lat' dir='ltr'>et</span> <span class='ocrx_word' id='word_1_41' title='bbox 1357 1103 1478 1178; x_wconf 90' lang='lat' dir='ltr'>vivere</span> <span class='ocrx_word' id='word_1_42' title='bbox 1497 1102 1576 1178; x_wconf 92' lang='lat' dir='ltr'>sine</span> <span class='ocrx_word' id='word_1_43' title='bbox 1595 1104 1759 1210; x_wconf 90' lang='lat' dir='ltr'>proprio.</span> 
     </span>
     <span class='ocr_line' id='line_1_6' title="bbox 342 1231 1763 1338; baseline 0.001 -29"><span class='ocrx_word' id='word_1_44' title='bbox 342 1233 424 1326; x_wconf 89' lang='lat' dir='ltr'>Quo</span> <span class='ocrx_word' id='word_1_45' title='bbox 448 1231 562 1317; x_wconf 85' lang='lat' dir='ltr'>lacto,</span> <span class='ocrx_word' id='word_1_46' title='bbox 593 1231 774 1336; x_wconf 84' lang='lat' dir='ltr'>imposuit</span> <span class='ocrx_word' id='word_1_47' title='bbox 799 1233 832 1308; x_wconf 93' lang='lat' dir='ltr'>ei</span> <span class='ocrx_word' id='word_1_48' title='bbox 863 1233 1104 1321; x_wconf 90' lang='lat' dir='ltr'>mantellum,</span> <span class='ocrx_word' id='word_1_49' title='bbox 1129 1251 1260 1309; x_wconf 88' lang='lat' dir='ltr'>ettam</span> <span class='ocrx_word' id='word_1_50' title='bbox 1283 1234 1361 1337; x_wconf 89' lang='lat' dir='ltr'>ipse</span> <span class='ocrx_word' id='word_1_51' title='bbox 1382 1261 1494 1338; x_wconf 91' lang='lat' dir='ltr'>quam</span> <span class='ocrx_word' id='word_1_52' title='bbox 1520 1231 1581 1307; x_wconf 92' lang='lat' dir='ltr'>alii</span> <span class='ocrx_word' id='word_1_53' title='bbox 1602 1250 1763 1311; x_wconf 86' lang='lat' dir='ltr'>astantes</span> 
     </span>
     <span class='ocr_line' id='line_1_7' title="bbox 344 1361 1765 1468; baseline 0.001 -29"><span class='ocrx_word' id='word_1_54' title='bbox 344 1361 668 1440; x_wconf 85' lang='lat' dir='ltr'>osculati-luerunt</span> <span class='ocrx_word' id='word_1_55' title='bbox 687 1392 773 1437; x_wconf 89' lang='lat' dir='ltr'>eum</span> <span class='ocrx_word' id='word_1_56' title='bbox 795 1365 833 1437; x_wconf 89' lang='lat' dir='ltr'>in</span> <span class='ocrx_word' id='word_1_57' title='bbox 855 1391 931 1439; x_wconf 91' lang='lat' dir='ltr'>ore.</span> <span class='ocrx_word' id='word_1_58' title='bbox 954 1364 1203 1440; x_wconf 86' lang='lat' dir='ltr'>Postmodum</span> <span class='ocrx_word' id='word_1_59' title='bbox 1231 1364 1406 1439; x_wconf 83' lang='lat' dir='ltr'>instruxit</span> <span class='ocrx_word' id='word_1_60' title='bbox 1432 1391 1519 1438; x_wconf 90' lang='lat' dir='ltr'>eum</span> <span class='ocrx_word' id='word_1_61' title='bbox 1540 1382 1635 1468; x_wconf 88' lang='lat' dir='ltr'>quot</span> <span class='ocrx_word' id='word_1_62' title='bbox 1653 1367 1765 1443; x_wconf 84' lang='lat' dir='ltr'>Pater</span> 
     </span>
     <span class='ocr_line' id='line_1_8' title="bbox 344 1492 1762 1600; baseline 0.001 -31"><span class='ocrx_word' id='word_1_63' title='bbox 344 1509 456 1571; x_wconf 78' lang='lat' dir='ltr'>noster</span> <span class='ocrx_word' id='word_1_64' title='bbox 476 1492 617 1568; x_wconf 90' lang='lat' dir='ltr'>diceret</span> <span class='ocrx_word' id='word_1_65' title='bbox 636 1520 705 1597; x_wconf 92' lang='lat' dir='ltr'>pro</span> <span class='ocrx_word' id='word_1_66' title='bbox 725 1493 829 1569; x_wconf 90' lang='lat' dir='ltr'>boris</span> <span class='ocrx_word' id='word_1_67' title='bbox 845 1493 944 1578; x_wconf 91' lang='lat' dir='ltr'>suis,</span> <span class='ocrx_word' id='word_1_68' title='bbox 968 1511 1004 1568; x_wconf 94' lang='lat' dir='ltr'>et</span> <span class='ocrx_word' id='word_1_69' title='bbox 1025 1493 1186 1599; x_wconf 83' lang='lat' dir='ltr'>qualiter</span> <span class='ocrx_word' id='word_1_70' title='bbox 1206 1511 1350 1600; x_wconf 86' lang='lat' dir='ltr'>regeret</span> <span class='ocrx_word' id='word_1_71' title='bbox 1365 1522 1403 1569; x_wconf 89' lang='lat' dir='ltr'>se</span> <span class='ocrx_word' id='word_1_72' title='bbox 1420 1511 1457 1568; x_wconf 90' lang='lat' dir='ltr'>et</span> <span class='ocrx_word' id='word_1_73' title='bbox 1476 1492 1632 1569; x_wconf 89' lang='lat' dir='ltr'>baberet</span> <span class='ocrx_word' id='word_1_74' title='bbox 1651 1495 1689 1568; x_wconf 89' lang='lat' dir='ltr'>in</span> <span class='ocrx_word' id='word_1_75' title='bbox 1704 1524 1762 1571; x_wconf 92' lang='lat' dir='ltr'>or-</span> 
     </span>
     <span class='ocr_line' id='line_1_9' title="bbox 344 1622 1760 1730; baseline 0.002 -32"><span class='ocrx_word' id='word_1_76' title='bbox 344 1622 442 1699; x_wconf 88' lang='lat' dir='ltr'>dine.</span> <span class='ocrx_word' id='word_1_77' title='bbox 460 1622 676 1727; x_wconf 85' lang='lat' dir='ltr'>llequisitus</span> <span class='ocrx_word' id='word_1_78' title='bbox 693 1623 721 1698; x_wconf 94' lang='lat' dir='ltr'>si</span> <span class='ocrx_word' id='word_1_79' title='bbox 740 1622 1024 1730; x_wconf 83' lang='lat' dir='ltr'>abnegaciones,</span> <span class='ocrx_word' id='word_1_80' title='bbox 1051 1624 1404 1730; x_wconf 86' lang='lat' dir='ltr'>dogmatizaciones,</span> <span class='ocrx_word' id='word_1_81' title='bbox 1421 1623 1603 1728; x_wconf 88' lang='lat' dir='ltr'>vituperia</span> <span class='ocrx_word' id='word_1_82' title='bbox 1626 1628 1760 1716; x_wconf 88' lang='lat' dir='ltr'>crucis,</span> 
     </span>
     <span class='ocr_line' id='line_1_10' title="bbox 344 1751 1763 1843; baseline 0.001 -13"><span class='ocrx_word' id='word_1_83' title='bbox 344 1752 468 1830; x_wconf 88' lang='lat' dir='ltr'>oscula</span> <span class='ocrx_word' id='word_1_84' title='bbox 499 1751 714 1842; x_wconf 89' lang='lat' dir='ltr'>inhonesta,</span> <span class='ocrx_word' id='word_1_85' title='bbox 745 1753 801 1829; x_wconf 88' lang='lat' dir='ltr'>vel</span> <span class='ocrx_word' id='word_1_86' title='bbox 833 1753 903 1828; x_wconf 88' lang='lat' dir='ltr'>alia</span> <span class='ocrx_word' id='word_1_87' title='bbox 929 1754 1058 1829; x_wconf 86' lang='lat' dir='ltr'>illicita</span> <span class='ocrx_word' id='word_1_88' title='bbox 1085 1754 1122 1829; x_wconf 93' lang='lat' dir='ltr'>in</span> <span class='ocrx_word' id='word_1_89' title='bbox 1146 1754 1254 1829; x_wconf 90' lang='lat' dir='ltr'>dictis</span> <span class='ocrx_word' id='word_1_90' title='bbox 1282 1753 1446 1829; x_wconf 85' lang='lat' dir='ltr'>articulis</span> <span class='ocrx_word' id='word_1_91' title='bbox 1473 1769 1670 1843; x_wconf 88' lang='lat' dir='ltr'>contenta,</span> <span class='ocrx_word' id='word_1_92' title='bbox 1705 1757 1763 1832; x_wconf 90' lang='lat' dir='ltr'>vel</span> 
     </span>
     <span class='ocr_line' id='line_1_11' title="bbox 343 1881 1762 1988; baseline 0.001 -30"><span class='ocrx_word' id='word_1_93' title='bbox 343 1881 463 1988; x_wconf 87' lang='lat' dir='ltr'>aliqua</span> <span class='ocrx_word' id='word_1_94' title='bbox 481 1909 524 1957; x_wconf 84' lang='lat' dir='ltr'>ex</span> <span class='ocrx_word' id='word_1_95' title='bbox 545 1881 598 1958; x_wconf 92' lang='lat' dir='ltr'>eis</span> <span class='ocrx_word' id='word_1_96' title='bbox 624 1881 891 1960; x_wconf 84' lang='lat' dir='ltr'>intervenirent</span> <span class='ocrx_word' id='word_1_97' title='bbox 911 1885 948 1957; x_wconf 93' lang='lat' dir='ltr'>in</span> <span class='ocrx_word' id='word_1_98' title='bbox 972 1882 1069 1958; x_wconf 92' lang='lat' dir='ltr'>dicta</span> <span class='ocrx_word' id='word_1_99' title='bbox 1089 1883 1308 1988; x_wconf 90' lang='lat' dir='ltr'>recepcione</span> <span class='ocrx_word' id='word_1_100' title='bbox 1330 1912 1394 1958; x_wconf 93' lang='lat' dir='ltr'>sua</span> <span class='ocrx_word' id='word_1_101' title='bbox 1412 1882 1469 1957; x_wconf 93' lang='lat' dir='ltr'>vel</span> <span class='ocrx_word' id='word_1_102' title='bbox 1488 1900 1589 1987; x_wconf 89' lang='lat' dir='ltr'>post,</span> <span class='ocrx_word' id='word_1_103' title='bbox 1612 1901 1649 1960; x_wconf 89' lang='lat' dir='ltr'>et</span> <span class='ocrx_word' id='word_1_104' title='bbox 1669 1885 1762 1962; x_wconf 92' lang='lat' dir='ltr'>side</span> 
     </span>
    </p>
   </div>
   <div class='ocr_carea' id='block_1_3' title="bbox 342 1992 1764 2121">
    <p class='ocr_par' dir='ltr' id='par_1_3' title="bbox 342 1992 1764 2121">
     <span class='ocr_line' id='line_1_12' title="bbox 342 1992 1764 2121; baseline 0.003 -33"><span class='ocrx_word' id='word_1_105' title='bbox 342 2029 490 2119; x_wconf 88' lang='lat' dir='ltr'>peccato</span> <span class='ocrx_word' id='word_1_106' title='bbox 508 2011 733 2088; x_wconf 90' lang='lat' dir='ltr'>sodomitico</span> <span class='ocrx_word' id='word_1_107' title='bbox 745 2011 816 2087; x_wconf 85' lang='lat' dir='ltr'>luit</span> <span class='ocrx_word' id='word_1_108' title='bbox 834 2013 903 2088; x_wconf 93' lang='lat' dir='ltr'>sibi</span> <span class='ocrx_word' id='word_1_109' title='bbox 920 2012 1064 2119; x_wconf 88' lang='lat' dir='ltr'>aliquid</span> <span class='ocrx_word' id='word_1_110' title='bbox 1081 1992 1223 2089; x_wconf 89' lang='lat' dir='ltr'>dictum</span> <span class='ocrx_word' id='word_1_111' title='bbox 1242 2013 1298 2089; x_wconf 92' lang='lat' dir='ltr'>vel</span> <span class='ocrx_word' id='word_1_112' title='bbox 1313 2030 1470 2102; x_wconf 89' lang='lat' dir='ltr'>tactum,</span> <span class='ocrx_word' id='word_1_113' title='bbox 1485 2015 1681 2118; x_wconf 91' lang='lat' dir='ltr'>respondit</span> <span class='ocrx_word' id='word_1_114' title='bbox 1697 2045 1764 2121; x_wconf 90' lang='lat' dir='ltr'>per</span> 
     </span>
    </p>
   </div>
   <div class='ocr_carea' id='block_1_4' title="bbox 337 2143 1775 4983">
    <p class='ocr_par' dir='ltr' id='par_1_4' title="bbox 337 2143 1775 4983">
     <span class='ocr_line' id='line_1_13' title="bbox 337 2143 1764 2250; baseline 0.003 -31"><span class='ocrx_word' id='word_1_115' title='bbox 337 2143 595 2248; x_wconf 89' lang='lat' dir='ltr'>juramentum</span> <span class='ocrx_word' id='word_1_116' title='bbox 620 2171 732 2217; x_wconf 89' lang='lat' dir='ltr'>suurn</span> <span class='ocrx_word' id='word_1_117' title='bbox 752 2144 856 2248; x_wconf 93' lang='lat' dir='ltr'>quod</span> <span class='ocrx_word' id='word_1_118' title='bbox 886 2173 975 2220; x_wconf 93' lang='lat' dir='ltr'>non.</span> <span class='ocrx_word' id='word_1_119' title='bbox 1004 2144 1218 2250; x_wconf 88' lang='lat' dir='ltr'>Requisitus</span> <span class='ocrx_word' id='word_1_120' title='bbox 1237 2143 1266 2219; x_wconf 91' lang='lat' dir='ltr'>si</span> <span class='ocrx_word' id='word_1_121' title='bbox 1292 2144 1375 2230; x_wconf 87' lang='lat' dir='ltr'>scit,</span> <span class='ocrx_word' id='word_1_122' title='bbox 1395 2145 1514 2219; x_wconf 90' lang='lat' dir='ltr'>credit</span> <span class='ocrx_word' id='word_1_123' title='bbox 1543 2145 1600 2220; x_wconf 92' lang='lat' dir='ltr'>vel</span> <span class='ocrx_word' id='word_1_124' title='bbox 1623 2148 1764 2223; x_wconf 92' lang='lat' dir='ltr'>audivit</span> 
     </span>
     <span class='ocr_line' id='line_1_14' title="bbox 342 2262 1762 2381; baseline 0.002 -31"><span class='ocrx_word' id='word_1_125' title='bbox 342 2274 412 2350; x_wconf 90' lang='lat' dir='ltr'>diei</span> <span class='ocrx_word' id='word_1_126' title='bbox 431 2273 535 2379; x_wconf 93' lang='lat' dir='ltr'>quod</span> <span class='ocrx_word' id='word_1_127' title='bbox 552 2272 648 2348; x_wconf 88' lang='lat' dir='ltr'>dicta</span> <span class='ocrx_word' id='word_1_128' title='bbox 668 2272 795 2348; x_wconf 91' lang='lat' dir='ltr'>illicita</span> <span class='ocrx_word' id='word_1_129' title='bbox 816 2262 877 2350; x_wconf 90' lang='lat' dir='ltr'>vel</span> <span class='ocrx_word' id='word_1_130' title='bbox 891 2274 1014 2381; x_wconf 89' lang='lat' dir='ltr'>aliqua</span> <span class='ocrx_word' id='word_1_131' title='bbox 1034 2303 1077 2350; x_wconf 87' lang='lat' dir='ltr'>ex</span> <span class='ocrx_word' id='word_1_132' title='bbox 1100 2275 1153 2350; x_wconf 91' lang='lat' dir='ltr'>eis</span> <span class='ocrx_word' id='word_1_133' title='bbox 1173 2276 1230 2350; x_wconf 93' lang='lat' dir='ltr'>vel</span> <span class='ocrx_word' id='word_1_134' title='bbox 1252 2274 1322 2349; x_wconf 90' lang='lat' dir='ltr'>alia</span> <span class='ocrx_word' id='word_1_135' title='bbox 1341 2275 1624 2351; x_wconf 89' lang='lat' dir='ltr'>intervenerunt</span> <span class='ocrx_word' id='word_1_136' title='bbox 1644 2276 1682 2350; x_wconf 92' lang='lat' dir='ltr'>in</span> <span class='ocrx_word' id='word_1_137' title='bbox 1702 2306 1762 2354; x_wconf 91' lang='lat' dir='ltr'>re-</span> 
     </span>
     <span class='ocr_line' id='line_1_15' title="bbox 341 2401 1760 2510; baseline 0.002 -32"><span class='ocrx_word' id='word_1_138' title='bbox 341 2401 582 2508; x_wconf 89' lang='lat' dir='ltr'>cepcionibus</span> <span class='ocrx_word' id='word_1_139' title='bbox 598 2402 758 2479; x_wconf 90' lang='lat' dir='ltr'>aliorum</span> <span class='ocrx_word' id='word_1_140' title='bbox 776 2403 931 2480; x_wconf 85' lang='lat' dir='ltr'>fratrum</span> <span class='ocrx_word' id='word_1_141' title='bbox 948 2405 1005 2480; x_wconf 91' lang='lat' dir='ltr'>vel</span> <span class='ocrx_word' id='word_1_142' title='bbox 1022 2421 1120 2510; x_wconf 88' lang='lat' dir='ltr'>post,</span> <span class='ocrx_word' id='word_1_143' title='bbox 1144 2404 1236 2480; x_wconf 76' lang='lat' dir='ltr'>dixit</span> <span class='ocrx_word' id='word_1_144' title='bbox 1257 2433 1295 2480; x_wconf 90' lang='lat' dir='ltr'>se</span> <span class='ocrx_word' id='word_1_145' title='bbox 1318 2404 1482 2492; x_wconf 87' lang='lat' dir='ltr'>nescire;</span> <span class='ocrx_word' id='word_1_146' title='bbox 1500 2405 1620 2480; x_wconf 91' lang='lat' dir='ltr'>credit</span> <span class='ocrx_word' id='word_1_147' title='bbox 1634 2423 1760 2483; x_wconf 91' lang='lat' dir='ltr'>tamen</span> 
     </span>
     <span class='ocr_line' id='line_1_16' title="bbox 343 2532 1766 2641; baseline 0.002 -33"><span class='ocrx_word' id='word_1_148' title='bbox 343 2533 445 2639; x_wconf 90' lang='lat' dir='ltr'>quod</span> <span class='ocrx_word' id='word_1_149' title='bbox 466 2533 504 2608; x_wconf 86' lang='lat' dir='ltr'>in</span> <span class='ocrx_word' id='word_1_150' title='bbox 522 2532 806 2637; x_wconf 87' lang='lat' dir='ltr'>recepcionibus</span> <span class='ocrx_word' id='word_1_151' title='bbox 836 2533 1050 2641; x_wconf 89' lang='lat' dir='ltr'>aliquorum</span> <span class='ocrx_word' id='word_1_152' title='bbox 1083 2533 1353 2610; x_wconf 86' lang='lat' dir='ltr'>intervenirent</span> <span class='ocrx_word' id='word_1_153' title='bbox 1373 2533 1437 2608; x_wconf 89' lang='lat' dir='ltr'>illa</span> <span class='ocrx_word' id='word_1_154' title='bbox 1454 2533 1670 2639; x_wconf 90' lang='lat' dir='ltr'>illicitaque</span> <span class='ocrx_word' id='word_1_155' title='bbox 1687 2564 1766 2611; x_wconf 88' lang='lat' dir='ltr'>ma-</span> 
     </span>
     <span class='ocr_line' id='line_1_17' title="bbox 343 2662 1766 2773; baseline 0.001 -34"><span class='ocrx_word' id='word_1_156' title='bbox 343 2692 437 2771; x_wconf 83' lang='lat' dir='ltr'>gnus</span> <span class='ocrx_word' id='word_1_157' title='bbox 460 2664 634 2773; x_wconf 85' lang='lat' dir='ltr'>Magister</span> <span class='ocrx_word' id='word_1_158' title='bbox 654 2681 690 2738; x_wconf 90' lang='lat' dir='ltr'>et</span> <span class='ocrx_word' id='word_1_159' title='bbox 708 2662 770 2738; x_wconf 91' lang='lat' dir='ltr'>alii</span> <span class='ocrx_word' id='word_1_160' title='bbox 789 2663 921 2741; x_wconf 87' lang='lat' dir='ltr'>fratres</span> <span class='ocrx_word' id='word_1_161' title='bbox 939 2667 1082 2743; x_wconf 91' lang='lat' dir='ltr'>ordinis</span> <span class='ocrx_word' id='word_1_162' title='bbox 1103 2666 1281 2742; x_wconf 89' lang='lat' dir='ltr'>dicuntur</span> <span class='ocrx_word' id='word_1_163' title='bbox 1301 2665 1413 2741; x_wconf 87' lang='lat' dir='ltr'>fuisse</span> <span class='ocrx_word' id='word_1_164' title='bbox 1435 2664 1605 2742; x_wconf 79' lang='lat' dir='ltr'>confessi.</span> <span class='ocrx_word' id='word_1_165' title='bbox 1626 2667 1766 2771; x_wconf 88' lang='lat' dir='ltr'>Requi-</span> 
     </span>
     <span class='ocr_line' id='line_1_18' title="bbox 342 2793 1761 2901; baseline 0.003 -32"><span class='ocrx_word' id='word_1_166' title='bbox 342 2794 432 2870; x_wconf 86' lang='lat' dir='ltr'>situs</span> <span class='ocrx_word' id='word_1_167' title='bbox 447 2794 476 2868; x_wconf 91' lang='lat' dir='ltr'>si</span> <span class='ocrx_word' id='word_1_168' title='bbox 495 2794 588 2868; x_wconf 89' lang='lat' dir='ltr'>vidit</span> <span class='ocrx_word' id='word_1_169' title='bbox 605 2793 698 2869; x_wconf 91' lang='lat' dir='ltr'>alios</span> <span class='ocrx_word' id='word_1_170' title='bbox 718 2795 831 2899; x_wconf 91' lang='lat' dir='ltr'>recipi</span> <span class='ocrx_word' id='word_1_171' title='bbox 852 2797 890 2869; x_wconf 92' lang='lat' dir='ltr'>in</span> <span class='ocrx_word' id='word_1_172' title='bbox 908 2797 1057 2883; x_wconf 90' lang='lat' dir='ltr'>ordine,</span> <span class='ocrx_word' id='word_1_173' title='bbox 1078 2797 1170 2871; x_wconf 84' lang='lat' dir='ltr'>dixit</span> <span class='ocrx_word' id='word_1_174' title='bbox 1187 2797 1292 2901; x_wconf 92' lang='lat' dir='ltr'>quod</span> <span class='ocrx_word' id='word_1_175' title='bbox 1310 2796 1378 2885; x_wconf 92' lang='lat' dir='ltr'>sic,</span> <span class='ocrx_word' id='word_1_176' title='bbox 1395 2794 1568 2870; x_wconf 89' lang='lat' dir='ltr'>videlicet</span> <span class='ocrx_word' id='word_1_177' title='bbox 1584 2827 1592 2870; x_wconf 91' lang='lat'>:</span> <span class='ocrx_word' id='word_1_178' title='bbox 1609 2794 1761 2873; x_wconf 79' lang='lat' dir='ltr'>fratrem</span> 
     </span>
     <span class='ocr_line' id='line_1_19' title="bbox 342 2923 1766 3031; baseline 0.001 -32"><span class='ocrx_word' id='word_1_179' title='bbox 342 2923 534 2999; x_wconf 87' lang='lat' dir='ltr'>Matheum</span> <span class='ocrx_word' id='word_1_180' title='bbox 564 2924 610 2999; x_wconf 94' lang='lat' dir='ltr'>de</span> <span class='ocrx_word' id='word_1_181' title='bbox 635 2923 758 3000; x_wconf 88' lang='lat' dir='ltr'>Insula</span> <span class='ocrx_word' id='word_1_182' title='bbox 782 2925 966 3001; x_wconf 90' lang='lat' dir='ltr'>Bochardi</span> <span class='ocrx_word' id='word_1_183' title='bbox 1005 2927 1200 3031; x_wconf 85' lang='lat' dir='ltr'>quondam</span> <span class='ocrx_word' id='word_1_184' title='bbox 1229 2924 1473 3014; x_wconf 89' lang='lat' dir='ltr'>servientem,</span> <span class='ocrx_word' id='word_1_185' title='bbox 1502 2924 1568 3028; x_wconf 90' lang='lat' dir='ltr'>qui</span> <span class='ocrx_word' id='word_1_186' title='bbox 1602 2923 1673 2999; x_wconf 86' lang='lat' dir='ltr'>luit</span> <span class='ocrx_word' id='word_1_187' title='bbox 1707 2953 1766 3001; x_wconf 91' lang='lat' dir='ltr'>re-</span> 
     </span>
     <span class='ocr_line' id='line_1_20' title="bbox 341 3053 1762 3160; baseline 0.001 -30"><span class='ocrx_word' id='word_1_188' title='bbox 341 3072 469 3159; x_wconf 89' lang='lat' dir='ltr'>ceptus</span> <span class='ocrx_word' id='word_1_189' title='bbox 495 3055 534 3130; x_wconf 92' lang='lat' dir='ltr'>in</span> <span class='ocrx_word' id='word_1_190' title='bbox 559 3054 699 3159; x_wconf 90' lang='lat' dir='ltr'>capella</span> <span class='ocrx_word' id='word_1_191' title='bbox 724 3054 861 3132; x_wconf 92' lang='lat' dir='ltr'>domus</span> <span class='ocrx_word' id='word_1_192' title='bbox 882 3055 1033 3160; x_wconf 89' lang='lat' dir='ltr'>Templi</span> <span class='ocrx_word' id='word_1_193' title='bbox 1060 3058 1106 3131; x_wconf 90' lang='lat' dir='ltr'>de</span> <span class='ocrx_word' id='word_1_194' title='bbox 1137 3055 1261 3130; x_wconf 90' lang='lat' dir='ltr'>lnsula</span> <span class='ocrx_word' id='word_1_195' title='bbox 1285 3054 1486 3143; x_wconf 77' lang='lat' dir='ltr'>bochardi,</span> <span class='ocrx_word' id='word_1_196' title='bbox 1505 3054 1604 3129; x_wconf 88' lang='lat' dir='ltr'>circa</span> <span class='ocrx_word' id='word_1_197' title='bbox 1625 3053 1762 3131; x_wconf 79' lang='lat' dir='ltr'>festum</span> 
     </span>
     <span class='ocr_line' id='line_1_21' title="bbox 342 3184 1766 3292; baseline 0.001 -34"><span class='ocrx_word' id='word_1_198' title='bbox 342 3184 547 3290; x_wconf 87' lang='lat' dir='ltr'>Epiphanie</span> <span class='ocrx_word' id='word_1_199' title='bbox 567 3185 737 3290; x_wconf 86' lang='lat' dir='ltr'>proximo</span> <span class='ocrx_word' id='word_1_200' title='bbox 758 3187 980 3290; x_wconf 90' lang='lat' dir='ltr'>preteritum</span> <span class='ocrx_word' id='word_1_201' title='bbox 998 3186 1153 3261; x_wconf 87' lang='lat' dir='ltr'>suerunt</span> <span class='ocrx_word' id='word_1_202' title='bbox 1173 3185 1360 3262; x_wconf 79' lang='lat' dir='ltr'>sexdecim</span> <span class='ocrx_word' id='word_1_203' title='bbox 1384 3185 1471 3258; x_wconf 90' lang='lat' dir='ltr'>anni</span> <span class='ocrx_word' id='word_1_204' title='bbox 1490 3184 1548 3260; x_wconf 91' lang='lat' dir='ltr'>vel</span> <span class='ocrx_word' id='word_1_205' title='bbox 1569 3184 1681 3273; x_wconf 88' lang='lat' dir='ltr'>circa,</span> <span class='ocrx_word' id='word_1_206' title='bbox 1698 3214 1766 3292; x_wconf 90' lang='lat' dir='ltr'>per</span> 
     </span>
     <span class='ocr_line' id='line_1_22' title="bbox 344 3312 1769 3419; baseline 0 -27"><span class='ocrx_word' id='word_1_207' title='bbox 344 3316 487 3392; x_wconf 91' lang='lat' dir='ltr'>dictum</span> <span class='ocrx_word' id='word_1_208' title='bbox 503 3312 654 3392; x_wconf 76' lang='lat' dir='ltr'>fratrem</span> <span class='ocrx_word' id='word_1_209' title='bbox 664 3315 873 3392; x_wconf 84' lang='lat' dir='ltr'>lobannem</span> <span class='ocrx_word' id='word_1_210' title='bbox 891 3316 938 3392; x_wconf 90' lang='lat' dir='ltr'>de</span> <span class='ocrx_word' id='word_1_211' title='bbox 954 3317 1089 3393; x_wconf 88' lang='lat' dir='ltr'>Sancto</span> <span class='ocrx_word' id='word_1_212' title='bbox 1100 3315 1325 3402; x_wconf 79' lang='lat' dir='ltr'>Benedicta,</span> <span class='ocrx_word' id='word_1_213' title='bbox 1339 3315 1577 3419; x_wconf 88' lang='lat' dir='ltr'>presentibus</span> <span class='ocrx_word' id='word_1_214' title='bbox 1591 3314 1769 3393; x_wconf 86' lang='lat' dir='ltr'>fratribus</span> 
     </span>
     <span class='ocr_line' id='line_1_23' title="bbox 342 3445 1769 3550; baseline 0.001 -29"><span class='ocrx_word' id='word_1_215' title='bbox 342 3446 511 3523; x_wconf 90' lang='lat' dir='ltr'>lohanue</span> <span class='ocrx_word' id='word_1_216' title='bbox 527 3446 694 3521; x_wconf 84' lang='lat' dir='ltr'>Durandi</span> <span class='ocrx_word' id='word_1_217' title='bbox 708 3445 894 3550; x_wconf 87' lang='lat' dir='ltr'>predicto,</span> <span class='ocrx_word' id='word_1_218' title='bbox 917 3463 954 3522; x_wconf 92' lang='lat' dir='ltr'>et</span> <span class='ocrx_word' id='word_1_219' title='bbox 974 3445 1183 3522; x_wconf 90' lang='lat' dir='ltr'>Guillelmo</span> <span class='ocrx_word' id='word_1_220' title='bbox 1207 3446 1254 3521; x_wconf 90' lang='lat' dir='ltr'>de</span> <span class='ocrx_word' id='word_1_221' title='bbox 1275 3449 1409 3524; x_wconf 91' lang='lat' dir='ltr'>Munac</span> <span class='ocrx_word' id='word_1_222' title='bbox 1427 3446 1629 3534; x_wconf 84' lang='lat' dir='ltr'>serviente,</span> <span class='ocrx_word' id='word_1_223' title='bbox 1644 3447 1769 3523; x_wconf 88' lang='lat' dir='ltr'>Turo-</span> 
     </span>
     <span class='ocr_line' id='line_1_24' title="bbox 344 3574 1770 3681; baseline 0.002 -32"><span class='ocrx_word' id='word_1_224' title='bbox 344 3576 468 3652; x_wconf 89' lang='lat' dir='ltr'>nensis</span> <span class='ocrx_word' id='word_1_225' title='bbox 487 3575 664 3660; x_wconf 87' lang='lat' dir='ltr'>diocesis‚</span> <span class='ocrx_word' id='word_1_226' title='bbox 683 3603 795 3681; x_wconf 88' lang='lat' dir='ltr'>quem</span> <span class='ocrx_word' id='word_1_227' title='bbox 816 3575 935 3652; x_wconf 89' lang='lat' dir='ltr'>credit</span> <span class='ocrx_word' id='word_1_228' title='bbox 949 3575 1081 3652; x_wconf 90' lang='lat' dir='ltr'>vivere.</span> <span class='ocrx_word' id='word_1_229' title='bbox 1099 3578 1191 3651; x_wconf 90' lang='lat' dir='ltr'>ltem</span> <span class='ocrx_word' id='word_1_230' title='bbox 1212 3574 1304 3651; x_wconf 88' lang='lat' dir='ltr'>vidit</span> <span class='ocrx_word' id='word_1_231' title='bbox 1322 3576 1436 3681; x_wconf 91' lang='lat' dir='ltr'>recipi</span> <span class='ocrx_word' id='word_1_232' title='bbox 1458 3574 1607 3651; x_wconf 83' lang='lat' dir='ltr'>fratrem</span> <span class='ocrx_word' id='word_1_233' title='bbox 1623 3574 1770 3652; x_wconf 81' lang='lat' dir='ltr'>Gaulri-</span> 
     </span>
     <span class='ocr_line' id='line_1_25' title="bbox 346 3706 1769 3811; baseline -0.001 -29"><span class='ocrx_word' id='word_1_234' title='bbox 346 3706 435 3782; x_wconf 90' lang='lat' dir='ltr'>dum</span> <span class='ocrx_word' id='word_1_235' title='bbox 456 3707 503 3783; x_wconf 89' lang='lat' dir='ltr'>dc</span> <span class='ocrx_word' id='word_1_236' title='bbox 517 3708 670 3783; x_wconf 89' lang='lat' dir='ltr'>Tencen</span> <span class='ocrx_word' id='word_1_237' title='bbox 685 3706 917 3782; x_wconf 88' lang='lat' dir='ltr'>Turonensis</span> <span class='ocrx_word' id='word_1_238' title='bbox 933 3706 1108 3794; x_wconf 87' lang='lat' dir='ltr'>diocesis,</span> <span class='ocrx_word' id='word_1_239' title='bbox 1127 3722 1261 3781; x_wconf 89' lang='lat' dir='ltr'>testem</span> <span class='ocrx_word' id='word_1_240' title='bbox 1282 3735 1395 3811; x_wconf 89' lang='lat' dir='ltr'>supra</span> <span class='ocrx_word' id='word_1_241' title='bbox 1414 3707 1683 3793; x_wconf 82' lang='lat' dir='ltr'>examinatum,</span> <span class='ocrx_word' id='word_1_242' title='bbox 1700 3735 1769 3811; x_wconf 93' lang='lat' dir='ltr'>per</span> 
     </span>
     <span class='ocr_line' id='line_1_26' title="bbox 345 3836 1766 3943; baseline 0 -32"><span class='ocrx_word' id='word_1_243' title='bbox 345 3836 487 3912; x_wconf 88' lang='lat' dir='ltr'>dictum</span> <span class='ocrx_word' id='word_1_244' title='bbox 505 3837 657 3913; x_wconf 82' lang='lat' dir='ltr'>fratrem</span> <span class='ocrx_word' id='word_1_245' title='bbox 676 3837 887 3913; x_wconf 89' lang='lat' dir='ltr'>Jobannem</span> <span class='ocrx_word' id='word_1_246' title='bbox 915 3836 962 3912; x_wconf 89' lang='lat' dir='ltr'>de</span> <span class='ocrx_word' id='word_1_247' title='bbox 980 3839 1116 3914; x_wconf 89' lang='lat' dir='ltr'>Sancto</span> <span class='ocrx_word' id='word_1_248' title='bbox 1137 3837 1358 3926; x_wconf 89' lang='lat' dir='ltr'>Benedict0,</span> <span class='ocrx_word' id='word_1_249' title='bbox 1381 3837 1419 3911; x_wconf 92' lang='lat' dir='ltr'>in</span> <span class='ocrx_word' id='word_1_250' title='bbox 1441 3837 1601 3943; x_wconf 90' lang='lat' dir='ltr'>quadam</span> <span class='ocrx_word' id='word_1_251' title='bbox 1623 3865 1766 3912; x_wconf 88' lang='lat' dir='ltr'>camera</span> 
     </span>
     <span class='ocr_line' id='line_1_27' title="bbox 346 3964 1770 4074; baseline -0.001 -32"><span class='ocrx_word' id='word_1_252' title='bbox 346 3966 481 4044; x_wconf 84' lang='lat' dir='ltr'>domus</span> <span class='ocrx_word' id='word_1_253' title='bbox 494 3968 643 4074; x_wconf 91' lang='lat' dir='ltr'>Templi</span> <span class='ocrx_word' id='word_1_254' title='bbox 662 3967 709 4042; x_wconf 90' lang='lat' dir='ltr'>de</span> <span class='ocrx_word' id='word_1_255' title='bbox 727 3966 850 4042; x_wconf 92' lang='lat' dir='ltr'>Insula</span> <span class='ocrx_word' id='word_1_256' title='bbox 867 3966 1071 4054; x_wconf 90' lang='lat' dir='ltr'>Bochardi‚</span> <span class='ocrx_word' id='word_1_257' title='bbox 1096 3968 1133 4041; x_wconf 94' lang='lat' dir='ltr'>in</span> <span class='ocrx_word' id='word_1_258' title='bbox 1158 3966 1308 4042; x_wconf 88' lang='lat' dir='ltr'>instanti</span> <span class='ocrx_word' id='word_1_259' title='bbox 1330 3965 1424 4041; x_wconf 82' lang='lat' dir='ltr'>sesto</span> <span class='ocrx_word' id='word_1_260' title='bbox 1441 3964 1676 4042; x_wconf 86' lang='lat' dir='ltr'>Ascensionis</span> <span class='ocrx_word' id='word_1_261' title='bbox 1689 3966 1770 4041; x_wconf 90' lang='lat' dir='ltr'>Do-</span> 
     </span>
     <span class='ocr_line' id='line_1_28' title="bbox 345 4093 1766 4201; baseline -0.002 -31"><span class='ocrx_word' id='word_1_262' title='bbox 345 4096 437 4171; x_wconf 87' lang='lat' dir='ltr'>mini</span> <span class='ocrx_word' id='word_1_263' title='bbox 451 4113 561 4173; x_wconf 90' lang='lat' dir='ltr'>erunt</span> <span class='ocrx_word' id='word_1_264' title='bbox 574 4123 621 4175; x_wconf 85' lang='lat' dir='ltr'>xv</span> <span class='ocrx_word' id='word_1_265' title='bbox 637 4097 723 4171; x_wconf 90' lang='lat' dir='ltr'>anni</span> <span class='ocrx_word' id='word_1_266' title='bbox 738 4096 794 4171; x_wconf 89' lang='lat' dir='ltr'>vel</span> <span class='ocrx_word' id='word_1_267' title='bbox 815 4096 928 4184; x_wconf 91' lang='lat' dir='ltr'>circa,</span> <span class='ocrx_word' id='word_1_268' title='bbox 946 4095 1186 4201; x_wconf 91' lang='lat' dir='ltr'>presentibus</span> <span class='ocrx_word' id='word_1_269' title='bbox 1201 4095 1377 4171; x_wconf 82' lang='lat' dir='ltr'>fratribus</span> <span class='ocrx_word' id='word_1_270' title='bbox 1393 4093 1563 4169; x_wconf 85' lang='lat' dir='ltr'>lohanne</span> <span class='ocrx_word' id='word_1_271' title='bbox 1580 4093 1766 4180; x_wconf 91' lang='lat' dir='ltr'>Durandi‚</span> 
     </span>
     <span class='ocr_line' id='line_1_29' title="bbox 346 4221 1771 4332; baseline -0.005 -31"><span class='ocrx_word' id='word_1_272' title='bbox 346 4242 382 4301; x_wconf 86' lang='lat' dir='ltr'>et</span> <span class='ocrx_word' id='word_1_273' title='bbox 398 4224 605 4304; x_wconf 87' lang='lat' dir='ltr'>Guillelmo</span> <span class='ocrx_word' id='word_1_274' title='bbox 619 4227 754 4303; x_wconf 88' lang='lat' dir='ltr'>Munac</span> <span class='ocrx_word' id='word_1_275' title='bbox 773 4225 967 4332; x_wconf 84' lang='lat' dir='ltr'>predictis,</span> <span class='ocrx_word' id='word_1_276' title='bbox 992 4254 1035 4300; x_wconf 89' lang='lat' dir='ltr'>ac</span> <span class='ocrx_word' id='word_1_277' title='bbox 1050 4223 1219 4304; x_wconf 92' lang='lat' dir='ltr'>Gerardo</span> <span class='ocrx_word' id='word_1_278' title='bbox 1238 4225 1285 4300; x_wconf 90' lang='lat' dir='ltr'>de</span> <span class='ocrx_word' id='word_1_279' title='bbox 1305 4226 1433 4330; x_wconf 83' lang='lat' dir='ltr'>Nonay</span> <span class='ocrx_word' id='word_1_280' title='bbox 1450 4222 1643 4327; x_wconf 90' lang='lat' dir='ltr'>quondam</span> <span class='ocrx_word' id='word_1_281' title='bbox 1660 4221 1771 4300; x_wconf 91' lang='lat' dir='ltr'>Vien-</span> 
     </span>
     <span class='ocr_line' id='line_1_30' title="bbox 345 4352 1773 4459; baseline -0.002 -30"><span class='ocrx_word' id='word_1_282' title='bbox 345 4355 469 4432; x_wconf 88' lang='lat' dir='ltr'>nensis</span> <span class='ocrx_word' id='word_1_283' title='bbox 484 4354 653 4432; x_wconf 90' lang='lat' dir='ltr'>diocesis.</span> <span class='ocrx_word' id='word_1_284' title='bbox 663 4356 767 4435; x_wconf 88' lang='lat' dir='ltr'>Vidit</span> <span class='ocrx_word' id='word_1_285' title='bbox 778 4355 894 4431; x_wconf 89' lang='lat' dir='ltr'>eciam</span> <span class='ocrx_word' id='word_1_286' title='bbox 904 4356 1020 4459; x_wconf 93' lang='lat' dir='ltr'>recipi</span> <span class='ocrx_word' id='word_1_287' title='bbox 1033 4354 1184 4430; x_wconf 79' lang='lat' dir='ltr'>fratrem</span> <span class='ocrx_word' id='word_1_288' title='bbox 1193 4353 1443 4432; x_wconf 90' lang='lat' dir='ltr'>Guillelmum</span> <span class='ocrx_word' id='word_1_289' title='bbox 1457 4352 1504 4427; x_wconf 91' lang='lat' dir='ltr'>de</span> <span class='ocrx_word' id='word_1_290' title='bbox 1517 4353 1773 4428; x_wconf 89' lang='lat' dir='ltr'>SanctoBene·</span> 
     </span>
     <span class='ocr_line' id='line_1_31' title="bbox 345 4479 1773 4593; baseline -0.005 -31"><span class='ocrx_word' id='word_1_291' title='bbox 345 4486 461 4573; x_wconf 89' lang='lat' dir='ltr'>dicto,</span> <span class='ocrx_word' id='word_1_292' title='bbox 485 4486 804 4593; x_wconf 83' lang='lat' dir='ltr'>consanguineum</span> <span class='ocrx_word' id='word_1_293' title='bbox 826 4485 941 4591; x_wconf 91' lang='lat' dir='ltr'>ipsius</span> <span class='ocrx_word' id='word_1_294' title='bbox 955 4486 1076 4571; x_wconf 89' lang='lat' dir='ltr'>testis,</span> <span class='ocrx_word' id='word_1_295' title='bbox 1090 4486 1154 4590; x_wconf 93' lang='lat' dir='ltr'>qui</span> <span class='ocrx_word' id='word_1_296' title='bbox 1170 4484 1362 4560; x_wconf 90' lang='lat' dir='ltr'>detinetur</span> <span class='ocrx_word' id='word_1_297' title='bbox 1381 4481 1562 4567; x_wconf 88' lang='lat' dir='ltr'>Turonis,</span> <span class='ocrx_word' id='word_1_298' title='bbox 1578 4480 1617 4555; x_wconf 89' lang='lat' dir='ltr'>in</span> <span class='ocrx_word' id='word_1_299' title='bbox 1631 4479 1773 4586; x_wconf 88' lang='lat' dir='ltr'>capella</span> 
     </span>
     <span class='ocr_line' id='line_1_32' title="bbox 346 4610 1770 4723; baseline -0.004 -32"><span class='ocrx_word' id='word_1_300' title='bbox 346 4615 482 4693; x_wconf 90' lang='lat' dir='ltr'>domus</span> <span class='ocrx_word' id='word_1_301' title='bbox 491 4616 641 4723; x_wconf 91' lang='lat' dir='ltr'>Templi</span> <span class='ocrx_word' id='word_1_302' title='bbox 659 4618 705 4692; x_wconf 93' lang='lat' dir='ltr'>de</span> <span class='ocrx_word' id='word_1_303' title='bbox 720 4616 949 4694; x_wconf 90' lang='lat' dir='ltr'>Molendinis</span> <span class='ocrx_word' id='word_1_304' title='bbox 960 4615 1180 4691; x_wconf 90' lang='lat' dir='ltr'>Pictavensis</span> <span class='ocrx_word' id='word_1_305' title='bbox 1191 4613 1367 4699; x_wconf 87' lang='lat' dir='ltr'>diocesis,</span> <span class='ocrx_word' id='word_1_306' title='bbox 1380 4641 1448 4717; x_wconf 89' lang='lat' dir='ltr'>per</span> <span class='ocrx_word' id='word_1_307' title='bbox 1462 4610 1604 4687; x_wconf 87' lang='lat' dir='ltr'>dictum</span> <span class='ocrx_word' id='word_1_308' title='bbox 1619 4610 1770 4687; x_wconf 86' lang='lat' dir='ltr'>fratrem</span> 
     </span>
     <span class='ocr_line' id='line_1_33' title="bbox 345 4741 1771 4848; baseline -0.004 -24"><span class='ocrx_word' id='word_1_309' title='bbox 345 4746 558 4824; x_wconf 88' lang='lat' dir='ltr'>Johannem</span> <span class='ocrx_word' id='word_1_310' title='bbox 575 4747 622 4822; x_wconf 90' lang='lat' dir='ltr'>de</span> <span class='ocrx_word' id='word_1_311' title='bbox 643 4748 778 4824; x_wconf 87' lang='lat' dir='ltr'>Sancto</span> <span class='ocrx_word' id='word_1_312' title='bbox 799 4746 1020 4834; x_wconf 89' lang='lat' dir='ltr'>Benedict0,</span> <span class='ocrx_word' id='word_1_313' title='bbox 1047 4745 1143 4821; x_wconf 90' lang='lat' dir='ltr'>circa</span> <span class='ocrx_word' id='word_1_314' title='bbox 1163 4744 1300 4819; x_wconf 83' lang='lat' dir='ltr'>festum</span> <span class='ocrx_word' id='word_1_315' title='bbox 1323 4742 1421 4819; x_wconf 90' lang='lat' dir='ltr'>beati</span> <span class='ocrx_word' id='word_1_316' title='bbox 1449 4741 1579 4818; x_wconf 88' lang='lat' dir='ltr'>Hilarii</span> <span class='ocrx_word' id='word_1_317' title='bbox 1599 4742 1771 4848; x_wconf 87' lang='lat' dir='ltr'>proximo</span> 
     </span>
     <span class='ocr_line' id='line_1_34' title="bbox 344 4870 1775 4983; baseline -0.006 -29"><span class='ocrx_word' id='word_1_318' title='bbox 344 4877 567 4982; x_wconf 83' lang='lat' dir='ltr'>preteritum</span> <span class='ocrx_word' id='word_1_319' title='bbox 577 4875 730 4953; x_wconf 83' lang='lat' dir='ltr'>luerunt</span> <span class='ocrx_word' id='word_1_320' title='bbox 745 4876 914 4983; x_wconf 89' lang='lat' dir='ltr'>quinque</span> <span class='ocrx_word' id='word_1_321' title='bbox 929 4877 1017 4952; x_wconf 89' lang='lat' dir='ltr'>anni</span> <span class='ocrx_word' id='word_1_322' title='bbox 1032 4874 1088 4952; x_wconf 90' lang='lat' dir='ltr'>vel</span> <span class='ocrx_word' id='word_1_323' title='bbox 1108 4875 1218 4960; x_wconf 90' lang='lat' dir='ltr'>circa,</span> <span class='ocrx_word' id='word_1_324' title='bbox 1232 4872 1472 4979; x_wconf 88' lang='lat' dir='ltr'>presentibus</span> <span class='ocrx_word' id='word_1_325' title='bbox 1485 4871 1663 4948; x_wconf 88' lang='lat' dir='ltr'>fratribus</span> <span class='ocrx_word' id='word_1_326' title='bbox 1673 4870 1775 4949; x_wconf 90' lang='lat' dir='ltr'>Guil-</span> 
     </span>
    </p>
   </div>
   <div class='ocr_carea' id='block_1_5' title="bbox 451 5005 1625 5076">
    <p class='ocr_par' dir='ltr' id='par_1_5' title="bbox 451 5005 1625 5076">
     <span class='ocr_line' id='line_1_35' title="bbox 451 5005 1625 5076; baseline -0.006 -3"><span class='ocrx_word' id='word_1_327' title='bbox 451 5011 562 5074; x_wconf 78' lang='lat' dir='ltr'>rnoclts</span> <span class='ocrx_word' id='word_1_328' title='bbox 583 5033 637 5075; x_wconf 81' lang='lat' dir='ltr'>ees</span> <span class='ocrx_word' id='word_1_329' title='bbox 659 5033 832 5076; x_wconf 77' lang='lat' dir='ltr'>reveniens.</span> <span class='ocrx_word' id='word_1_330' title='bbox 848 5049 889 5058; x_wconf 93' lang='lat'><em>-</em></span> <span class='ocrx_word' id='word_1_331' title='bbox 905 5033 939 5072; x_wconf 86' lang='lat' dir='ltr'>n.</span> <span class='ocrx_word' id='word_1_332' title='bbox 1588 5005 1625 5066; x_wconf 80' lang='lat'>13</span> 
     </span>
    </p>
   </div>
   <div class='ocr_carea' id='block_1_6' title="bbox 0 0 2134 5940">
    <p class='ocr_par' dir='ltr' id='par_1_6' title="bbox 0 0 2134 5940">
     <span class='ocr_line' id='line_1_36' title="bbox 0 0 2134 5940; baseline 0 0"><span class='ocrx_word' id='word_1_333' title='bbox 0 0 2134 5940; x_wconf 95' lang='lat' dir='ltr'> </span> 
     </span>
    </p>
   </div>
  </div>
 </body>
</html>
