4236 5948
346 507 393 578 u
733 485 927 577 ruocus
955 504 1049 574 uns
1076 503 1380 574 rnurnrnns.

344 676 529 735 mensem,
552 647 708 753 repetita
728 645 1001 752 protestacione
1021 642 1127 750 quod
1147 671 1224 719 non
1246 641 1409 719 intendit
1428 640 1602 719 recedere
1621 672 1640 718 a
1658 643 1771 751 depo·

345 779 483 854 sicione
505 806 572 883 per
599 806 685 853 eum
710 776 803 852 lacta
824 804 948 852 coram
979 775 1079 850 dicto
1110 773 1266 849 domino
1292 773 1586 878 archiepiscope,
1606 774 1712 850 lectis
1733 794 1770 850 et

349 907 549 1015 diligenter
574 908 750 1014 expositis
774 907 845 984 sibi
867 905 1044 983 omnibus
1070 922 1107 980 et
1133 903 1289 1011 singulis
1309 903 1491 992 articulis,
1514 905 1710 1008 respondit
1729 933 1768 979 se

344 1040 506 1126 nescire,
530 1067 599 1115 nec
620 1039 789 1126 credere,
807 1066 876 1113 nec
892 1036 1076 1112 audivisse
1093 1035 1167 1111 dici
1187 1036 1234 1112 de
1250 1035 1436 1113 contentis
1452 1035 1490 1109 in
1508 1034 1561 1109 eis
1579 1035 1649 1110 nisi
1665 1036 1770 1140 quod

343 1171 526 1275 sequitur.
552 1171 653 1246 Dixit
678 1197 812 1274 nempe
838 1198 877 1245 se
902 1167 1016 1244 luisse
1042 1183 1253 1272 receptum,
1273 1164 1371 1243 eirca
1400 1163 1537 1241 festum
1563 1165 1768 1241 Natiuitatis

244 1376 248 1387 ,
343 1300 496 1376 Domini
522 1302 691 1407 proximo
716 1300 936 1405 preteritum
965 1297 1119 1374 luerunt
1150 1323 1220 1373 xxx
1245 1296 1333 1373 unni
1365 1312 1402 1372 et
1431 1295 1533 1401 plus,
1561 1295 1599 1369 in
1627 1295 1768 1400 capella

343 1431 481 1507 domus
500 1431 632 1537 templi
654 1431 700 1505 de
723 1430 927 1505 Somorens
946 1426 1208 1504 Ambianensis
1229 1426 1404 1514 diocesis,
1425 1454 1494 1530 per
1513 1424 1665 1501 fratrem
1686 1424 1768 1502 Gal-

342 1579 466 1636 terum
486 1561 608 1635 d'Este
629 1559 822 1665 quondam
840 1558 1016 1643 militem,
1038 1572 1129 1631 tunc
1149 1572 1410 1661 preceptorem
1433 1555 1480 1630 de
1501 1556 1673 1645 Pontivo,
1692 1585 1771 1661 pre-

343 1691 511 1768 sentibus
539 1689 715 1765 lratribus
739 1687 940 1793 Radulpbo
972 1687 1018 1762 de
1046 1688 1202 1793 Sorney,
1224 1686 1363 1761 Jacobo
1390 1684 1437 1761 de
1464 1685 1596 1760 Rubeo
1617 1687 1767 1775 Monte,

342 1821 610 1899 Bartholomeo
639 1821 685 1896 de
710 1819 805 1926 Cays
825 1835 864 1894 et
883 1817 1048 1895 Roberto
1065 1818 1112 1893 de
1130 1816 1239 1892 Rozis
1260 1815 1482 1903 deffunctis;
1505 1845 1524 1890 a
1544 1843 1623 1921 quo
1643 1817 1770 1921 petitis

342 1981 437 2059 pane
456 1970 492 2028 et
508 1981 619 2059 aqua,
638 1951 813 2028 societate
831 1967 868 2025 et
882 1977 1046 2055 paupere
1061 1948 1196 2024 vestitu
1212 1947 1356 2022 ordinis
1370 1975 1496 2024 amore
1509 1948 1579 2023 Dei
1596 1946 1666 2023 sibi
1684 1975 1772 2022 con-

343 2083 442 2169 cedi,
468 2100 506 2158 et
524 2109 704 2186 responso
726 2082 760 2157 ei
781 2081 886 2186 quod
907 2080 1006 2156 bene
1023 2078 1267 2165 deliberaret,
1284 2077 1418 2184 quiesi
1442 2077 1616 2169 intraret,
1639 2078 1763 2154 statim

343 2242 411 2318 pro
432 2213 599 2318 prolesso
627 2213 841 2296 haberetur,
869 2228 907 2286 et
931 2227 1120 2316 oporteret
1145 2237 1234 2284 eum
1258 2207 1439 2283 voluntati
1467 2206 1600 2314 subjici
1627 2208 1766 2294 aliene,

344 2360 380 2420 et
402 2345 520 2419 multa
541 2344 634 2419 dura
658 2360 695 2417 et
715 2370 843 2446 aspera
868 2342 1070 2428 sustinere,
1093 2367 1179 2415 cum
1202 2340 1280 2443 ipse
1309 2337 1413 2414 testis
1438 2338 1593 2415 instaret
1612 2367 1680 2444 pro
1701 2369 1770 2416 sua

342 2472 573 2577 recepcione,
604 2472 784 2578 imposuit
804 2472 838 2547 ei
858 2470 1098 2557 mantellum,
1122 2487 1159 2546 et
1176 2470 1256 2574 ipse
1273 2486 1311 2545 et
1326 2485 1488 2545 astantes
1508 2469 1663 2546 fuerunt
1679 2497 1767 2546 eum

343 2603 497 2679 osculati
523 2603 561 2678 in
584 2630 660 2679 ore.
689 2604 822 2678 Postea
847 2600 936 2677 lecit
955 2629 1043 2677 eum
1066 2627 1198 2677 vovere
1220 2616 1258 2675 et
1276 2599 1405 2704 jurare
1430 2628 1542 2706 super
1565 2601 1769 2706 quemdam

343 2731 482 2808 librum
502 2734 724 2821 castitatem,
747 2731 1024 2820 obedienciam,
1048 2747 1087 2806 et
1109 2730 1231 2806 vivere
1253 2729 1333 2805 sine
1354 2730 1518 2837 proprio.
1546 2729 1694 2807 Deinde
1719 2731 1769 2808 al-

313 2870 317 2881 '
340 2863 413 2936 lata
433 2889 637 2967 perunum
658 2889 701 2937 ex
730 2860 839 2937 dictis
859 2859 1051 2948 iratribus,
1077 2858 1197 2936 nescit
1219 2886 1287 2964 per
1314 2886 1445 2964 quem,
1471 2861 1636 2966 quadam
1657 2890 1770 2938 cruce

342 2990 480 3098 lignea,
502 2993 541 3068 in
560 3021 633 3097 qua
654 3019 732 3067 non
753 2991 886 3068 recolit
905 2990 936 3066 si
958 3006 1037 3066 erat
1052 3016 1187 3096 ymago
1208 2987 1402 3077 Crucifixi,
1425 2991 1520 3066 etin
1541 3009 1679 3068 terram
1700 3021 1767 3097 po-

342 3121 427 3207 sita,
448 3123 616 3233 precepit
638 3121 671 3197 ei
690 3121 795 3227 quod
811 3118 1014 3225 abnegaret
1031 3119 1156 3196 Deum
1177 3136 1215 3196 et
1237 3118 1374 3195 dictam
1393 3149 1540 3197 crucem
1562 3140 1601 3198 et
1615 3140 1768 3228 spueret

343 3278 456 3355 super
481 3279 583 3341 eam,
605 3250 693 3356 quia
718 3251 790 3326 boc
811 3247 974 3327 debebat
997 3247 1115 3326 lacere
1142 3249 1352 3326 secundum
1374 3269 1512 3356 puncta
1532 3253 1677 3329 ordinis
1700 3280 1768 3329 eo-

342 3407 453 3468 rum,
478 3397 515 3456 et
535 3381 614 3484 ipse
631 3380 753 3466 testis,
778 3379 818 3454 in
841 3378 1033 3485 presencia
1057 3378 1337 3484 predictorum,
1365 3381 1561 3489 abnegavit
1584 3382 1710 3459 Deum
1730 3401 1768 3460 et

345 3509 483 3586 dictam
504 3538 670 3599 crucem,
693 3511 847 3616 etspuit
858 3510 963 3618 juxta
981 3538 1059 3588 non
1081 3538 1196 3616 super
1222 3512 1360 3616 ipsam,
1384 3541 1448 3590 ore
1474 3542 1551 3591 non
1573 3514 1707 3603 corde3
1732 3533 1768 3591 et

343 3637 416 3716 suit
435 3668 524 3717 eum
543 3640 749 3727 osculatus,
771 3640 819 3719 de
839 3641 1018 3718 mandato
1033 3641 1150 3748 ipsius
1164 3643 1383 3748 receptoris,
1402 3645 1440 3719 in
1457 3644 1640 3722 umbilico
1656 3673 1768 3751 super

344 3773 545 3849 camisiam.
572 3772 674 3850 Dixit
693 3773 727 3848 ei
750 3772 905 3878 insuper
924 3772 1046 3879 quod,
1068 3773 1279 3851 secundum
1305 3774 1403 3852 dicta
1434 3794 1590 3881 puncta,
1621 3795 1768 3882 poterat

344 3902 540 3979 carnaliter
556 3902 790 3980 commisceri
811 3901 987 3979 fratribus
1010 3904 1173 3995 ordinis,
1197 3922 1235 3981 et
1254 3905 1325 4011 ipsi
1347 3934 1434 3981 cum
1459 3935 1528 3995 eo,
1548 3907 1621 3983 boc
1640 3925 1766 3985 tamen

345 4060 421 4108 non
448 4031 550 4120 lecit,
580 4061 649 4109 nec
675 4032 795 4109 credit
820 4032 926 4139 quod
953 4033 990 4108 in
1016 4035 1148 4111 ordine
1176 4034 1295 4112 lieret.
1322 4037 1592 4142 Requisitussi
1619 4037 1688 4114 scit
1711 4037 1769 4113 vel

345 4163 478 4249 credit,
497 4163 555 4238 vel
575 4163 716 4240 audivit
736 4163 827 4252 dici,
850 4162 955 4269 quod
974 4163 1077 4241 licita
1092 4166 1151 4243 vel
1166 4164 1298 4242 illicita
1315 4194 1390 4273 que
1412 4167 1589 4279 deposuit
1609 4167 1769 4245 interve-

344 4296 440 4369 nisse
467 4295 505 4367 in
531 4293 749 4399 recepcione
770 4321 836 4370 sua
857 4293 1126 4372 intervenirent
1151 4296 1403 4373 communiter
1423 4298 1461 4373 iu
1485 4297 1769 4404 recepcionibus

344 4424 503 4499 aliorum
528 4423 686 4499 lratrum
708 4422 870 4512 ordinis,
892 4425 1088 4530 respondit
1107 4428 1213 4532 quod
1235 4428 1315 4532 ipse
1334 4428 1478 4506 viderat
1497 4430 1613 4537 recipi
1634 4456 1769 4507 secun-

345 4553 436 4630 dum
462 4555 628 4630 eundem
653 4554 812 4632 modum
840 4555 990 4640 fratrem
1017 4556 1140 4635 Adam
1164 4559 1211 4636 de
1236 4558 1403 4653 lnlerno,
1433 4577 1568 4637 testem
1595 4561 1767 4666 proximo

290 4697 292 4700 ’
344 4685 611 4775 examinatum,
629 4715 696 4792 per
710 4685 862 4763 fratrem
878 4688 1090 4765 lohannem
1107 4688 1155 4765 de
1172 4690 1270 4766 Nans
1287 4690 1539 4796 presbiterum
1555 4690 1766 4797 quondam,

343 4844 409 4920 per
436 4842 554 4890 unum
576 4843 718 4893 annum
745 4816 803 4893 vel
824 4819 920 4894 circa
946 4836 1031 4894 ante
1051 4821 1268 4926 capcionem
1294 4848 1443 4910 eorum,
1470 4820 1509 4896 in
1534 4820 1675 4926 capella
1703 4821 1768 4899 do,
