4236 5948
579 517 776 610 rnocts
803 534 898 606 nas
924 530 1222 604 caueamus.
1565 528 1612 600 55

194 696 366 804 expositis
386 694 457 770 sibi
478 693 658 772 omnibus
678 711 716 770 et
742 691 899 800 singulis
919 689 1104 780 articulis,
1124 687 1320 795 respondit
1339 687 1450 792 qnod‘
1463 685 1612 763 nullum

193 829 307 905 alium
325 825 470 902 viderat
489 825 602 932 recipi
623 825 662 899 in
679 824 831 912 ordine,
854 848 925 898 nec
940 819 1112 929 capitulis
1131 817 1353 913 interfuerat
1372 819 1612 905 eorumdem,

194 956 294 1036 unde
317 983 386 1033 nec
410 953 566 1044 sciebat,
598 982 668 1030 nec
692 954 883 1045 credebat,
907 980 977 1028 nec
994 952 1185 1028 audiverat
1201 950 1273 1027 dici
1302 950 1348 1024 de
1372 951 1556 1028 contentis
1576 954 1615 1029 in

195 1088 312 1164 dictis·
327 1085 493 1162 articulis
513 1084 583 1160 nisi
604 1083 710 1191 quod
737 1083 919 1189 sequitur.
949 1080 1050 1158 Dixit
1074 1081 1174 1158 enim
1200 1108 1238 1158 se
1263 1078 1377 1157 fuisse
1404 1100 1614 1190 receptum,

195 1220 287 1294 circa
306 1215 451 1301 ‚testum
478 1213 661 1292 Omnium
688 1215 913 1291 Sanctorum
938 1212 1108 1318 proximo
1130 1212 1352 1317 preteritum
1378 1210 1532 1292 filerunt
1554 1243 1615 1292 vin

196 1349 279 1425 anni
292 1347 351 1424 vel
364 1347 474 1436 circa,
497 1347 537 1421 in
549 1344 711 1452 quadam
724 1344 808 1420 aula
823 1344 960 1420 domus
971 1342 1121 1448 Templi
1136 1344 1182 1419 de
1198 1343 1324 1421 Brolio
1338 1345 1617 1426 Cathalanensis
1705 1408 1709 1415 ,

196 1479 368 1565 diocesis,
390 1505 459 1583 per
478 1476 631 1552 fratrem
651 1476 832 1554 Poncium
854 1475 901 1550 de
923 1476 1055 1582 Longo
1069 1474 1213 1579 Campo
1226 1474 1401 1561 militem,
1424 1479 1617 1581 quondam

197 1627 453 1714 preceptorem
476 1607 574 1684 dicte
595 1606 748 1697 domus,
775 1604 1013 1711 presentibus
1033 1602 1209 1681 fratribus
1232 1605 1403 1683 iohanne
1425 1607 1472 1682 de
1492 1609 1616 1699 Buris,

196 1740 404 1845 presbitero
424 1739 524 1815 dicte
547 1738 700 1826 domus,
723 1754 760 1812 et
777 1735 942 1816 Geraldo
960 1735 1151 1827 servienti,
1175 1737 1281 1844 cujus
1296 1765 1505 1842 cognomen
1521 1740 1620 1847 igno

197 1888 265 1959 rat,
294 1871 361 1977 qui
389 1870 607 1947 morabatur
635 1868 733 1974 apud
767 1867 900 1945 Malam
931 1868 1113 1944 Domum
1132 1866 1302 1975 ejusdem
1330 1867 1512 1982 diocesis,
1540 1871 1620 1947 def-

198 1998 348 2085 functis;
380 2031 399 2075 a
428 2029 505 2106 quo
537 2016 730 2105 receptore
762 1997 873 2103 peciit
903 1997 1084 2079 instanter
1110 2013 1148 2073 et
1173 1995 1391 2104 frequenter
1421 2028 1555 2104 panem
1585 2020 1622 2077 et

199 2158 350 2236 aquarn,
378 2131 592 2207 societatem
615 2147 651 2207 et
677 2157 880 2234 pauperem
904 2129 1078 2205 vestitum
1100 2127 1259 2219 ordinis,
1282 2146 1319 2205 et
1342 2129 1389 2205 de
1415 2132 1620 2206 astancium

200 2260 353 2337 consilio
374 2260 444 2336 sibi
461 2261 659 2348 concessis,
682 2258 851 2365 predicto
873 2258 906 2334 ei
930 2259 1033 2363 quod
1053 2244 1150 2335 bene
1167 2259 1408 2347 deliberaret,
1425 2258 1512 2336 fecit
1534 2290 1620 2337 eum

198 2417 327 2466 vovere
343 2407 380 2464 et
391 2392 518 2499 jurare
534 2391 754 2480 castitatem,
773 2388 1045 2476 obedienciam,
1064 2390 1185 2481 vivere
1202 2391 1280 2466 sine
1293 2390 1464 2496 proprio,
1477 2419 1621 2468 servare

199 2518 317 2596 bonos
339 2549 427 2596 usus
446 2538 484 2596 et
505 2520 623 2595 bonas
644 2518 936 2596 consuetudines
957 2519 1116 2605 ordinis,
1140 2538 1177 2595 et
1202 2548 1278 2596 non
1299 2522 1461 2596 revelare
1482 2542 1621 2598 secreta

201 2652 465 2755 capitulorum
487 2668 525 2725 et
541 2651 718 2756 imposito
734 2648 805 2726 sibi
822 2648 1017 2739 mantello,
1039 2649 1100 2724 alii
1119 2649 1250 2727 fratres
1265 2652 1440 2740 astantes,
1464 2652 1531 2728 sed
1546 2683 1621 2730 non

202 2781 277 2886 ipse
292 2799 477 2887 receptor,
493 2781 646 2857 bierunt
664 2809 752 2856 eum
769 2779 925 2856 osculati
941 2779 1073 2854 inore.
1093 2782 1253 2885 Postque
1270 2781 1436 2886 precepit
1450 2783 1482 2857 ei
1502 2784 1624 2860 dictus

201 2929 370 3015 receptor
387 2910 493 3015 quod
506 2911 708 3018 abnegaret
728 2911 871 2998 Deum,
893 2925 930 2983 et
949 2909 1027 3013 ipse
1048 2909 1242 3015 abnegavit
1261 2938 1326 2985 ore
1343 2937 1419 2985 non
1435 2914 1564 3001 corde,
1587 2931 1624 2989 et

200 3039 304 3147 quod
318 3057 470 3147 spueret
482 3068 597 3147 super
608 3041 810 3146 quamdam
827 3067 976 3115 crucem
992 3037 1237 3129 metallinam,
1257 3041 1293 3115 in
1308 3070 1382 3147 qua
1398 3058 1476 3117 erat
1490 3071 1623 3150 ymago

202 3170 391 3256 Crucifixi,
415 3172 578 3276 *positam
613 3199 725 3275 super
748 3171 914 3276 quodam
938 3186 1065 3275 tapeto
1094 3170 1141 3245 ad
1165 3187 1319 3260 terram,
1334 3189 1384 3248 et
1413 3173 1491 3279 ipse
1521 3175 1624 3250 testis

202 3301 302 3405 spuit
332 3327 408 3378 non
432 3327 541 3406 snpra
564 3301 630 3377 sed
653 3302 772 3407 juxta3
804 3301 871 3377 sed
901 3328 977 3377 non
1001 3298 1150 3388 recolit,
1181 3317 1224 3375 ut
1249 3301 1443 3408 respondit
1474 3304 1626 3409 requisi-

202 3449 279 3517 tus,
295 3432 559 3538 anabnegacio
578 3432 812 3536 spuicionem
825 3432 1048 3536 precesserit
1060 3431 1117 3507 vel
1133 3432 1374 3508 contrarium.
1393 3434 1495 3510 Dixit
1508 3437 1624 3512 eciam

204 3560 322 3666 quod,
340 3561 387 3638 de
400 3562 490 3638 dicti
508 3561 712 3666 recepturis
727 3562 923 3648 mandato,
940 3560 1010 3637 filit
1026 3589 1113 3637 eum
1135 3561 1337 3648 osculatus,
1360 3563 1493 3668 pannis
1513 3565 1627 3641 inter-

204 3691 353 3779 mediis,
379 3692 478 3767 inter
500 3690 667 3768 braccale
694 3710 731 3768 et
755 3720 906 3782 zonam,
934 3709 971 3769 et
993 3691 1110 3767 credit
1130 3693 1233 3798 quod
1254 3692 1419 3798 predicta
1442 3694 1567 3770 illicita
1591 3713 1627 3771 et

205 3847 280 3896 non
299 3821 369 3897 alia
384 3821 654 3898 intervenirent
669 3822 922 3898 communiter
940 3823 979 3898 in
995 3821 1279 3929 recepcionibus
1294 3823 1455 3900 aliorum
1470 3825 1626 3901 fratrum

208 3949 362 4038 ordinis,
375 3950 655 4057 quieredebant-
667 3949 922 4028 ecclesiasticis
937 3952 1191 4041 sacramentis,
1209 3952 1305 4029 sicut
1315 3952 1448 4041 credit,
1464 3983 1625 4060 quorum

208 4079 320 4154 eciam
344 4080 556 4158 sacerdotes
580 4079 708 4162 debite
734 4079 986 4168 celebrabant,
1021 4098 1065 4157 ut
1094 4081 1251 4157 estimat.
1284 4082 1424 4157 Juravit
1454 4082 1627 4157 ordinem

208 4238 280 4287 non
306 4213 421 4303 exire,
446 4213 602 4291 credens
622 4215 728 4320 quod
748 4212 810 4289 alii
834 4214 936 4289 idem
954 4215 1151 4321 jurarent,
1167 4206 1205 4290 et
1225 4214 1329 4319 quod
1351 4214 1627 4320 esset-suspicio

208 4347 423 4420 contra'eos
446 4345 533 4448 quia
556 4322 785 4420 clandestine
806 4342 1093 4448 recipiebantur,
1120 4361 1156 4419 et
1177 4343 1290 4449 qnod·
1305 4342 1459 4420 cordule
1479 4346 1627 4449 sumpte

209 4472 309 4549 unde
325 4475 516 4562 volebant,
536 4474 676 4582 quibus
692 4473 940 4580 cingebantur
954 4500 1068 4578 super
1082 4473 1250 4550 camisias
1270 4501 1354 4549 curn
1376 4472 1515 4578 quibus
1528 4470 1630 4582 jace-

209 4601 309 4695 bant,
325 4632 403 4681 non
412 4622 608 4711 tangerent
618 4605 736 4711 capita
745 4604 958 4712 ydolorum.
970 4604 1184 4711 lnjunctum
1198 4603 1270 4680 fuit
1282 4603 1315 4678 ei
1327 4602 1432 4708 quod
1446 4629 1521 4679 non
1534 4632 1632 4679 reve-

210 4731 302 4810 laret
314 4735 473 4812 modurn
486 4763 552 4812 sue
563 4735 810 4840 recepcionis,
825 4733 872 4809 de
886 4759 963 4838 quo
976 4731 1047 4808 fuit
1059 4731 1250 4809 confessus
1261 4732 1361 4809 dicto
1374 4731 1582 4838 presbitero
1594 4750 1631 4807 et

211 4862 405 4940 absolutus
425 4867 472 4941 ab
489 4893 554 4952 θος
577 4882 615 4941 et
629 4864 811 4971 jejunavit
827 4863 936 4940 certis
956 4862 1091 4939 diebus
1114 4860 1183 4939 sibi
1208 4861 1393 4967 impositis
1414 4863 1452 4937 in
1477 4890 1572 4967 pane
1594 4879 1631 4937 et
