4236 5948
246 475 251 486 '
342 503 389 571 oe
729 480 922 572 rnocss
950 499 1044 570 oss
1070 497 1370 570 rsurnrsss.

339 643 605 718 convenienter
629 639 711 718 lteri
738 658 775 717 et
800 641 934 717 servari
956 639 994 714 in
1021 639 1198 716 domibus
1222 638 1364 715 ordinis
1390 637 1427 711 in
1454 636 1592 741 quibus
1621 639 1762 716 exstitit

341 792 609 858 commoratus,
626 789 664 849 et
673 772 824 878 capituli
837 774 932 849 clam
945 770 1083 857 teneri,
1102 769 1257 846 custode
1269 768 1696 872 posito,neaudirentur
1707 797 1762 847 er·

340 904 458 979 terius
476 931 550 1008 que
570 903 727 977 interius
743 902 959 1010 agebantur.
972 900 1152 977 Ordinata
1165 899 1463 1008 perMagistrum
1476 928 1561 973 cum
1576 917 1760 976 conventu

341 1052 518 1110 servasset
537 1051 639 1108 totus
661 1033 772 1123 ordo,
801 1048 929 1110 contra
953 1060 1067 1136 quem
1089 1059 1188 1107 nuno
1211 1030 1366 1136 grandia
1386 1028 1575 1120 scandala,
1599 1029 1761 1136 suspicio

342 1183 377 1240 et
395 1164 545 1240 infamia
564 1181 653 1289 spnt
668 1181 814 1252 exorta,
837 1163 883 1240 ad
900 1162 1005 1268 cujus
1021 1161 1293 1238 deffensionem
1311 1189 1350 1238 se
1371 1188 1448 1237 non
1469 1159 1670 1236 obtulerat.
1688 1163 1763 1237 Nec

341 1297 392 1373 sic
419 1298 642 1400 deposuerat
663 1322 788 1399 prece,
813 1310 1008 1399 precepto,
1033 1293 1187 1383 timore,
1210 1319 1353 1379 amore,
1372 1291 1477 1380 odio,
1491 1290 1549 1368 vel
1563 1290 1760 1396 temporali

341 1425 502 1500 comodo
532 1424 662 1500 habito
692 1424 749 1500 vel
777 1423 969 1512 habendo,
997 1423 1065 1499 sed
1092 1451 1160 1527 pro
1187 1422 1341 1498 veritate
1373 1420 1548 1509 dicenda,
1575 1436 1619 1494 ut
1644 1420 1757 1508 dixit,

342 1557 400 1631 cui
426 1554 497 1631 fuit
526 1555 737 1661 injunctum
763 1554 868 1660 quod
900 1580 976 1628 non
1004 1552 1185 1630 revelaret
1203 1553 1299 1627 hanc
1319 1580 1424 1628 suam
1455 1551 1761 1655 ‹leposicionem,

342 1715 540 1791 quousque
562 1685 822 1763 attestaciones
843 1664 984 1762 luerint
1004 1684 1203 1790 publicato.

399 1815 488 1891 Acta
517 1816 673 1893 luerunt
706 1817 776 1892 hec
811 1817 872 1892 die
904 1833 941 1892 et
965 1817 1049 1892 loco
1079 1814 1273 1920 predictis,
1312 1811 1549 1918 presentibus
1584 1814 1761 1919 magistro

343 1947 501 2035 Amisio,
536 1975 597 2023 me
631 1947 862 2024 Florimonte
895 1945 1111 2032 Dondedei,
1141 1963 1179 2023 et
1205 1945 1286 2020 aliis
1311 1943 1463 2020 notariis
1491 1970 1600 2048 supra
1629 1943 1763 2020 ultimo

343 2076 558 2154 nominatis.

402 2340 595 2427 Posthac,
626 2341 687 2415 die
715 2341 841 2416 Martis
866 2341 1055 2445 sequenti,
1079 2368 1153 2444 que
1181 2337 1252 2414 luit
1284 2366 1369 2415 xxrn
1400 2339 1480 2414 dies
1509 2338 1597 2415 dicti
1625 2340 1766 2417 mensis

347 2471 492 2559 Marcii,
519 2470 590 2546 luit
619 2469 805 2546 adductus
827 2470 875 2545 ad
900 2469 1132 2575 presenciam
1158 2468 1380 2544 eorumdem
1402 2468 1644 2544 dominorum
1665 2498 1767 2546 com-

347 2600 598 2676 missariorum
618 2617 655 2675 et
670 2599 815 2675 domini
833 2599 994 2687 Matlrei,
1017 2599 1055 2673 in
1071 2599 1204 2675 eadem
1222 2598 1338 2674 domo
1358 2598 1503 2674 domini
1520 2599 1618 2673 Petri
1641 2599 1687 2674 de
1707 2599 1768 2677 Sa·

346 2730 502 2829 baudia,
525 2720 637 2806 lrater
666 2729 798 2806 Petrus
826 2730 872 2805 de
895 2730 1029 2806 Sancto
1052 2729 1257 2805 Benedicto
1286 2728 1466 2816 serviens,
1487 2727 1768 2806 Aurelianensis

344 2860 524 2948 diocesis,
541 2861 646 2936 testis
656 2888 768 2965 supra
777 2860 946 2966 juratus,
970 2876 1012 2936 ut
1034 2860 1241 2965 deponeret
1261 2859 1405 2935 dictum
1422 2887 1549 2947 suum;
1562 2860 1768 2968 quadrage-

347 2991 472 3066 narius
496 2989 554 3065 vcl
579 2990 693 3079 circa,
719 2989 941 3065 mantellum
965 2990 1108 3066 ordinis
1130 2988 1167 3066 et
1183 2989 1338 3065 barbam
1361 2989 1563 3077 dellerens,
1590 3020 1675 3066 cum
1690 3019 1767 3096 quo

347 3120 568 3225 inquisitum
592 3118 725 3208 luerat,
742 3117 936 3195 absolutus
957 3138 994 3195 et
1015 3119 1277 3209 reconciliatus
1291 3149 1359 3224 per
1376 3119 1576 3197 dominum
1592 3120 1767 3228 archiepi-

346 3278 502 3355 scopum
541 3251 817 3325 Turonensem.
864 3250 984 3326 Lectis
1018 3269 1144 3326 autem
1177 3266 1214 3326 et
1248 3250 1450 3356 diligenter
1486 3250 1661 3355 expositis
1696 3249 1767 3328 sibi

348 3380 527 3456 omnibus
541 3377 745 3485 etsingulis
760 3379 946 3465 articulis,
967 3381 1162 3486 respondit
1177 3409 1216 3457 se
1239 3382 1400 3471 nescire,
1422 3409 1491 3458 nec
1511 3382 1681 3469 credere,
1700 3409 1768 3458 nec

348 3511 531 3587 audivisse
553 3509 625 3585 dici
651 3508 699 3586 de
724 3511 909 3586 contentis
928 3511 966 3586 in
994 3510 1047 3587 eis
1071 3510 1274 3617 nisiquod
1298 3512 1479 3618 sequitur.
1505 3513 1587 3618 lpse
1611 3510 1768 3617 quidem

348 3640 419 3716 luit
435 3658 607 3746 receptus
619 3641 657 3716 in
671 3640 811 3745 capella
827 3640 965 3719 domus
978 3640 1128 3747 Templi
1148 3643 1196 3719 de
1211 3640 1337 3719 Insula
1351 3642 1535 3719 Bochardi
1547 3642 1768 3720 Pictavensis

349 3771 523 3863 diocesis,
554 3789 642 3847 sunt
671 3798 731 3849 mu
756 3771 843 3851 anni
862 3773 920 3848 vel
944 3773 1054 3860 circa,
1079 3802 1146 3878 per
1175 3771 1328 3850 fratrem
1355 3775 1511 3851 Petrum
1542 3773 1588 3850 de
1622 3772 1768 3850 Madico

349 3902 540 4006 quondam
572 3901 750 3990 militem,
783 3920 873 3978 tunc
904 3902 1029 3979 locum
1058 3920 1249 3980 tenentem
1277 3904 1496 3993 visitatoris,
1530 3902 1770 4009 presentibus

349 4030 523 4107 fratribus
542 4030 714 4109 lohanne
737 4032 908 4110 Durandi
935 4035 987 4109 eri
1022 4035 1245 4125 examinato,
1266 4037 1425 4143 Hugone
1455 4036 1502 4112 de
1525 4037 1657 4113 Narsac
1683 4062 1770 4140 pre-

348 4161 565 4267 ceptorede
580 4161 773 4267 Espaucis,
794 4190 909 4267 quem
930 4164 1208 4255 creditvivere,
1231 4183 1268 4242 et
1283 4167 1453 4244 Jobanne
1475 4166 1523 4242 de
1542 4165 1678 4242 Sancto
1695 4165 1770 4241 Be-

349 4286 498 4366 nedicto
517 4270 840 4396 avunculoipsius
858 4293 980 4381 testis,
1003 4293 1210 4384 deffuncto,
1233 4313 1328 4373 teste
1348 4324 1461 4400 supra
1481 4294 1706 4385 examinato,
1728 4292 1768 4368 in

349 4415 451 4494 bunc
472 4420 632 4514 modum
655 4453 664 4497 ε
690 4449 777 4498 nam
809 4451 894 4498 curn
914 4423 1087 4528 periisset
1112 4452 1248 4531 panem
1270 4443 1308 4503 et
1332 4455 1468 4534 aquam
1493 4443 1532 4502 et
1551 4426 1770 4502 societatem

349 4545 505 4625 fratrum
527 4549 684 4643 ordinis,
715 4568 754 4627 et
775 4579 955 4658 responso
971 4554 1109 4632 ‘eidem
1136 4555 1239 4662 quod
1268 4556 1368 4633 bene
1404 4557 1652 4643 deliberaret,
1681 4555 1770 4662 quia

350 4692 647 4780 oporteroteum
677 4680 849 4758 abdicare
869 4711 889 4758 a
913 4712 951 4759 se
974 4685 1163 4790 propriam
1185 4685 1435 4774 voluntatem,
1456 4704 1494 4767 et
1517 4686 1637 4763 multa
1657 4685 1771 4762 susti·

351 4832 440 4886 nere
456 4806 503 4882 de
524 4808 663 4913 quibus
682 4838 759 4896 nou
775 4811 980 4920 cogitabat,
998 4842 1039 4890 ac
1051 4843 1231 4922 responso
1246 4844 1314 4922 per
1333 4845 1422 4893 eum
1438 4816 1542 4923 quod
1559 4816 1661 4921 ipse,
1682 4842 1770 4896 cum
