4236 5948
756 542 949 637 proces
976 559 1069 632 nes
1096 561 1394 634 innectens.
1712 569 1776 638 121

363 705 560 784 bebantur.
588 701 695 780 Clam
715 702 992 810 recipiebantur
1013 701 1125 779 nullis
1150 702 1290 780 scilicet
1309 701 1544 808 presentibus
1567 705 1637 780 nisi
1662 706 1784 783 lratri-

364 839 433 915 bns
462 834 617 912 ordinis.
635 833 810 911 Cordulis
831 831 1074 941 cingebantur
1094 862 1206 939 super
1226 834 1393 909 camisias
1418 864 1504 909 cnm
1531 837 1669 940 quibus
1684 839 1785 943 jace·
1860 828 1864 835 ⁷

364 969 471 1055 bant,
498 992 589 1071 quas
613 963 812 1040 sumebant
837 965 940 1040 unde
960 962 1145 1038 volebant.
1168 963 1383 1068 lnjunctum
1404 962 1529 1039 fuitei
1551 993 1619 1069 per
1639 966 1783 1043 (lictum

366 1099 515 1174 lratrem
534 1096 745 1172 lohannem
767 1093 940 1172 Godandi
959 1120 1004 1167 ne
1020 1091 1201 1169 revelaret
1215 1111 1353 1168 secreta
1368 1093 1617 1198 capitulorum
1635 1124 1705 1173 nec
1720 1097 1783 1173 illa

365 1257 437 1334 que
459 1227 556 1305 dicta
576 1241 613 1300 et
633 1224 724 1300 lacta
744 1222 898 1299 luerunt
919 1223 958 1298 in
979 1222 1076 1298 dicta
1098 1223 1260 1329 grangia.
1283 1223 1322 1300 Si
1343 1223 1408 1328 qui
1431 1240 1535 1299 erant
1556 1226 1621 1331 qui
1648 1229 1785 1304 scirent

367 1386 508 1434 errores
529 1384 608 1432 esse
629 1356 666 1430 in
688 1354 838 1444 ordine,
856 1351 1086 1460 negligentes
1102 1351 1255 1429 luerunt
1268 1353 1355 1458 quia
1370 1382 1446 1429 non
1464 1375 1705 1433 correxerunt
1721 1386 1785 1433 eos

367 1517 434 1564 nec
454 1486 773 1563 denunciaverunt
792 1482 966 1558 Ecclesie.
984 1482 1216 1559 Elemosinas
1232 1499 1269 1558 et
1284 1482 1577 1587 hospitalitatem
1595 1485 1687 1562 vidit
1703 1485 1784 1561 fieri

368 1638 403 1695 et
421 1617 555 1695 servari
577 1615 842 1693 convenienter
863 1613 901 1687 in
922 1610 1100 1688 domibus
1121 1612 1265 1688 ordinis
1286 1613 1323 1686 in
1344 1613 1483 1717 quibus
1503 1612 1574 1689 suit
1596 1644 1787 1691 conversa-

367 1766 436 1824 tus.
460 1746 623 1825 Grandia
643 1743 830 1831 scandala,
860 1742 1019 1848 suspicio
1046 1758 1082 1818 et
1109 1741 1258 1816 infamia
1281 1771 1381 1817 nnnc
1406 1760 1493 1819 sunt
1513 1762 1638 1820 exorta
1659 1762 1786 1822 contra

369 1877 558 1964 ordinem,
581 1874 628 1951 ad
648 1874 753 1981 cujus
773 1872 1063 1961 deffensionem,
1087 1873 1182 1948 sicut
1202 1872 1373 1976 simplex,
1397 1900 1435 1948 se
1457 1872 1657 1950 obtulerat.

422 2006 637 2113 Requisitus
652 2005 683 2081 si
699 2004 751 2080 sic
765 2004 991 2108 deposuerat
1005 2030 1132 2109 prece,
1151 2018 1337 2107 precepto,
1355 2001 1504 2090 timore,
1521 2031 1664 2091 amore,
1683 2004 1785 2091 odio,

370 2137 424 2213 vel
443 2135 641 2242 temporali
663 2134 823 2211 comodo
845 2132 972 2210 habito
987 2132 1045 2210 vel
1066 2132 1253 2220 babendo,
1271 2132 1464 2237 respondit
1482 2132 1587 2240 quod
1606 2161 1699 2222 non,
1721 2134 1789 2209 sed

369 2296 435 2372 pro
454 2266 606 2342 veritate
631 2264 805 2352 dicenda;
832 2264 891 2339 cui
919 2263 990 2340 suit
1018 2264 1232 2369 injunctum
1259 2261 1363 2367 quod
1391 2291 1466 2338 non
1488 2263 1667 2340 revelaret
1693 2265 1788 2340 hanc

371 2426 474 2473 suam
496 2394 793 2501 deposicionem,
815 2382 1012 2498 quousque
1033 2393 1290 2469 attestaciones
1314 2391 1455 2467 suerint
1474 2393 1673 2497 publicate,

423 2526 512 2603 Acta
531 2524 685 2601 luerunt
704 2524 775 2599 hec
795 2523 902 2598 dictis
923 2523 983 2598 die
1005 2540 1042 2599 et
1060 2522 1154 2610 loco,
1177 2522 1413 2627 presentibus
1433 2523 1609 2628 magistro
1631 2524 1787 2609 Amisio,

371 2686 430 2733 me
464 2654 714 2732 Floriamonte
747 2652 964 2740 Dondedei,
1001 2669 1038 2728 et
1068 2652 1148 2728 aliis
1178 2652 1331 2728 notariis
1361 2680 1472 2757 supra
1502 2652 1638 2767 ultimp
1669 2655 1791 2728 nomi-

372 2805 475 2864 natis.

427 3053 516 3127 Post
539 3051 627 3138 bec,
661 3050 722 3126 die
750 3051 855 3125 Lune
883 3050 1072 3155 sequenti,
1101 3050 1167 3157 qui
1195 3046 1267 3126 fuit
1292 3055 1415 3127 xxvnn
1435 3048 1516 3125 dies
1537 3049 1625 3126 dicti
1655 3049 1793 3153 mensis

374 3181 517 3267 Marcii,
538 3179 693 3256 fuerunt
708 3179 859 3256 adducti
875 3208 943 3285 pro
961 3181 1137 3269 testibus,
1156 3181 1194 3255 in
1212 3180 1326 3256 domo
1344 3180 1511 3285 predicta
1528 3178 1673 3255 domini
1690 3178 1790 3255 Petri

377 3312 422 3386 de
441 3308 642 3398 Sabaudia,
660 3310 707 3385 ad
723 3310 952 3415 presenciam
969 3309 1156 3386 dictorum
1173 3309 1417 3387 dominorum
1434 3310 1791 3397 commissariorum,

375 3438 604 3516 Mimatensis
619 3455 656 3514 et
670 3439 944 3515 Lemovicensis
962 3439 1224 3544 episcoporum
1242 3456 1279 3515 et
1293 3439 1545 3515 archidiaconi
1563 3439 1792 3529 Tridentini,

376 3569 455 3645 aliis
476 3569 672 3660 excusatis,
695 3567 824 3644 lratres
847 3570 1074 3646 Bertrandus
1095 3570 1142 3647 de
1162 3569 1365 3648 Villaribus
1394 3586 1590 3674 preceptor
1617 3568 1663 3644 de
1689 3569 1795 3674 Rupe
1926 3620 1930 3625 -

377 3699 499 3777 Sancti
519 3698 624 3774 Pauli
644 3699 970 3805 Petragoricensis‚
998 3698 1228 3778 Guillelmus
1252 3700 1421 3776 Tentoris
1442 3716 1591 3776 curatus
1616 3700 1663 3775 de
1684 3697 1797 3775 Sellis

377 3828 709 3917 Claramontensis,
732 3828 948 3934 presbiteri3
970 3829 1198 3907 Guillelmus
1217 3832 1264 3906 de
1281 3832 1446 3936 Mazayas
1461 3829 1795 3913 Claramontensis,

378 3957 503 4036 Guido
524 3957 558 4033 la
578 3955 811 4035 Chastaneda
836 3959 1126 4047 Lemovicensis,
1149 3959 1308 4050 milites;
1329 3960 1518 4035 Johanues
1546 3961 1592 4037 de
1613 3958 1797 4037 Mendaco

378 4104 572 4193 preceptor
591 4088 775 4177 Marchie,
797 4090 987 4165 lohannes
1007 4088 1171 4165 Senandi
1192 4105 1389 4194 preceptor
1403 4087 1584 4176 Folhose,
1609 4089 1799 4163 lohannes

379 4218 496 4293 Adam
528 4235 724 4324 preceptor
760 4221 939 4306 Turrem,
970 4220 1078 4324 Hugo
1115 4219 1310 4297 Charnerii
1350 4234 1545 4323 preceptor
1580 4216 1627 4293 de
1663 4218 1798 4295 Sancto

380 4347 557 4425 Porciano
582 4348 915 4436 Claramontensis,
937 4349 1118 4455 Rogerius
1145 4348 1180 4426 la
1206 4351 1331 4425 Rocha
1357 4347 1617 4438 Bituricensis,
1645 4364 1682 4423 et
1711 4347 1800 4421 Ber-

378 4477 534 4554 trandus
547 4477 595 4556 de
615 4479 781 4556 Ausonio
792 4479 1107 4557 Claramontensis
1123 4479 1340 4566 diocesium,
1359 4479 1577 4568 servientes3
1595 4477 1675 4583 qui,
1693 4477 1799 4554 tactis

380 4609 619 4685 sacrosanctis
648 4609 873 4715 Evangeliis,
899 4609 1120 4715 juraverunt
1151 4608 1274 4685 dicere
1300 4609 1339 4684 in
1364 4608 1434 4684 isto
1459 4606 1615 4716 negocio
1650 4606 1798 4712 plenam

382 4754 418 4814 et
437 4765 580 4814 meram
602 4738 811 4828 veritatem,
835 4740 1042 4816 secundum
1063 4739 1222 4816 sormam
1238 4739 1443 4845 juramenti
1464 4738 1624 4816 aliorum
1645 4738 1799 4814 testium

383 4869 554 4974 superins
573 4869 822 4975 registratam‚
846 4869 1049 4974 expositam
1070 4887 1107 4948 et
1128 4869 1386 4978 vulgarizatam
1407 4869 1570 4959 eisdem3
1593 4884 1631 4944 et
1650 4866 1805 4945 suerunt

468 5006 576 5070 »auctr
598 5029 651 5072 nu
672 5029 844 5070 rennuens.
858 5043 899 5056 -
913 5031 947 5076 n.
1618 5003 1654 5066 16
