4236 5948
660 648 666 659 ,
698 554 894 648 esoces
921 576 1016 648 ons
1043 578 1340 653 rennuens
1683 588 1731 660 ss

304 743 370 791 nec
388 716 577 793 audivisse
592 715 666 792 dici
688 716 735 793 de
755 719 808 796 eis
823 719 894 795 nisi
914 721 1018 826 quod
1034 723 1217 828 sequitur.
1238 722 1425 804 Videlicet
1444 725 1551 831 quod
1567 726 1647 830 ipse
1673 754 1733 802 re-

303 863 433 952 ceptus
460 846 599 939 suerat,
632 865 670 925 et
698 848 813 926 frater
839 848 1028 929 Gerardus
1058 852 1123 929 de
1140 853 1176 930 la
1204 853 1334 959 Chapa
1369 854 1533 932 serviens
1563 854 1736 933 Cathala·

304 979 428 1055 nensis
452 977 613 1056 diocesis
642 1009 729 1057 cum
752 1009 816 1072 eo,
842 1011 910 1087 per
936 982 1088 1059 fratrem
1116 985 1271 1061 Petrum
1301 984 1548 1072 deTorbona
1572 981 1734 1066 militem

303 1110 512 1217 quondam,
548 1129 808 1219 preceptorem
839 1131 932 1190 tunc
958 1112 1109 1192 ballivie
1135 1115 1437 1208 Cathalanensis,
1467 1118 1562 1195 circa
1592 1119 1735 1195 instans

303 1241 440 1320 festum
459 1243 665 1323 Nativitatis
683 1243 784 1320 beati
801 1236 983 1322 lobaimis
995 1248 1159 1354 Baptiste
1177 1266 1290 1325 erunt
1310 1275 1420 1328 xxvnr
1438 1250 1527 1326 anni
1549 1249 1609 1326 vel
1624 1249 1731 1341 circa,

304 1373 339 1449 in
354 1373 498 1480 capella
509 1374 647 1453 domus
657 1376 808 1482 Templi
820 1376 867 1453 de
878 1378 1065 1464 Novavilla
1074 1407 1193 1486 prope
1207 1379 1477 1470 Cathalanum,
1493 1373 1734 1486 presentibus

304 1501 480 1583 fratribus
499 1504 651 1589 Andrea
671 1506 881 1612 presbitero
901 1506 999 1585 dicte
1016 1509 1172 1600 domus,
1195 1511 1354 1617 Hugonc
1373 1510 1536 1601 Sicardi,
1556 1508 1733 1590 Vicencio

306 1634 350 1712 de
369 1637 556 1725 Possessa,
575 1636 713 1715 Jacobo
733 1637 912 1716 Vicnensi
937 1639 1202 1731 servientibus,
1226 1639 1443 1728 deffunctis,
1472 1640 1733 1749 etRaynaudo

306 1766 349 1843 de
367 1767 606 1873 Dompierre,
631 1769 697 1875 qui
713 1768 844 1876 affligit
856 1771 895 1845 in
911 1771 1088 1876 capcione
1108 1799 1262 1865 eorum,
1279 1772 1317 1846 in
1330 1772 1434 1848 hunc
1448 1774 1626 1867 modum:
1645 1800 1734 1865 narn

305 1929 388 1977 cum
399 1900 746 2008 peciissentpanem
761 1919 799 1979 et
813 1931 950 2009 aquam
960 1902 1189 2009 frequenter,
1208 1920 1247 1980 et
1260 1902 1426 1979 finaliter
1442 1904 1496 1981 eis
1513 1900 1733 1983 concessum

304 2029 453 2122 luisset,
479 2049 517 2111 et
537 2033 681 2111 dictum
697 2033 802 2141 quod
814 2033 913 2111 bene
932 2033 1204 2123 deliberarent,
1216 2034 1305 2140 quia
1325 2052 1517 2141 oporteret
1532 2063 1596 2112 eos
1613 2036 1734 2114 multa

302 2164 397 2242 dura
412 2182 451 2242 et
464 2194 594 2272 aspera
612 2166 814 2258 sustinere,
838 2166 994 2272 prestito
1012 2195 1080 2272 per
1095 2169 1355 2275 juramentum
1380 2195 1514 2244 eorum
1529 2170 1634 2274 quod
1655 2195 1734 2244 non

299 2313 409 2374 erant
428 2296 571 2374 servilis
590 2296 837 2386 condicionis,
859 2325 930 2373 nec
951 2298 1286 2387 excommunicati,
1311 2326 1383 2375 nec
1400 2298 1643 2375 matrimonio
1664 2326 1734 2376 nec

292 2426 410 2505 alteri
429 2426 604 2537 religioni
619 2457 689 2506 nec
706 2428 843 2506 debitis
862 2457 937 2535 que
955 2428 1098 2506 solvere
1117 2457 1194 2505 non
1210 2447 1365 2535 possent
1383 2429 1554 2537 obligati,
1574 2446 1612 2506 et
1629 2431 1735 2536 quod

286 2587 381 2639 non
392 2559 585 2638 habebant
598 2560 858 2639 infirmitatem
872 2561 1072 2652 latentem,
1090 2559 1179 2638 secit
1192 2590 1256 2639 eos
1275 2590 1408 2640 vovere
1425 2579 1462 2639 et
1475 2561 1605 2670 jurare
1621 2590 1736 2668 super

281 2686 446 2769 librum
468 2692 694 2784 castitatem,
717 2691 999 2782 obedienciam,
1017 2692 1138 2769 vivere
1159 2692 1239 2769 sine
1259 2692 1431 2798 proprio,
1454 2720 1599 2770 servare
1613 2691 1735 2769 bonos

279 2850 395 2903 usus
418 2842 457 2902 et
475 2823 595 2903 bonas
615 2825 909 2904 consuetudines
937 2824 1100 2915 ordinis,
1131 2853 1208 2901 non
1234 2824 1399 2901 revelare
1428 2843 1570 2901 secreta
1593 2815 1736 2930 capitu-

274 2951 451 3047 lorum,
483 2984 553 3032 nec
580 2956 760 3033 interesse
793 2955 886 3032 loco'
906 2955 946 3031 in
982 2982 1058 3061 qno
1092 2953 1229 3060 aliquis
1260 2952 1550 3029 exheredaretur
1581 2953 1733 3059 injuste.

276 3087 482 3194 Postque
498 3087 680 3195 imposuit
695 3087 749 3166 eis
763 3086 979 3179 mantellos,
996 3086 1127 3193 etipse
1144 3103 1182 3162 et
1194 3080 1355 3163 astantes
1372 3083 1528 3169 fuerunt
1546 3111 1612 3162 eos
1627 3067 1736 3162 oscu-

274 3215 369 3297 lati
384 3219 425 3295 in
443 3247 526 3305 ore,
547 3216 585 3295 et
604 3219 780 3296 instruxit
800 3248 865 3297 eos
882 3235 978 3325 quot
996 3219 1108 3295 Peter
1126 3234 1240 3297 noster
1259 3217 1429 3294 dicerent
1443 3243 1513 3323 pro
1526 3217 1631 3294 horis
1642 3217 1734 3308 suis,

275 3369 341 3428 et
361 3350 527 3458 qualiter
545 3368 721 3459 regerent
738 3379 777 3429 se
794 3351 834 3427 in
850 3349 996 3428 ordine.
1017 3350 1168 3427 Deinde
1189 3349 1271 3426 aliis
1291 3348 1517 3426 exeuntibus
1536 3348 1734 3457 capellam,

275 3482 431 3560 dictus
445 3499 629 3591 receptor,
645 3500 794 3589 accepta
808 3483 974 3588 quadam
990 3511 1099 3559 cruce
1116 3481 1239 3589 lignea
1253 3480 1294 3555 in
1309 3508 1384 3586 qua
1402 3495 1481 3556 erat
1496 3507 1629 3587 ymago
1643 3480 1739 3557 Cru-
1810 3469 1817 3477 ⁶

276 3614 405 3692 cifixi
425 3614 464 3690 in
485 3642 600 3691 manu
619 3642 688 3691 sua
708 3630 745 3690 et
764 3613 818 3690 eis
833 3631 999 3703 ostensa,
1022 3610 1137 3718 peciit
1153 3611 1206 3689 eis
1220 3610 1250 3687 si
1270 3610 1474 3687 credebant
1489 3610 1528 3686 in
1544 3608 1652 3685 illurn
1672 3596 1737 3716 ¹qui

276 3735 638 3855 representabatur
653 3774 723 3853 per
737 3773 840 3836 eam;
861 3744 1002 3851 quibus
1022 3742 1341 3853 respondentibus
1360 3741 1466 3850 quod
1479 3742 1549 3831 sic,
1571 3741 1740 3849 precepit
1854 3750 1856 3754 ‘

275 3879 523 3986 quodcum
536 3877 783 3985 abnegarent3
799 3894 938 3954 etcum
953 3878 1033 3984 ipse
1046 3877 1153 3955 testis
1172 3874 1428 3981 respondisset
1443 3874 1547 3980 quod
1563 3873 1740 3951 ordinem
1823 3974 1827 3981 ι

277 4006 510 4088 intraverat
520 4026 566 4087 ut
578 4009 735 4088 salvaret
753 4009 917 4085 animam
928 4036 1054 4101 suam,
1071 4026 1110 4085 et
1123 4006 1229 4114 quod
1242 4006 1315 4084 hoc
1328 4006 1435 4084 nullo
1451 4005 1568 4082 modo
1588 4004 1736 4096 faceret,
1822 4061 1826 4072 .
1895 4016 1901 4025 ⁴

284 4143 403 4220 dixit
427 4143 481 4219 eis
499 4141 605 4249 quod
625 4142 699 4219 hoc
723 4140 921 4248 oportebat
944 4138 1171 4231 offecere,
1198 4136 1266 4217 sed
1290 4165 1367 4215 non
1388 4137 1569 4243 expressit
1588 4158 1738 4214 causam

280 4298 378 4352 nec
397 4275 429 4352 si
449 4275 522 4352 hoc
550 4290 647 4352 esset
666 4273 714 4351 de
736 4274 886 4380 punctis
904 4272 1116 4381 religionis3
1139 4289 1177 4348 et
1199 4289 1290 4376 tunc
1318 4269 1441 4347 dictus
1460 4265 1657 4356 Geraldus,
1676 4267 1738 4347 cui
1850 4354 1851 4359 ἵ

278 4406 433 4512 primo
453 4407 689 4513 imposuerat
707 4404 931 4482 mantellum
955 4404 1061 4511 prius
1084 4430 1199 4509 quarn
1219 4401 1292 4508 ipsi
1312 4401 1414 4490 testi,
1444 4417 1482 4476 et
1507 4417 1592 4506 post
1617 4398 1740 4478 dictus

282 4538 414 4615 testis
444 4537 723 4644 abnegaverunt
747 4538 898 4626 Deum,
930 4563 1045 4643 quam
1074 4533 1368 4641 abnegacionem
1395 4530 1484 4607 lecit
1509 4529 1612 4607 idem
1634 4534 1740 4613 testis

290 4697 376 4746 ore
407 4698 486 4746 non
518 4669 655 4757 corde',
688 4668 793 4775 quod
824 4668 928 4745 idem
957 4666 1088 4745 lecerit
1116 4665 1237 4744 dictus
1258 4663 1462 4752 Geraldus,
1490 4680 1533 4739 ut
1553 4663 1657 4740 dixit.
1683 4664 1739 4740 De

295 4800 393 4877 aliis
410 4799 552 4878 illicitis
583 4829 660 4878 non
689 4799 763 4876 fuit
788 4800 936 4878 locutus
961 4798 1105 4877 eisdem
1133 4825 1203 4874 nec
1227 4796 1306 4903 ipse
1333 4811 1504 4901 receptor
1533 4823 1603 4871 nec
1632 4791 1737 4870 alius.

299 4929 419 5020 Item,
437 4929 533 5009 dixit
545 4931 801 5040 quodviderat
815 4960 885 5039 per
898 4930 1077 5013 etundem
1098 4929 1274 5023 modum,
1295 4944 1339 5005 ut
1357 4925 1429 5005 sibi
1448 4926 1606 5012 videtur,
1626 4922 1740 5027 recipi
1841 5016 1847 5028 ¹

398 5067 506 5132 rnocbs
527 5090 579 5133 nas
600 5090 867 5134 rennuens-11.
1575 5064 1591 5122 5
