4236 5948
365 537 412 611 ro
749 516 946 606 rnocts
973 530 1068 605 ons
1095 528 1399 603 ramirans:

363 675 435 751 erit
447 673 485 750 in
499 672 564 751 tali
577 672 661 752 loco
672 672 711 750 in
721 701 799 780 quo
810 672 1000 780 oportebit
1009 700 1097 749 eum
1110 671 1180 749 ista
1190 668 1323 760 lacere,
1339 687 1376 747 et
1392 668 1502 747 traxit
1514 695 1553 745 se
1565 665 1614 743 ad
1626 682 1785 773 partem,

363 802 472 880 dictis
486 801 636 882 duobus
653 784 900 883 servientibus
919 801 1219 889 remanentibus,
1232 829 1320 878 cum
1335 817 1431 878 teste
1451 798 1641 905 predicto,
1657 797 1724 902 qui
1743 796 1788 873 ti·

363 961 468 1012 more
486 934 622 1011 ductus
640 933 741 1040 spuit
754 933 859 1041 juxta
879 933 1016 1010 dictam
1037 959 1204 1025 erucem,
1222 959 1286 1008 ore
1307 959 1386 1009 non
1408 930 1535 1007 corde.
1556 929 1640 1005 Non
1659 945 1787 1006 tamen

363 1062 558 1171 abnegavit
581 1064 706 1141 Deum
733 1091 803 1140 nec
823 1090 986 1165 crucem.
1006 1064 1094 1140 Post
1117 1090 1192 1169 que
1216 1060 1338 1139 dictus
1366 1059 1476 1137 miles
1502 1058 1596 1135 dixit
1620 1058 1653 1134 ei
1682 1057 1784 1165 quod

362 1212 510 1300 poterat
529 1192 727 1272 carnaliter
751 1193 985 1271 commisceri
1009 1191 1186 1269 fratribus
1212 1190 1357 1269 ordinis
1376 1207 1413 1267 et
1432 1190 1502 1297 ipsi
1526 1217 1613 1265 cum
1634 1216 1699 1277 θος
1715 1188 1787 1266 hoe

361 1343 487 1401 tauwn
502 1351 579 1402 non
600 1321 703 1412 lecit,
722 1351 791 1400 nec
810 1321 931 1400 credit
952 1323 1058 1429 quod
1071 1324 1110 1399 in
1127 1322 1261 1400 ordine
1281 1320 1401 1398 fieret.
1423 1320 1526 1398 Dixit
1545 1320 1664 1396 eciam
1680 1319 1713 1396 ei
1726 1318 1784 1395 di·

362 1469 441 1532 ctus
465 1452 574 1531 miles
594 1453 699 1560 quod
724 1481 813 1531 eum
837 1452 1001 1532 debebat
1018 1451 1178 1532 osculari
1199 1452 1239 1529 in
1260 1480 1350 1540 ano,
1367 1478 1444 1529 non
1464 1465 1590 1528 tamen
1618 1449 1786 1555 precepit

363 1583 444 1660 lieri
466 1583 611 1659 dictum
643 1581 840 1674 osculum,
867 1610 937 1660 nec
969 1582 1095 1691 ipsum
1114 1581 1223 1670 fecit3
1251 1581 1298 1657 de
1324 1581 1463 1688 quibus
1487 1580 1663 1656 omnibus
1694 1576 1787 1657 dixit

363 1740 402 1789 se
436 1711 552 1789 fuisse
581 1711 795 1791 confessum
822 1710 1015 1817 capellano
1050 1727 1179 1788 curato
1215 1708 1371 1787 seculari
1409 1708 1506 1785 dicte
1544 1708 1648 1797 ville,
1681 1709 1789 1815 cujus

363 1869 503 1918 nomen
540 1858 578 1918 et
617 1869 827 1950 cognomen
861 1842 1026 1948 ignorat,
1043 1851 1044 1854 ’
1062 1839 1253 1917 deffuncto
1292 1839 1458 1916 secunda
1495 1838 1558 1915 die
1591 1853 1800 1944 postquam.

362 1972 528 2078 predicta
552 1971 857 2076 intervenerant,
882 1997 1009 2077 aquo
1034 1968 1230 2047 absolutus
1256 1969 1395 2047 exstitit
1419 1986 1456 2045 et
1475 1968 1659 2075 jejunavit
1678 1968 1788 2046 sextis

363 2100 469 2180 leriis
484 2101 602 2178 trium
624 2102 811 2178 mensium
837 2101 993 2206 inpane
1014 2116 1052 2177 et
1075 2128 1192 2207 aqua,
1215 2100 1312 2177 sicut
1337 2099 1547 2206 injunxerat
1577 2099 1623 2175 ei.
1650 2100 1790 2204 Requi·

363 2231 457 2317 situs
474 2232 503 2307 si
523 2231 609 2318 scit,
630 2229 766 2323 credit,
791 2230 849 2307 vel
873 2232 1066 2309 audiverat
1092 2231 1165 2311 dici
1196 2231 1302 2336 quod
1328 2229 1458 2307 illicita
1488 2226 1693 2306 confessam
1718 2257 1787 2335 per

366 2388 454 2439 eum
485 2361 543 2437 vel
575 2360 645 2438 alia
676 2362 945 2439 intervenirent
974 2363 1013 2437 in
1043 2361 1326 2468 recepcionibus
1343 2361 1518 2438 aliorum
1546 2358 1704 2436 fratrum
1731 2358 1789 2439 vel

364 2508 460 2596 post,
482 2491 678 2597 respondit
697 2490 801 2598 quod
825 2520 920 2579 non,
942 2492 1108 2570 adiciens
1127 2519 1168 2570 se
1187 2491 1323 2568 vidisse
1340 2491 1456 2596 recipi
1478 2487 1729 2595 infrascriptos
1748 2490 1787 2566 in

263 2674 269 2683 -
364 2648 529 2727 quorum
545 2621 829 2728 recepcionibus
843 2621 959 2698 nichil
979 2621 1091 2709 vidit,
1110 2649 1181 2698 nec
1197 2621 1319 2709 scivit,
1336 2650 1406 2697 nec
1422 2618 1564 2696 audivit
1583 2618 1656 2695 diei
1673 2602 1794 2697 inter-⁴

364 2752 507 2829 venisse
541 2750 713 2829 illicitum
737 2779 808 2829 nec
831 2769 935 2857 post3
955 2750 1129 2829 videlicet
1151 2750 1303 2828 fratrem
1323 2752 1479 2827 Petrum
1500 2751 1547 2826 de
1575 2750 1695 2826 Lenhi
1715 2779 1789 2827 ser·

364 2880 546 2972 rientem,
561 2882 818 2960 Noviomensis
837 2881 1015 2970 diocesis,
1028 2897 1073 2958 nt
1091 2881 1226 2973 credit,
1245 2897 1381 2958 testem
1396 2909 1508 2986 supra
1521 2880 1789 2969 examinatum,

364 3037 479 3118 quem
498 3011 639 3117 recepit
667 3011 781 3090 frater
810 3011 998 3089 Robertus
1022 3012 1070 3090 de
1092 3013 1228 3090 Sancto
1249 3012 1355 3089 lusto
1375 3011 1560 3117 presbiter
1581 3011 1786 3118 quondam,

364 3141 403 3217 in
431 3141 573 3248 capella
589 3143 727 3218 domus
743 3139 896 3246 Templi
921 3140 968 3217 de
994 3141 1157 3248 Aymont
1177 3141 1438 3219 Ambianensis
1459 3141 1638 3230 diocesis,
1659 3160 1788 3220 sunta

365 3271 452 3346 anni
468 3271 526 3348 vel
541 3272 656 3363 eirca,
674 3269 915 3376 presentibus
928 3268 1107 3348 fratribus
1123 3272 1236 3348 Petro
1256 3270 1304 3348 de
1320 3270 1441 3348 Lenhi
1463 3272 1656 3377 quondam
1674 3300 1790 3348 avun-

365 3398 452 3476 culo
486 3400 649 3504 predicti
684 3399 804 3490 Petri,
840 3417 930 3476 tunc
956 3419 1175 3508 preceptore
1209 3401 1308 3478 dicte
1346 3403 1499 3490 domus,
1536 3420 1575 3478 et
1616 3403 1787 3480 lobanne

363 3529 538 3638 bergerio
562 3531 660 3609 dicte
687 3533 837 3609 domus.
857 3531 962 3611 Vidit
989 3533 1107 3610 eciam
1125 3533 1241 3640 recipi
1256 3532 1391 3610 fratres
1409 3534 1564 3611 Petrum
1583 3534 1631 3611 de
1652 3535 1790 3613 Sancto

365 3661 556 3738 Maxeucio
592 3661 854 3740 Ambianensis
887 3663 1066 3753 diocesis,
1100 3680 1142 3741 et-
1168 3665 1380 3742 Johannem
1411 3661 1460 3740 de
1486 3664 1683 3742 Juveniliis
1713 3692 1792 3743 ser·

364 3790 528 3880 vientes,
558 3820 627 3897 par
638 3790 793 3871 fratrem
805 3789 991 3872 Garinum
1010 3792 1058 3871 de
1078 3792 1221 3873 Grandi
1235 3793 1381 3904 Villarii
1396 3793 1558 3871 militem
1582 3795 1792 3900 quondam,

366 3918 406 3995 in
437 3920 535 3998 dicta
567 3922 707 4029 capella
737 3922 786 4001 de
811 3924 992 4031 Aymont,
1024 3925 1065 4000 in
1100 3941 1215 4003 estate
1250 3926 1420 4030 proxima
1446 3944 1558 4003 erunt
1589 3943 1673 4002 octo
1702 3925 1791 4002 anni

364 4050 423 4127 vel
454 4053 568 4141 circa,
592 4052 837 4160 presentibus
865 4052 968 4132 dicto
1001 4056 1114 4132 Petro
1148 4053 1197 4132 de
1232 4055 1356 4132 Lenhi
1380 4072 1617 4161 preceptore,
1631 4073 1686 4132 ·et
1711 4055 1795 4162 ipso

364 4197 481 4272 teste,
500 4201 538 4261 et
568 4183 801 4291 quibusdam
827 4182 910 4260 aliis
939 4184 988 4262 de
1010 4210 1176 4290 quornm
1202 4185 1423 4263 nominibus
1451 4213 1529 4261 non
1560 4187 1794 4277 recordatur,

365 4325 404 4386 et
431 4310 480 4389 de
507 4340 674 4420 quorum
703 4330 961 4420 receptorum,
998 4315 1267 4422 recipiencium
1299 4331 1341 4394 et
1375 4317 1587 4395 astancium¹
1626 4317 1701 4392 vita
1735 4315 1796 4393 vel

363 4459 488 4520 morte
507 4443 721 4521 nonhabet
736 4444 1016 4522 certitudinem.
1037 4445 1153 4531 ltem,
1177 4445 1272 4522 dixit
1289 4472 1332 4522 se
1359 4446 1515 4523 credere
1539 4446 1645 4553 quod
1665 4445 1799 4524 [ratres

365 4568 509 4649 ordinis
524 4575 726 4652 crederent
740 4574 996 4653 ecclesiasticis
1009 4576 1270 4664 sacramentis,
1289 4576 1431 4683 quibus
1449 4578 1529 4684 ipse
1548 4577 1741 4665 credebat,
1759 4593 1801 4654 et

365 4699 470 4806 qood
485 4726 621 4779 eornm
639 4705 853 4782 sacerdotes
873 4703 1001 4783 debite
1023 4705 1271 4784 celebrarent.
1289 4707 1427 4785 Statim
1445 4736 1515 4813 pro
1533 4707 1713 4814 professis
1729 4707 1800 4785 ba·

363 4827 565 4910 bebantnr.
582 4830 825 4913 Clandestina
840 4835 1129 4940 recipiebantur,
1145 4837 1265 4914 nullis
1273 4837 1520 4943 presentibus
1530 4839 1603 4915 nisi
1619 4837 1800 4917 fratribus
