4236 5948
433 533 509 608 ast
816 510 1011 598 PROCES
1043 523 1140 594 DES
1170 520 1472 594 TEMPLIERS.

433 697 588 753 meones
607 683 780 774 poterant
800 665 993 773 acquirere
1008 660 1312 767 quibuscumque
1331 659 1468 736 modis.
1490 655 1643 736 audivit
1655 656 1730 734 dici
1747 657 1864 764 quod

433 826 565 881 eorum
590 795 764 904 capitulia
789 794 884 871 clam
910 791 1152 878 tenebantur,
1173 790 1290 868 nullis
1312 787 1550 896 presentibus
1577 787 1650 865 nisi
1675 785 1856 865 fratribus

435 928 590 1013 ordinis.
602 926 783 1005 Ordinata
800 953 869 1031 per
883 921 1102 1029 Magistrum
1118 950 1204 997 cum
1223 937 1410 998 conventu
1429 934 1607 997 servasset
1618 934 1722 995 totus
1739 917 1852 1006 ordo,

436 1075 564 1139 contra
586 1085 700 1165 quem
730 1071 882 1160 propter
911 1051 1078 1158 predicta
1104 1079 1206 1126 nunc
1236 1049 1391 1160 grandia
1413 1049 1602 1136 scandala,
1633 1047 1856 1154 suspiciost

434 1188 587 1269 iufamia
610 1203 698 1264 sunt
719 1201 861 1274 exorta3
889 1200 926 1259 et
954 1181 1096 1259 audivit
1119 1181 1193 1257 dici
1218 1181 1322 1288 quod
1354 1206 1510 1287 magnus
1531 1179 1707 1286 Magister
1735 1196 1774 1256 et
1791 1175 1856 1259 alii

434 1318 556 1424 aliqua
572 1315 732 1394 confessi
753 1330 839 1393 sunt
856 1330 985 1390 contra
1007 1312 1150 1389 dictum
1175 1311 1368 1398 ordinem,
1389 1310 1437 1386 ad
1455 1308 1562 1417 cujus
1581 1308 1856 1389 deffensionem

432 1474 472 1527 se
488 1474 571 1527 non
591 1445 792 1527 obtulerat.

487 1574 706 1683 Requisitus
731 1575 761 1650 si
791 1575 843 1651 sic
874 1576 1101 1679 deposuerat
1130 1602 1256 1680 prece,
1285 1589 1484 1679 precepto,
1514 1571 1672 1657 timore,
1703 1598 1855 1659 amore,

433 1705 542 1797 odio,
568 1703 627 1781 vel
654 1703 854 1810 temporali
885 1704 1047 1782 comodo
1071 1702 1201 1783 habito
1228 1701 1287 1780 vel
1311 1701 1503 1792 babendo,
1531 1701 1725 1807 respondit
1752 1702 1859 1807 quod

434 1861 530 1927 non,
544 1834 612 1912 sed
626 1834 863 1940 proteritate
879 1834 1055 1923 dicenda;
1077 1834 1136 1911 cui
1155 1833 1227 1909 fuit
1239 1832 1450 1939 injunctum
1464 1832 1569 1938 quod
1582 1858 1660 1909 oon
1676 1831 1859 1909 revelaret

435 1965 531 2045 banc
556 1992 661 2041 suam
684 1963 983 2071 deposicionem‚
1006 1992 1202 2071 quousque
1220 1963 1477 2042 attestaciones
1496 1961 1637 2040 firerint
1655 1960 1858 2067 publioate.

482 2226 618 2309 frater
642 2224 832 2302 lohannes
855 2227 1047 2303 Sarraceni
1074 2226 1255 2313 serviens,
1283 2224 1524 2303 Bituricensis
1549 2222 1728 2310 diocesis,
1753 2224 1860 2300 testis

436 2382 548 2460 supra
562 2353 727 2459 juratus,
754 2381 796 2430 nv
821 2382 1006 2431 annorum
1027 2354 1085 2431 vel
1108 2354 1223 2445 circa,
1245 2354 1309 2461 qui
1331 2353 1540 2432 voluntarie
1560 2350 1784 2431 mantellum
1803 2352 1861 2429 di-

436 2482 589 2560 miserat
608 2499 646 2558 et
663 2482 744 2559 radi
764 2482 901 2560 lecerat
914 2482 985 2560 sibi
1005 2481 1177 2571 barbam,
1196 2511 1281 2560 cum
1300 2511 1378 2590 quo
1397 2482 1620 2589 inquisitum
1637 2481 1774 2571 luerat,
1788 2481 1862 2591 7αἱ)-

436 2613 584 2693 solutus
602 2630 640 2689 et
657 2613 917 2692 reconciliatus
936 2643 1005 2719 per
1023 2613 1223 2691 dominum
1244 2613 1464 2722 episcopum
1488 2612 1859 2704 Cleromontensem‚

437 2743 544 2821 lectis
566 2759 604 2820 et
632 2742 833 2850 diligenter
853 2743 1028 2849 expositis
1051 2742 1122 2821 sibi
1145 2743 1324 2821 omnibus
1348 2759 1387 2821 et
1410 2743 1567 2853 singulis
1591 2741 1771 2833 articulis,
1800 2770 1861 2820 re·

437 2872 590 2978 spondit
602 2899 641 2950 se
656 2873 817 2965 nescire,
831 2901 902 2951 nec
917 2873 1087 2962 credere,
1104 2899 1174 2950 nec
1187 2872 1370 2951 audivisse
1390 2872 1464 2950 dici
1480 2873 1528 2950 de
1542 2871 1729 2952 contentis
1748 2873 1787 2949 in
1807 2873 1861 2950 eis

436 3001 508 3079 nisi
531 3001 638 3108 quod
661 3003 856 3108 sequitur:
878 3003 1052 3080 videlicet
1074 3001 1180 3109 quod
1202 3003 1281 3108 ipse
1309 3018 1482 3108 receptus
1507 3002 1629 3079 suerat
1652 3001 1692 3078 in
1718 3000 1860 3107 capella

437 3131 575 3209 domus
591 3129 740 3237 Templi
757 3133 805 3209 de
823 3133 982 3208 Turrcta
1000 3132 1322 3211 Claromontensis
1342 3131 1518 3222 diocesis,
1538 3132 1632 3209 circa
1649 3131 1791 3209 instans
1812 3131 1862 3209 le·

437 3277 539 3341 stum
551 3260 651 3338 beati
668 3261 818 3337 Martini
834 3261 1008 3339 hiemalis
1028 3281 1139 3339 erunt
1159 3263 1307 3341 circiter
1323 3290 1346 3341 x
1361 3262 1466 3352 anni,
1483 3291 1552 3367 per
1570 3260 1720 3342 fratrem
1743 3264 1862 3339 Hum-

437 3389 588 3467 bertum
614 3387 768 3467 Blanchi
789 3390 967 3481 militem,
989 3390 1188 3470 detentum
1206 3390 1247 3467 in
1260 3390 1664 3498 Anglia,presentibus
1683 3388 1861 3468 fratribus

439 3519 611 3599 Iohanne
634 3518 681 3594 de
704 3520 835 3596 Menae
862 3540 1081 3626 preceptore
1104 3521 1152 3600 de
1179 3521 1358 3608 Marcbia,
1376 3537 1471 3598 teste
1497 3548 1607 3627 supra
1631 3521 1859 3608 examinato,

438 3647 574 3726 Bonito
593 3649 801 3754 presbitero
822 3650 870 3727 de
890 3651 1078 3740 Alvernia,
1098 3654 1259 3760 Hugone
1282 3652 1330 3728 de
1352 3653 1518 3729 Bometo
1541 3668 1578 3729 et
1598 3651 1791 3757 Stephano
1812 3651 1860 3729 de

440 3777 598 3859 Sameto
624 3778 893 3869 servientibus,
926 3781 1136 3859 deffunctis.
1165 3781 1197 3858 A
1226 3810 1303 3888 quo
1329 3797 1522 3887 receptore
1551 3780 1678 3887 petitis
1700 3808 1798 3887 pane
1815 3799 1861 3859 et

440 3936 535 4013 aque
554 3908 698 3987 ordinis
718 3928 755 3986 et
775 3911 809 3986 ei
836 3911 1039 4002 concessis,
1063 3911 1152 3990 lecit
1172 3940 1260 3988 eum
1280 3939 1412 3989 vovere
1434 3927 1473 3988 et
1485 3910 1614 4018 jurare
1636 3910 1858 4002 castitatem,

301 4063 304 4068 ·
439 4037 720 4130 obedienciam,
741 4042 862 4118 vivere
880 4042 960 4119 sine
980 4043 1144 4148 proprio,
1166 4070 1310 4120 servare
1329 4041 1452 4120 bonos
1470 4070 1562 4120 usus
1582 4059 1620 4120 et
1633 4040 1752 4121 bonas
1770 4069 1861 4121 eon·
1917 4080 1921 4089 ·

439 4168 661 4247 suetudines
680 4199 755 4275 que
778 4188 868 4247 tunc
895 4188 1001 4248 erant
1025 4172 1063 4248 in
1087 4172 1220 4249 ordine
1246 4190 1383 4279 etque
1406 4171 1446 4250 in
1469 4189 1663 4279 posterum
1687 4172 1862 4279 impone-

438 4316 572 4376 rentur
579 4327 670 4376 cum
683 4300 840 4379 consilio
858 4301 1155 4406 presbiterorum
1172 4301 1329 4394 ordinis,
1342 4330 1420 4379 non
1432 4302 1597 4380 revelare
1607 4319 1748 4381 secreta
1763 4303 1861 4410 capi-

438 4427 640 4520 tuliorum;
667 4448 706 4508 et
725 4431 882 4537 prestito
900 4460 969 4537 per
989 4433 1070 4538 ejus
1084 4432 1344 4539 juramentum
1363 4433 1470 4541 quod
1483 4461 1561 4510 non
1575 4451 1654 4511 eret
1675 4432 1862 4541 obligatus

364 4594 368 4601 ’
438 4556 546 4635 alteri
569 4558 761 4666 religioni,
781 4590 852 4638 nec
873 4562 1127 4654 matrimonio,
1150 4592 1219 4641 nec
1240 4563 1393 4652 debitis,
1414 4580 1453 4641 et
1473 4565 1579 4672 quod
1595 4593 1674 4645 non
1696 4579 1776 4641 erat
1798 4591 1860 4640 ex·

439 4689 748 4780 communicatus,
769 4721 840 4769 nec
859 4692 1022 4772 habebat
1041 4693 1298 4773 infirmitatem
1315 4693 1511 4783 latentem,
1533 4723 1603 4772 nec
1616 4693 1774 4771 dederat
1790 4721 1861 4770 nec

437 4817 660 4920 promiserat
682 4819 827 4926 aliquid
852 4824 958 4930 quod
981 4824 1035 4899 in·
1049 4825 1183 4902 ordine
1210 4825 1452 4930 reciperetur,
1479 4841 1652 4932 receptor
1677 4822 1860 4929 imposuit
