4236 5948
354 511 423 583 iso
740 482 1375 578 eaoctsnssrsurmsss.

348 646 451 755 quod
472 644 630 724 modum
650 641 878 750 singularem
893 643 1117 722 servaverint
1132 643 1170 720 in
1187 672 1253 721 sua
1268 644 1502 749 recepcione,
1520 660 1559 720 et
1572 643 1661 751 quia
1674 644 1770 724 vidit

351 797 388 857 et
411 777 553 855 audivit
577 774 680 883 quod
705 775 803 852 dicta
826 774 926 852 licita
947 791 984 852 et
1002 770 1130 851 illicita
1151 773 1355 852 confessats
1373 802 1442 879 per
1460 802 1547 852 eum
1568 773 1771 855 interveni-

348 926 434 987 rent
453 906 492 985 in
512 904 732 1011 recepcione
756 902 878 981 fratris
902 903 1055 982 Oliverii
1077 905 1125 982 de
1145 905 1275 983 Mense
1296 904 1438 983 Sereno
1465 904 1676 999 servientis,
1702 908 1771 985 Le·

349 1037 570 1125 mosicensis
589 1034 766 1125 diocesis,
787 1034 852 1142 qui
872 1032 945 1111 fuit
963 1052 1092 1141 captus
1111 1063 1187 1112 una
1206 1028 1290 1112 cum
1311 1034 1392 1114 aliis
1407 1052 1445 1112 et
1459 1051 1632 1142 receptus
1650 1037 1690 1113 in
1710 1065 1771 1115 ca·

347 1169 446 1274 pella
466 1168 604 1247 domus
623 1165 771 1273 Templi
791 1168 841 1245 de
861 1165 968 1245 Bilda
987 1165 1230 1245 Bituricensis
1241 1165 1416 1257 diocesis,
1438 1165 1544 1272 quasi
1563 1165 1768 1245 dimidium

348 1327 488 1376 annum
511 1315 598 1405 post
618 1298 879 1404 recepcionem
899 1297 1016 1404 ipsius
1034 1298 1155 1385 testis,
1179 1325 1248 1405 per
1266 1297 1418 1375 fratrem
1438 1296 1703 1404 Raymundum
1718 1300 1768 1379 de

347 1428 548 1506 Vassinhac
568 1429 744 1517 militem,
765 1444 900 1506 testem
918 1456 1030 1536 supra
1049 1428 1318 1517 examinatum,
1334 1426 1573 1535 presentibus
1591 1425 1769 1507 fratribus

346 1559 516 1636 iohanne
536 1557 584 1635 de
603 1558 806 1665 Fontenay,
833 1557 899 1663 qui
925 1555 997 1635 fuit
1025 1573 1153 1665 captus
1176 1557 1278 1664 apud
1296 1556 1520 1649 Exordium,
1548 1557 1765 1648 Bertrsndo,

348 1690 412 1793 qui
431 1688 647 1767 morabatur
661 1688 701 1765 in
717 1686 816 1765 dicta
831 1688 946 1766 domo
967 1686 1015 1765 de
1033 1687 1138 1765 Bilda
1155 1687 1204 1775 de
1220 1686 1520 1796 Petragoricinio‚
1539 1687 1604 1794 qui
1624 1687 1770 1798 aufugit

348 1818 396 1894 de
419 1845 583 1905 carcere,
607 1834 645 1893 et
669 1816 862 1895 Bemardo
881 1816 1059 1895 laBrossa
1081 1816 1129 1894 de
1148 1817 1272 1908 Burs,
1295 1833 1332 1894 et
1351 1815 1547 1895 Clemente
1563 1817 1611 1894 de
1631 1818 1768 1897 Sancto

347 1948 492 2026 Hilario
512 1945 736 2055 presbitero,
762 1946 1038 2025 Lemovicensis
1056 1945 1232 2040 diocesis,
1254 1947 1320 2052 qui
1340 1944 1412 2023 fuit
1425 1962 1554 2052 captus
1567 1948 1669 2054 apud
1678 1948 1768 2026 Bru·

347 2079 487 2182 geriam
516 2074 665 2181 Templi
692 2074 934 2153 bituricensis
960 2075 1138 2164 diocesis,
1166 2102 1263 2183 quos
1291 2074 1412 2153 credit
1438 2075 1576 2165 vivere,
1599 2094 1637 2155 et
1659 2077 1767 2158 Guil-

347 2207 462 2284 lelmo
481 2188 648 2283 elmundi
675 2221 894 2311 preceptore
921 2205 969 2283 de
990 2205 1124 2284 Mediis
1143 2205 1349 2312 quondam.
1375 2206 1487 2295 Item,
1513 2205 1606 2283 dixit
1628 2235 1670 2284 se
1693 2238 1770 2287 cre·

348 2336 437 2413 dere
452 2335 558 2442 quod
576 2333 707 2413 fratres
722 2333 866 2412 ordinis
884 2334 1081 2414 crederent
1093 2334 1349 2415 ecclesiasticis
1362 2336 1611 2427 sauamentis,
1627 2336 1768 2444 quibus

346 2469 426 2570 ipse
446 2465 638 2554 credebat,
658 2481 696 2541 et
711 2467 816 2572 quod
837 2493 969 2543 eorum
986 2465 1200 2545 sacerdotes
1219 2463 1346 2545 debite
1367 2464 1609 2545 celebrarent.
1631 2467 1766 2547 Statim

345 2625 415 2702 pro
428 2596 602 2703 professis
611 2595 860 2684 habebantur,
872 2613 910 2674 et
922 2595 1101 2702 jurabant
1115 2595 1290 2685 ordinem
1305 2623 1383 2675 non
1398 2596 1509 2674 exire.
1527 2596 1769 2680 Clandestine

346 2725 634 2833 recipiebantur,
655 2725 771 2803 nullis
789 2725 1027 2833 presentibus
1052 2725 1124 2805 nisi
1143 2723 1320 2804 iratribus
1339 2726 1501 2816 ordinis,
1528 2755 1572 2804 ex
1589 2756 1667 2835 quo
1688 2757 1771 2809 cre-

346 2857 402 2933 dit
433 2857 535 2964 quod
556 2873 654 2934 esset
673 2855 834 2963 suspicio
855 2873 984 2933 contre
1008 2883 1084 2935 eos.
1106 2855 1285 2936 Cordulis
1303 2857 1406 2935 unde
1425 2855 1600 2936 volebant
1624 2886 1771 2939 aestuu-

346 2987 418 3092 ptis
432 2972 678 3093 cingebantur
699 3013 814 3092 super
835 2985 1002 3064 camisias
1023 3013 1110 3063 cum
1124 2985 1264 3093 quibus
1281 2985 1466 3094 jacebant.
1490 2987 1669 3067 durabant
1689 3017 1769 3070 non
1800 2999 1804 3017 '

346 3117 509 3194 revelare
526 3132 668 3194 secreta
687 3114 968 3220 capituliorum,
989 3112 1173 3201 demodo
1192 3115 1422 3222 recepcionis
1436 3116 1587 3222 speciali
1605 3146 1681 3198 uon
1699 3121 1769 3199 hs-

344 3247 422 3323 bita
443 3245 661 3333 mensione,
682 3244 747 3351 qui
772 3242 996 3321 revelassent
1018 3243 1230 3321 incarcerati
1250 3243 1419 3323 brissent.
1442 3245 1596 3354 Absque
1613 3247 1770 3328 licencia

345 3404 422 3451 non
443 3392 616 3482 poterant
634 3373 718 3451 aliis
735 3402 850 3481 quam
872 3372 1127 3452 sacerdotibus
1147 3374 1293 3456 ordinis
1311 3374 1495 3454 confiteri.
1516 3378 1664 3456 Fratres
1682 3382 1769 3486 qui-

346 3505 417 3582 bus
433 3506 553 3582 credit
570 3522 657 3583 nota
671 3503 786 3582 fuisse
802 3502 929 3581 illicita
947 3501 1151 3582 consessata
1169 3532 1238 3610 per
1253 3503 1508 3583 eumfuerunt
1522 3506 1767 3616 negligentes,

346 3635 432 3740 quia
459 3663 536 3713 non
560 3651 801 3713 correxerunt
824 3663 866 3711 ea
886 3662 955 3711 nec
979 3632 1301 3712 denunciaverunt
1318 3636 1495 3717 Ecclesie.
1523 3639 1564 3716 ln
1588 3638 1769 3721 domibus

347 3767 490 3845 ordinis
507 3768 546 3845 in
565 3765 707 3874 quibus
728 3766 849 3844 extitit
867 3781 1134 3856 commoratus,
1156 3765 1252 3844 vidit
1269 3765 1493 3846 elemosinas
1517 3786 1554 3847 et
1573 3769 1770 3877 hospitali-

345 3915 459 3974 tatem
477 3898 740 3976 convenienter
754 3897 837 3974 fieri
854 3914 891 3973 et
909 3897 1066 3985 servari,
1083 3914 1121 3975 et
1139 3897 1416 4003 precipiebatur
1434 3898 1487 3976 eis
1502 3901 1608 4006 quod
1623 3900 1769 3979 elemo-

345 4031 443 4107 sinas
465 4047 503 4106 et
520 4028 620 4107 bons
644 4027 788 4106 ordinis
810 4026 936 4105 debite
959 4044 1229 4105 conservarent.
1254 4027 1406 4106 Audiuit
1428 4028 1502 4105 dici
1525 4031 1630 4137 quod
1649 4030 1766 4120 clam,

345 4159 459 4237 nullis
475 4157 715 4265 presentibus
730 4156 801 4235 nisi
816 4156 993 4234 fratribus
1010 4157 1170 4249 ordinis,
1188 4185 1322 4236 eorum
1337 4159 1511 4264 capitulis
1525 4159 1765 4244 tenebantur.

345 4289 525 4366 Ordinata
549 4316 617 4396 per
635 4287 856 4394 Magistrum
878 4315 964 4364 cum
985 4304 1171 4365 conventu
1191 4305 1369 4365 servasset
1387 4305 1488 4366 totus
1508 4290 1614 4378 ordo,
1637 4308 1769 4368 contra

345 4447 458 4523 quem
476 4447 578 4496 nunc
596 4417 752 4525 grandia
770 4417 962 4506 scandala,
983 4418 1145 4524 suspicio
1165 4434 1203 4495 et
1218 4416 1369 4495 infamia
1382 4435 1473 4497 sunt
1492 4435 1628 4496 exorta.
1647 4420 1767 4499 Audi·

324 4639 326 4651 <
345 4549 394 4625 vit
410 4548 481 4624 dici
499 4577 676 4656 magnum
694 4549 914 4656 Magistrum
929 4566 967 4626 et
982 4547 1075 4626 alios
1089 4547 1212 4656 aliqua
1226 4545 1340 4628 fuisse
1355 4547 1544 4629 confessos
1559 4567 1689 4629 contra
1704 4578 1766 4630 or-

347 4678 493 4766 dinem,
514 4678 561 4755 ad
580 4680 688 4787 cujus
711 4677 985 4759 deffensionem
1007 4708 1047 4757 se
1065 4704 1143 4757 non
1163 4678 1362 4757 obtulerat.

402 4808 617 4914 Requisitus
629 4812 660 4888 si
673 4810 726 4887 sic
739 4810 964 4929 deposuerat
976 4839 1103 4917 prece,
1115 4826 1309 4917 precepto,
1327 4811 1480 4902 timore,
1498 4840 1641 4904 amore,
1659 4815 1762 4901 odio,
