4236 5948
350 545 423 622 tot
741 527 936 620 ruocts
961 545 1057 616 ons
1083 544 1378 618 murmuras».

347 706 437 766 ωηο
458 688 568 764 idem·
580 686 693 764 frater
712 686 941 766 Guillermus
960 686 1140 792 aportavit
1159 685 1229 763 sibi
1249 685 1450 791 quamdam
1469 714 1619 764 crucem
1637 688 1677 762 in
1698 715 1770 793 qua

349 839 427 897 erat
444 845 578 929 ymago
598 819 712 896 Jhesu
732 819 870 897 Christi
881 852 893 906 ,’
913 836 949 893 et
971 818 1101 923 petivit
1124 818 1309 925 recipiens
1328 817 1434 925 cujus
1456 817 1669 924 ymaginem
1696 847 1773 895 cre·

348 948 461 1029 debat
481 979 560 1027 esse
582 949 652 1037 ibi,
676 949 810 1055 etipse
831 949 1024 1054 respondit
1045 950 1149 1054 quod
1168 948 1386 1058 ymaginem*
1401 947 1518 1024 Jhesu
1543 947 1705 1039 Christi3
1736 967 1774 1026 et

347 1090 437 1159 ωηο
455 1081 622 1187 precepit
640 1079 711 1157 sihi
730 1079 835 1186 quod
855 1098 1008 1186 negaret
1027 1078 1135 1156 illum
1155 1080 1261 1186 cujus
1278 1079 1399 1184 ⁴figura
1420 1094 1498 1154 erat
1516 1079 1587 1168 ibi,
1611 1095 1648 1157 et
1662 1108 1773 1186 spue-

346 1230 403 1289 ret
420 1230 478 1289 ter
493 1239 604 1317 supra
619 1239 786 1300 erucem,
809 1210 983 1317 quiahoc
999 1223 1078 1287 erat
1089 1211 1225 1288 modus
1240 1210 1399 1298 ordinis,
1417 1227 1454 1286 et
1470 1227 1560 1286 tunc
1575 1209 1654 1315 ipse
1664 1207 1768 1300 fecit,

347 1370 411 1418 ore
429 1359 465 1419 et
481 1371 557 1419 ηοη
578 1342 705 1419 corde.
727 1341 834 1418 Dixit
844 1341 968 1433 ¹eciam
982 1368 1051 1445 per
1063 1341 1320 1447 juramentum
1342 1368 1450 1416 suum
1472 1339 1575 1446 quod
1590 1341 1773 1446 recipiens

345 1472 432 1550 lecit
452 1500 491 1552 se
509 1472 667 1551 oseulari
687 1472 733 1550 ab
754 1500 799 1550 eo
820 1473 859 1548 in
880 1472 1077 1562 umbilico;
1098 1490 1135 1548 et
1153 1489 1283 1578 postea
1303 1471 1465 1578 injunxit
1484 1471 1554 1548 sibi
1575 1472 1679 1577 quod
1696 1500 1772 1548 om-

346 1605 435 1681 nino
447 1604 653 1682 abstineret
667 1633 688 1680 a
703 1602 944 1691 mulieribus,
963 1620 1000 1678 et
1019 1602 1049 1678 si
1066 1602 1166 1678 calor
1185 1601 1361 1678 naturalis
1380 1619 1532 1707 urgeret
1547 1630 1633 1677 eum
1650 1601 1699 1678 ad
1715 1602 1773 1677 in-·

345 1735 633 1824 continenciam,
655 1735 759 1840 quod
779 1736 856 1840 ipse
876 1751 913 1810 et
932 1733 991 1810 alii
1009 1732 1140 1811 fratres
1157 1733 1302 1810 ordinis
1320 1732 1601 1840 refrigescerent
1616 1761 1654 1808 se
1671 1761 1772 1811 unus

345 1865 545 1952 eumalio,
572 1893 642 1941 nec
669 1866 763 1943 ordo
787 1866 1136 1970 diffamareturpro
1163 1863 1398 1940 mulieribus.
1428 1865 1679 1971 Interrogatus
1703 1891 1771 1967 per

338 1997 596 2104 juramentum
615 2013 742 2074 utrum
770 1996 848 2102 ipse
868 1996 919 2084 vi,
942 1994 999 2071 vel
1019 2012 1122 2072 metu
1146 1995 1302 2071 carceris
1325 2012 1389 2072 aut
1412 2010 1709 2078 tormentorum,
1732 1996 1770 2070 in

343 2127 534 2232 premissis
548 2126 794 2204 immiscuerit
813 2143 877 2203 aut
894 2125 1029 2203 dixerit
1046 2126 1209 2231 aliquam
1230 2125 1445 2214 falsitatem,
1467 2143 1531 2204 aut
1550 2123 1770 2202 subticuerit

345 2256 550 2354 veritatem,
574 2255 665 2333 dixit
693 2286 761 2362 per
785 2257 1041 2363 juramentum
1066 2286 1176 2334 suum
1197 2256 1300 2362 quod
1325 2284 1417 2346 non,
1447 2274 1483 2334 et
1509 2255 1613 2363 quod
1634 2284 1767 2361 puram

344 2386 534 2462 veritatem
553 2385 645 2462 dixit
665 2403 702 2464 et
717 2416 870 2464 meram.

401 2649 494 2724 Item
515 2676 629 2739 anno,
652 2649 853 2740 indicione,
870 2651 1090 2755 pontificatu
1108 2667 1146 2728 et
1166 2650 1228 2728 die
1244 2677 1303 2727 xix
1322 2651 1517 2756 predictis,
1540 2653 1579 2728 in
1599 2652 1688 2728 dicti
1705 2652 1771 2728 sra-

343 2777 411 2853 tris
430 2778 624 2855 Laurencii
647 2780 889 2856 commissarii
913 2781 1328 2887 supradicti,‘nostrum
1344 2783 1577 2859 notariorum
1597 2781 1770 2888 publico-

343 2928 427 2984 rum
452 2927 489 2986 et
512 2910 664 2987 testium
690 2909 1007 3016 infrascriptorum
1039 2913 1227 3016 presencia
1259 2912 1502 3017 personaliter
1527 2915 1767 3000 constitutus,

343 3038 698 3118 frater‘Bertrandus
714 3041 760 3119 de
782 3041 1047 3147 Montigniaco.
1070 3040 1260 3130 Auberici,
1283 3044 1389 3120 etatis
1413 3043 1683 3149 quinquaginta
1706 3071 1770 3118 an-

343 3194 481 3245 norum
494 3168 551 3245 vel
565 3170 679 3257 circa,
703 3168 839 3246 eodem
855 3146 971 3247 modo
984 3171 1147 3276 juratus,
1167 3188 1204 3246 et
1216 3173 1418 3277 requisitus
1432 3201 1500 3278 per
1509 3173 1768 3279 juramentum

343 3314 470 3387 suum,
493 3298 584 3374 dixit
605 3298 710 3404 quod
728 3317 901 3404 receptus
919 3299 988 3375 luit
1004 3328 1073 3405 per
1091 3299 1243 3377 fratrem
1260 3303 1442 3378 loannem
1463 3303 1510 3378 de
1532 3304 1713 3410 Sarnay0,
1731 3305 1769 3379 in

344 3425 458 3503 domo
476 3428 746 3517 Suessionensi,
767 3429 1005 3533 presentibus
1020 3429 1131 3506 lratre
1147 3430 1316 3509 Gerardo
1330 3433 1378 3509 de
1394 3433 1611 3538 Argentolio
1626 3435 1767 3523 milite,

345 3574 382 3666 et
402 3558 513 3636 fratre
533 3559 700 3666 Remigio
717 3559 765 3638 de
776 3560 952 3650 Plosiaco,
969 3578 1006 3638 et
1020 3561 1243 3666 quibusdam
1259 3562 1352 3653 aliis,
1365 3582 1449 3641 octo
1460 3565 1642 3642 annisunt
1655 3565 1767 3671 elapsi

343 3687 402 3764 vel
409 3688 515 3767 circa.
526 3690 627 3767 Dixit
636 3691 751 3767 eciam
761 3719 829 3797 per
836 3691 1093 3798 juramentum
1109 3720 1220 3771 suum
1232 3695 1354 3801 quod,
1371 3713 1454 3799 post
1468 3696 1604 3772 multas
1618 3699 1770 3800 promis

342 3820 466 3898 siones
480 3820 528 3897 de
553 3822 698 3899 stamtis
718 3841 765 3899 et
782 3824 934 3901 seeretis
948 3823 1092 3902 ordinis
1113 3825 1351 3903 observandis
1365 3827 1410 3903 ab
1430 3856 1475 3905 eo
1494 3827 1622 3915 saetas,
1647 3828 1769 3904 dictus

342 3950 544 4058 recipiens,
566 3970 764 4058 preceptor
787 3970 879 4030 tunc
907 3954 1003 4030 dicte
1029 3954 1163 4031 domus
1191 3956 1484 4047 suessionensis,
1511 3956 1674 4034 ostendit
1697 3958 1767 4035 sihi

342 4081 541 4187 quamdam
561 4084 767 4160 crucemin
787 4099 861 4191 qua
881 4103 959 4162 erat
975 4114 1110 4193 ymago
1129 4086 1244 4163 lhesu
1264 4086 1402 4164 Christi
1430 4089 1591 4193 depicta,
1618 4105 1656 4164 et
1678 4088 1770 4165 dixit

342 4210 411 4288 sibi
429 4213 534 4319 quod
554 4241 629 4291 non
646 4215 818 4291 crederet
829 4215 868 4290 iu
883 4244 985 4306 eum,
1006 4217 1094 4323 quia
1110 4216 1225 4293 nichil
1243 4203 1336 4306 erat,
1355 4235 1392 4294 et
1405 4219 1509 4324 quod
1522 4235 1599 4294 erat
1613 4219 1769 4324 quidam

342 4341 454 4421 falsus
466 4344 661 4450 propheta,
678 4363 715 4423 et
727 4346 843 4422 nichil
862 4346 1026 4438 valebat;
1051 4349 1165 4425 immo
1178 4350 1349 4428 crederet
1368 4351 1406 4425 in
1422 4351 1546 4428 Deum
1562 4349 1643 4427 Celi
1660 4376 1770 4455 supe·

342 4473 496 4564 rimam,
518 4475 581 4581 qui
602 4493 749 4582 poterat
761 4477 915 4567 salvare;
938 4496 975 4553 et
993 4480 1158 4583 precepit
1177 4480 1294 4555 eciam
1313 4481 1417 4585 quod
1436 4482 1515 4586 ipse
1535 4497 1689 4586 spueret
1707 4509 1770 4557 su·

342 4632 407 4708 pra
431 4633 580 4682 crucem
601 4625 637 4684 et
654 4607 865 4715 ymaginem
885 4609 1108 4713 predictam,
1130 4627 1167 4686 et
1186 4627 1277 4687 tunc
1294 4609 1374 4716 ipse
1394 4611 1458 4716 qui
1475 4611 1648 4718 loquitur
1662 4609 1769 4687 finxit

343 4759 383 4809 se
403 4744 552 4839 spuere,
578 4737 742 4815 sednon
762 4739 862 4843 spuit
881 4767 991 4844 supra
1004 4741 1108 4847 quod
1128 4760 1267 4845 posset,
1290 4743 1408 4818 immo
1429 4741 1530 4847 spuit
1548 4742 1597 4818 ad
1615 4759 1766 4818 terram.

344 4863 539 4957 Quolacto
559 4865 679 4944 dietus
696 4867 881 4973 recipiens
903 4871 1011 4947 traxit
1030 4898 1117 4948 eum
1136 4872 1183 4948 ad
1210 4889 1369 4977 partem,
1395 4889 1435 4950 et
1452 4872 1580 4950 levatis
1604 4871 1769 4950 vestibus
