4236 5948
1306 198 1430 381 t

731 524 929 616 nuocns
956 530 1049 613 uns
1075 542 1373 615 ruuvnrnus.
1691 544 1761 616 us

342 702 477 794 puncta
497 684 587 762 dicti
609 681 768 769 ordinis,
793 699 830 759 et
857 698 951 758 tunc
982 682 1060 787 ipse
1088 681 1195 758 testis
1219 680 1418 790 ¹abnegavit
1442 683 1568 760 Deum
1589 707 1653 760 ore
1683 710 1759 760 non

342 816 465 894 corde.
486 813 633 893 Deinde
655 812 746 889 dixit
775 813 808 889 ei
825 811 946 918 quod,
973 811 1183 889 secundum
1209 812 1307 889 dicta
1336 829 1493 919 puncta,
1516 829 1662 919 poterat
1682 841 1760 887 car·

342 947 475 1025 naliter
494 944 728 1024 commisceri
750 941 928 1020 fratribus
949 941 1093 1020 ordinis
1113 921 1151 1020 et
1170 942 1240 1048 ipsi
1262 972 1348 1020 eum
1370 971 1431 1032 eo,
1455 961 1493 1021 et
1509 944 1584 1021 hoe
1598 941 1760 1019 debebat

251 1163 255 1172 ¹
340 1076 431 1185 pati;
448 1076 526 1181 ipse
545 1091 673 1151 tamen
695 1099 889 1179 nunquam
904 1070 991 1148 lecit
1011 1099 1079 1148 nec
1098 1071 1169 1149 luit
1188 1072 1410 1178 requisitus,
1432 1101 1503 1150 nec
1522 1073 1640 1149 credit
1655 1074 1760 1179 quod

341 1208 378 1284 in
398 1205 532 1283 ordine
552 1204 672 1280 fieret.
694 1205 783 1281 Post
801 1230 876 1309 que
891 1201 1058 1309 precepit
1080 1200 1113 1277 ei
1135 1203 1240 1309 quod
1253 1218 1405 1307 spueret
1424 1228 1540 1308 super
1555 1203 1758 1310 quamdam

342 1364 489 1414 crucem
504 1335 683 1443 ligneam,
705 1333 743 1409 in
763 1361 836 1439 qua
854 1358 930 1410 non
952 1349 1032 1409 erat
1042 1358 1193 1439 ymago,
1215 1360 1282 1438 per
1302 1333 1446 1410 dictum
1461 1350 1694 1438 receptorem
1712 1335 1759 1408 de

342 1484 440 1544 retro
460 1465 565 1542 altari
586 1479 833 1568 assumptam,
862 1480 898 1539 et
937 1492 1024 1539 cum
1051 1463 1129 1567 ipsc
1149 1462 1254 1540 testis
1279 1463 1422 1539 diceret
1445 1492 1484 1541 so
1511 1463 1585 1540 hoc
1609 1492 1686 1540 non
1711 1463 1762 1538 l-

343 1580 510 1682 oturum,
535 1593 657 1671 dictus
676 1608 848 1698 receptor
868 1593 960 1668 dixit
980 1592 1083 1698 quod
1105 1593 1176 1668 hoc
1194 1590 1392 1696 oportebat
1410 1619 1499 1668 eum
1514 1591 1652 1678 facere,
1673 1595 1762 1701 quia

342 1726 411 1803 boc
431 1739 510 1801 erat
530 1725 577 1800 de
597 1722 746 1829 punctis
766 1721 927 1810 ordinis3
950 1738 987 1797 et
1006 1738 1099 1797 tune
1117 1721 1196 1826 ipse
1217 1721 1323 1798 testis
1342 1720 1445 1824 spuit
1462 1746 1539 1796 non
1564 1749 1675 1825 supra
1695 1720 1763 1799 sed

337 1857 440 1963 juxta
460 1854 598 1930 dictam
620 1880 782 1928 crucem.
803 1850 1019 1956 Requisitus
1039 1851 1068 1926 si
1089 1850 1161 1926 alia
1181 1849 1311 1926 illicita
1337 1848 1377 1925 in
1396 1848 1577 1956 predictis
1595 1848 1764 1928 articulis

342 2001 514 2061 contenta
539 1999 603 2059 aut
631 1981 702 2057 alia
734 1975 1012 2057 intervenerant
1042 1981 1079 2054 in
1111 1979 1330 2084 recepcione
1363 2007 1428 2056 sua
1452 1978 1510 2056 vel
1537 1996 1638 2087 post,
1671 1979 1763 2059 dixit

341 2115 445 2221 quod
464 2141 554 2190 non.
578 2111 795 2218 Requisitus
821 2112 851 2186 si
872 2109 992 2187 credit
1011 2110 1116 2217 quod
1136 2109 1303 2216 predicta
1323 2107 1450 2187 illicita
1472 2107 1677 2187 confessata
1696 2137 1764 2215 per

342 2272 428 2321 eum
447 2242 506 2319 vel
532 2242 602 2319 alia
627 2242 895 2318 intervenirent
914 2241 954 2316 in
975 2241 1262 2346 recepcionibus
1287 2240 1448 2317 aliorum'
1465 2237 1527 2317 vel
1546 2256 1646 2345 post,
1670 2239 1763 2315 dixit

341 2373 444 2481 quod
486 2374 533 2450 de
568 2371 783 2449 conlessatis
811 2397 879 2478 per
911 2399 999 2447 eum
1027 2373 1159 2478 pocius
1187 2398 1226 2447 se
1261 2369 1414 2449 credere
1445 2368 1550 2476 quod
1579 2370 1631 2446 sic
1658 2370 1760 2475 quod

342 2503 585 2595 contrarium,
605 2503 694 2609 quia
714 2501 784 2578 luit
804 2500 873 2578 sibi
896 2501 946 2577 ita
965 2517 1205 2608 preceptum,
1220 2528 1292 2579 nec
1306 2499 1426 2578 credit
1438 2500 1481 2577 in
1496 2498 1569 2577 hiis
1588 2528 1627 2576 se
1649 2497 1763 2576 luisse

340 2635 475 2711 solum.
512 2635 626 2723 Item,
661 2633 754 2708 dixit
774 2661 813 2709 se
842 2632 996 2709 credere
1018 2631 1274 2710 ecclesiasticis
1308 2630 1565 2716 sacramentis,
1605 2632 1763 2706 credens

341 2766 444 2869 quod
471 2763 533 2839 alii
559 2761 691 2838 fratres
716 2762 859 2839 ordinis
888 2762 1024 2839 eodem
1050 2762 1170 2838 modo
1201 2761 1415 2848 crederent,
1436 2777 1476 2836 et
1500 2759 1605 2866 quod
1628 2787 1758 2871 eorum

341 2893 551 2970 sacerdotes
571 2892 700 2969 debite
726 2889 969 2968 celebrarent.
992 2892 1080 2967 Fuit
1100 2891 1173 2968 sibi
1200 2891 1345 2967 dictum
1372 2891 1478 2995 quod
1497 2889 1621 2964 statim
1650 2888 1763 2965 habe·

341 3024 451 3101 batur
468 3051 539 3129 pro
554 3022 739 3128 professo,
761 3021 829 3098 sed
848 3048 926 3098 non
942 3021 1079 3128 juravit
1097 3020 1204 3127 quod
1224 3047 1302 3098 non
1317 3020 1433 3096 exiret
1449 3016 1634 3096 ordinem.
1656 3018 1762 3097 Clam

340 3152 412 3231 fuit
442 3170 633 3260 receptus,
675 3150 791 3228 nullis
823 3150 1062 3256 presentibus
1098 3151 1168 3228 nisi
1201 3149 1378 3227 fratribus
1411 3148 1571 3237 ordinis,
1607 3148 1765 3226 credens

342 3282 459 3359 eciam
479 3284 583 3389 quod
601 3282 664 3358 alii
688 3283 739 3358 ita
758 3281 1027 3386 reciperentur.
1052 3282 1281 3357 Instruetum
1312 3279 1384 3356 fuit
1402 3279 1507 3386 quod
1526 3306 1604 3356 non
1625 3278 1764 3356 revela·

341 3431 397 3490 ret
416 3431 558 3491 secreta
577 3412 849 3519 capitulorum,
881 3412 928 3487 de
950 3413 1065 3489 modo
1095 3407 1321 3517 receptionis
1340 3437 1418 3487 non
1445 3409 1539 3487 laeta
1565 3408 1636 3485 alia
1656 3438 1764 3486 men-

341 3544 464 3631 tione,
493 3544 649 3621 eredens
678 3543 783 3649 quod
812 3540 895 3620 aliis
922 3541 1025 3618 idem
1052 3541 1326 3648 injungeretur,
1358 3540 1517 3647 quodsi
1540 3539 1766 3616 revelassent

341 3673 462 3776 puniti
483 3671 656 3759 luissent,
679 3673 746 3748 sed
773 3671 894 3749 nescit
913 3671 1084 3776 qualiter.
1103 3671 1281 3749 Cordulis
1301 3672 1547 3780 cingebantur
1565 3671 1766 3776 assumptis

342 3801 445 3880 unde
471 3801 659 3880 volebant.
689 3803 765 3897 Qui
792 3799 958 3879 sciebant
992 3802 1113 3879 dictos
1140 3804 1285 3879 errores
1315 3828 1393 3878 esse
1420 3800 1459 3876 in
1489 3800 1623 3878 ordine
1648 3799 1767 3906 negli-

341 3949 472 4039 gentes
490 3932 644 4010 luerunt
667 3932 733 4038 qui
754 3958 832 4008 non
857 3949 1100 4009 correxerunt
1121 3959 1187 4009 eos
1204 3959 1275 4008 nec
1296 3930 1621 4008 denunciaverunt
1640 3928 1766 4006 Eccle-

343 4063 407 4138 sie.
431 4063 664 4141 Elemosinas
689 4081 726 4140 et
745 4062 1039 4170 hospitalitatem
1066 4062 1160 4139 vidit
1179 4063 1447 4140 convenienter
1465 4061 1549 4137 fieri
1572 4077 1611 4138 et
1629 4061 1764 4136 servari

342 4192 380 4268 in
403 4191 583 4270 domibus
603 4195 749 4271 ordinis
767 4194 806 4269 in
827 4192 967 4300 quibus
986 4191 1059 4270 fuit
1077 4211 1325 4271 conversatus.
1363 4191 1544 4272 Ordinato
1563 4215 1633 4296 per
1651 4189 1765 4296 Magi·

342 4336 460 4399 strum
491 4351 578 4399 cum
611 4340 798 4400 conventu
828 4349 897 4399 suo
929 4339 1070 4400 servata
1103 4321 1260 4400 brissent
1295 4322 1336 4398 in
1368 4338 1450 4401 toto
1482 4320 1634 4408 ordine,
1677 4345 1767 4394 con·

342 4467 397 4528 tra
419 4478 532 4557 quem
555 4454 708 4558 grandia
733 4452 921 4545 scandala,
943 4452 1106 4557 suspicio
1127 4468 1166 4528 et
1188 4452 1342 4529 infamia
1361 4468 1452 4531 sunt
1470 4465 1608 4529 exorta.
1630 4445 1763 4525 lllicita

342 4579 548 4658 conlassata
566 4610 637 4689 per
656 4611 743 4660 eum
765 4583 885 4660 credit
907 4610 987 4660 esse
1007 4599 1097 4659 nota
1125 4580 1302 4660 fratribus
1320 4582 1480 4674 ordinis,
1494 4595 1629 4657 contra
1648 4603 1763 4686 quern

343 4713 485 4790 audivit
515 4714 588 4790 dici
629 4742 807 4822 magnum
838 4713 1057 4822 Magistrum
1090 4731 1128 4790 et
1165 4712 1258 4790 alios
1303 4711 1450 4820 aliquos
1478 4736 1623 4789 errores
1644 4709 1765 4787 luisse

343 4841 542 4921 confessos.
578 4844 734 4922 Ordinis
764 4844 988 4921 deffensioni
1011 4844 1200 4923 obtulerat
1220 4869 1278 4930 se,
1297 4866 1375 4921 non
1399 4841 1512 4950 ¹quod
1538 4838 1651 4917 vellet
1675 4867 1762 4915 eum

1570 4978 1614 5036 15.
