4236 5948
319 595 324 604 ,
361 531 408 607 aa
749 512 946 607 rsocss
973 486 1068 606 ons
1095 531 1400 626 'resipuisse

360 678 555 783 bonaque
576 666 715 775 laceret
735 675 773 751 in
796 675 981 785 religione
1002 672 1135 755 corum
1154 691 1281 753 essent
1298 673 1371 752 sibi
1396 673 1435 749 in
1455 675 1677 753 remissione
1701 675 1793 754 dicti

361 808 500 917 peccati
530 825 568 886 et
602 807 777 885 aliorum.
809 809 1026 916 Requisitus
1060 810 1107 887 de
1138 807 1223 886 loco
1254 823 1293 885 ct
1322 824 1494 914 tempore
1526 806 1791 899 consessionis,

361 941 558 1051 respondit
578 940 683 1048 quod
695 939 791 1029 infra
804 969 1012 1018 mensema
1034 940 1255 1048 recepcione
1267 967 1335 1016 sua
1347 938 1469 1018 fuerat
1482 938 1673 1018 consessus
1686 941 1728 1018 in
1739 970 1796 1020 ca·

361 1071 460 1179 pella
471 1071 570 1150 dicte
586 1073 724 1149 domus
741 1070 789 1149 de
800 1071 1004 1153 Bellenval.
1019 1072 1236 1179 Requisitus
1248 1096 1364 1179 quare
1378 1099 1457 1149 non
1469 1068 1593 1148 fuerat
1601 1071 1795 1152 confessus

361 1205 426 1282 alii
443 1234 557 1312 quam
572 1203 643 1311 ipsi
658 1204 862 1311 receptori,
885 1204 1084 1312 respondit
1099 1204 1205 1312 quod
1221 1235 1265 1282 ex
1280 1231 1326 1282 eo
1343 1204 1430 1310 quia
1450 1203 1595 1280 dictum
1615 1202 1740 1282 fuerat
1759 1206 1795 1282 ei

361 1337 482 1445 quod,
506 1337 648 1443 absque
668 1335 824 1412 licencia
845 1337 904 1414 sui
922 1337 1145 1442 superioris,
1168 1364 1245 1413 non
1267 1352 1417 1444 poterat
1437 1317 1519 1412 aliis
1539 1363 1653 1441 quam
1672 1364 1795 1414 sacer-

361 1468 516 1546 dotibus
537 1468 681 1544 ordinis
703 1443 893 1556 confiteri,
916 1484 956 1546 et
974 1468 1211 1576 quia·dictus
1232 1484 1406 1576 receptor
1424 1484 1503 1544 erat
1517 1483 1668 1545 curattts
1684 1494 1792 1558 suus,

361 1630 438 1679 non
457 1600 601 1678 curavit
617 1600 680 1677 ire·
691 1601 742 1677 ad
761 1600 1023 1679 confitendum
1036 1601 1122 1679 aliis
1140 1601 1400 1680 sacerdotibus
1416 1600 1563 1678 ordinis
1580 1628 1652 1677 nec
1665 1617 1795 1708 petere

306 1807 308 1811 ,
333 1805 337 1813 ,
360 1733 409 1810 ab
434 1760 480 1809 eo
507 1731 704 1809 licenciam
731 1730 813 1808 aliis
838 1730 903 1838 qui
928 1761 1006 1811 non
1027 1749 1154 1812 essent
1173 1735 1225 1811 de
1253 1761 1388 1811 eorum
1413 1732 1547 1811 ordine
1571 1730 1792 1810 confitendi.

359 1865 475 1953 Item,
506 1862 600 1940 dixit
623 1891 663 1939 se
689 1862 788 1940 bene
816 1863 971 1941 credere
997 1864 1257 1942 ecclesiasticis
1273 1865 1531 1953 sacramentis,
1544 1853 1593 1941 et
1610 1863 1716 1972 quod
1731 1864 1793 1941 alii

360 1996 616 2083 crederentet
636 2021 770 2072 eorum
788 1995 1001 2073 sacerdotes
1017 1996 1145 2077 debite
1162 1995 1411 2076 celebrarent.
1429 1994 1694 2089 Clandestine,
1711 1996 1797 2074 nul·

359 2127 407 2206 lis
428 2125 667 2233 presentibus
684 2125 756 2204 nisi
771 2125 948 2203 fratribus
967 2126 1599 2235 ordinis,recipiebantur.-Statim
1615 2156 1686 2235 pro
1706 2155 1795 2234 pro-

360 2258 467 2340 fessis
492 2258 744 2336 habebantur.
776 2238 955 2337 Cordulis
983 2259 1087 2336 unde
1114 2259 1295 2336 volebant
1319 2261 1521 2366 assumptis
1549 2259 1797 2367 cingebantur

360 2419 472 2498 supra
496 2388 774 2466 camisias-cum
795 2388 936 2496 quibus
953 2389 1148 2497 jacebant,
1170 2389 1211 2467 in
1238 2390 1390 2498 signum
1416 2389 1604 2468 castitatis.
1628 2391 1706 2484 Qui
1724 2420 1797 2468 no·

359 2523 519 2602 luissent
536 2519 658 2615 facere
683 2517 816 2594 illicita
841 2520 1117 2624 quedeposuit
1145 2519 1390 2596 intervenisse
1415 2523 1454 2596 in
1481 2522 1702 2629 recepcione
1729 2552 1796 2601 sua

358 2654 519 2732 luissent
540 2649 686 2759 puniti,
714 2647 834 2725 nescit
859 2648 1045 2755 qualiter‚·
1058 2665 1095 2725 et
1110 2648 1356 2727 inhibebatur
1375 2649 1430 2727 eis
1446 2679 1495 2727 ne
1515 2653 1724 2731 revelarent
1738 2683 1798 2734 se·

360 2800 460 2860 creta
483 2781 739 2889 capitulorum
756 2807 827 2857 nec
843 2780 1003 2857 modum
1023 2779 1256 2886 receptionis
1276 2809 1360 2869 sue,
1384 2799 1423 2857 et
1440 2781 1548 2888 quod
1570 2808 1648 2862 non
1665 2785 1798 2894 loque-

358 2931 502 3007 rentur,
535 2913 654 2992 eciem
680 2912 782 2990 intar
804 2939 861 2999 se,
893 2912 941 2988 de
965 2910 1165 3018 predictis,
1196 2929 1235 2988 et
1262 2912 1384 2989 credit
1412 2915 1517 3019 quod
1541 2914 1797 3021 perdidissent

358 3046 531 3126 habitum
557 3045 588 3121 si
619 3042 852 3122 mntrarium
876 3041 1063 3120 fecissent.
1096 3044 1247 3133 Fratres
1279 3043 1441 3121 scientes
1470 3073 1616 3123 errores
1640 3045 1797 3126 suerunt

360 3178 593 3287 negligentes
616 3174 705 3282 quia
724 3192 812 3252 non‘·
830 3193 1074 3252 correxerunt
1095 3203 1163 3254 eos
1188 3204 1266 3295 neci
1279 3175 1794 3257 denunciavenmtEcclesie.

360 3312 403 3387 ln
427 3307 609 3386 domibus
633 3306 779 3385 ordinis
804 3308 844 3385 in
869 3306 1010 3414 quibus
1035 3307 1159 3385 extitit
1184 3326 1440 3386 commoratus
1457 3307 1552 3386 vidit
1572 3309 1797 3390 elemosinas

360 3459 405 3520 et·
420 3438 716 3548 hospitalitatem
739 3438 1010 3517 convenienter
1033 3439 1172 3518 borist
1191 3441 1349 3532 servari,
1374 3458 1413 3518 et
1432 3441 1576 3519 audivit
1595 3440 1670 3519 dici
1685 3445 1796 3551 >quod

359 3571 535 3680 capitulia
559 3569 748 3680 generalia
773 3570 886 3661 clam,
921 3570 1038 3649 nullis
1064 3573 1308 3680 presentibus
1334 3573 1406 3649 nisi
1434 3571 1612 3671 fratribus
1632 3575 1792 3666 ordinis,

359 3704 599 3791 tenebantur,
622 3703 827 3811 aliquando
844 3701 1012 3781 multum
1036 3704 1275 3813 tempestive,
1298 3722 1336 3781 et
1361 3704 1484 3782 eredit
1500 3707 1603 3812 quod
1623 3706 1796 3785 ordinata

360 3863 429 3943 per
446 3835 668 3944 Magistrum
684 3860 771 3913 cum
788 3853 976 3914 conventu
992 3834 1151 3913 fuissent
1169 3835 1312 3915 servata
1332 3837 1371 3912 in
1391 3852 1474 3913 toto
1494 3834 1647 3925 ordine,
1667 3845 1796 3917 contra

360 3997 476 4075 quern
492 3995 594 4045 nunc
609 3967 765 4074 grandia
780 3965 972 4058 scandala,
989 3967 1152 4075 suspicio
1166 3985 1208 4046 et
1227 3967 1381 4044 infamia
1398 3984 1489 4046 sunt
1508 3987 1645 4048 exorta.
1662 3970 1797 4049 Credit

358 4101 464 4209 quod
485 4099 615 4177 illicita
636 4098 845 4177 confessata
869 4127 938 4205 per
956 4127 1045 4177 eum
1068 4118 1192 4179 esseut
1212 4099 1410 4178 manifesta
1430 4099 1610 4180 fratribus
1630 4102 1791 4191 ordinis,

359 4251 488 4311 contra
519 4260 635 4340 quem
659 4231 803 4309 audiuit
829 4260 1010 4340 magnum
1040 4233 1264 4341 Magistrum
1288 4250 1327 4310 et
1353 4234 1447 4311 alios
1474 4233 1622 4343 aliquos
1648 4260 1795 4313 errores

363 4365 477 4443 fuisse
494 4362 706 4454 confessos3
723 4392 801 4441 non
821 4363 1010 4442 obtulerat
1025 4393 1065 4443 se
1086 4365 1135 4442 ad
1150 4363 1424 4444 deffensionem
1445 4366 1601 4443 ordinis.

415 4495 635 4602 Requisitus
648 4495 678 4572 si
693 4495 746 4572 sic
760 4495 989 4602 deposuerat
1000 4524 1130 4604 prece,
1143 4514 1339 4605 precepto,
1357 4498 1511 4587 timore,
1526 4526 1670 4585 amore,
1683 4497 1791 4588 odio,

362 4627 418 4704 vel
429 4625 629 4733 temporali
645 4627 809 4712 comodo
823 4626 955 4706 babito
974 4628 1033 4706 vel
1047 4628 1243 4720 babendo,
1265 4628 1463 4736 respondit
1482 4630 1591 4737 quod
1609 4657 1706 4716 non,
1725 4631 1794 4706 sed

362 4786 432 4865 pro
459 4755 615 4834 veritate
636 4757 815 4850 dicenda;
837 4760 897 4837 cui
920 4759 993 4837 fuit
1009 4761 1223 4869 injunctum
1248 4761 1354 4868 quod
1376 4789 1454 4840 non
1483 4760 1669 4839 revelaret
1695 4762 1793 4838 banc

362 4918 469 4969 suam
491 4888 774 4998 deposicionem
795 4919 996 5000 quousque
1016 4894 1280 4972 attestaciones
1298 4892 1440 4971 luerint
1458 4894 1663 5001 publicata.
