4236 5948
616 527 810 620 procas
843 545 941 618 ons
971 545 1272 619 ruurnrnns.
1577 549 1650 619 209

231 689 340 766 batur
357 689 418 764 -eis
442 714 490 764 ne
513 685 653 792 absque
678 688 831 765 licencia
855 685 1126 765 confiterentur
1154 686 1236 763 aliis
1259 713 1373 791 quam
1398 685 1653 763 sacerdotibus

233 817 390 896 ordinis.
410 820 558 894 Fratres
581 819 726 896 ordinis
746 816 887 925 quibus
909 815 1028 893 credit
1044 816 1233 922 predictos
1252 843 1396 893 errores
1411 834 1521 894 notos
1540 815 1653 894 luisse

231 948 388 1026 suerunt
409 947 662 1055 negligentes,
682 949 770 1055 quia
797 976 874 1025 non
899 966 1142 1026 correxerunt
1164 974 1317 1024 cosnec
1338 946 1657 1023 denunciaverunt

231 1079 406 1158 Ecclesie.
434 1078 667 1156 Elemosinas
696 1096 733 1155 et
754 1078 1046 1185 hospitalitatem
1074 1077 1169 1154 vidit
1194 1078 1233 1153 in
1261 1076 1450 1183 aliquibus
1476 1077 1654 1154 domibus
1779 1092 1780 1095 ’

233 1209 376 1286 ordinis
398 1209 486 1287 satis
503 1210 893 1300 convenienterfieri,
910 1225 948 1286 et
964 1209 1003 1284 in
1018 1207 1101 1286 aliis
1115 1208 1300 1314 restringi.
1320 1209 1462 1285 Eorum
1479 1207 1655 1314 capitulis

232 1337 421 1446 generalia
446 1337 539 1414 clam
570 1337 809 1428 tenebantur,
841 1338 1075 1447 frequentius
1105 1355 1189 1415 ante
1222 1337 1324 1413 diem
1353 1336 1541 1443 quamde
1573 1338 1651 1423 die,

233 1469 345 1547 nullis
369 1469 608 1575 presentibus
631 1470 701 1547 nisi
726 1469 902 1548 fratribus
935 1469 1097 1558 ordinis,
1128 1486 1165 1546 et
1192 1468 1458 1574 providebatur
1479 1496 1526 1543 ne
1547 1467 1655 1543 audi-

234 1616 337 1677 retur
362 1600 532 1691 exterius·
553 1600 658 1708 quod
685 1601 843 1678 interius
870 1599 1060 1707 agebatur.
1092 1600 1224 1678 Credit
1256 1598 1361 1706 quod
1391 1598 1481 1675 dicti
1509 1626 1655 1675 errores

234 1731 299 1806 diu
321 1731 550 1807 duraverunt
565 1730 604 1807 in
620 1731 774 1822 ordine,
797 1749 834 1807 et
851 1729 957 1836 quod
973 1747 1099 1807 ortum
1114 1730 1317 1806 habuerint
1335 1728 1433 1805 ultra
1448 1756 1568 1820 mare,
1588 1727 1654 1803 ubi

232 1859 448 1966 frequenter
473 1862 788 1940 conversabantur
811 1891 897 1938 cum
921 1860 1129 1952 Saracenis,
1155 1878 1192 1936 et
1218 1859 1332 1936 lrater
1356 1857 1587 1937 Guillelmus
1607 1858 1653 1933 de

200 2013 203 2017 ’
233 1988 337 2066 Bello
366 1992 477 2066 Jocco
500 1990 677 2099 Magister
699 1992 893 2096 quondam
914 1991 1074 2082 ordinis,
1097 2007 1134 2067 et
1160 1989 1273 2066 srater
1299 1990 1472 2067 Matheus
1496 1989 1534 2065 lo
1560 1989 1655 2065 Sau-

233 2149 340 2228 vacge
380 2118 504 2211 miles,
541 2139 806 2198 contraxerunt
849 2149 1020 2228 magnam
1057 2120 1263 2197 amiciciam
1304 2148 1390 2196 cum
1424 2118 1581 2195 soldano
1617 2135 1655 2194 et

234 2251 463 2339 Sarracenis,
481 2268 519 2328 et
534 2250 656 2329 dictus
674 2251 788 2328 frater
805 2251 976 2329 Matheus
996 2251 1283 2329 conversabatur
1298 2252 1397 2327 inter
1419 2278 1496 2340 eos,
1521 2268 1558 2326 et
1578 2278 1656 2354 pre-

234 2382 330 2458 latus
350 2380 464 2457 srater
486 2380 716 2461 Guillelmus
740 2383 904 2460 babebat
922 2381 1067 2488 aliquos
1082 2383 1306 2460 Sarracenos
1327 2381 1375 2457 ad
1390 2381 1574 2487 stipendia
1590 2409 1656 2457 sua

234 2511 384 2617 quando
406 2509 573 2601 volebat,
599 2528 637 2586 et
661 2511 837 2588 dicebant
862 2511 967 2618 quod
994 2511 1067 2587 hoc
1091 2510 1279 2588 faciebant
1301 2527 1455 2617 propter
1473 2512 1654 2617 majorem

235 2641 468 2718 securitatem
499 2668 649 2730 eorum3
683 2641 750 2718 sed
772 2640 834 2717 alii
861 2641 908 2718 de
944 2642 1016 2717 hoc
1042 2639 1359 2746 obloquebantur.
1389 2640 1572 2718 Ordinata
1588 2668 1656 2746 per

234 2771 452 2880 Magistrum
483 2800 570 2847 cum
599 2789 786 2848 conventu
813 2786 992 2847 servasset
1012 2787 1115 2846 totus
1141 2770 1252 2860 ordo,
1276 2788 1403 2847 contra
1432 2800 1547 2877 quern
1568 2798 1655 2875 pro·

234 2901 492 3007 pterpredicta
501 2929 602 2978 nunc
614 2900 768 3008 grandia
778 2899 961 2989 scandala,
972 2900 1133 3005 suspicio
1151 2916 1188 2976 et
1200 2897 1350 2976 infamia
1363 2916 1452 2976 sunt
1464 2917 1601 2990 exorta,
1619 2918 1657 2977 et

236 3049 362 3110 contra
379 3061 495 3138 quem
511 3032 634 3109 dictus
644 3031 819 3138 Magister
834 3049 871 3107 et
881 3029 942 3109 alii
956 3030 1134 3107 dicuntur
1146 3029 1270 3136 aliqua
1288 3030 1400 3108 fuisse
1412 3029 1588 3117 conlessi;
1609 3030 1656 3107 ad

235 3165 339 3271 cujus
364 3163 509 3240 ordinis
528 3161 802 3238 deffensionem
822 3189 861 3237 se
883 3188 960 3237 non
978 3159 1184 3248 obtulerat,
1208 3188 1278 3236 nec
1291 3158 1413 3237 bremt
1425 3160 1522 3238 ultra
1539 3191 1654 3238 mare.

290 3292 505 3398 Requisitus
520 3292 550 3369 si
565 3292 616 3367 sic
632 3291 858 3397 deposuerat
872 3318 999 3396 prece,
1013 3307 1204 3396 precepto,
1219 3290 1373 3380 timore,
1391 3319 1534 3382 amore,
1552 3292 1653 3377 odio,

233 3423 290 3500 vel
305 3421 504 3528 temporali
520 3423 682 3501 comodo
700 3421 831 3499 habito
851 3421 908 3500 vel
925 3420 1118 3508 habendo,
1140 3420 1336 3526 respondit
1354 3422 1459 3528 quod
1476 3451 1570 3514 non,
1589 3422 1656 3499 sed

235 3580 302 3656 pro
322 3552 475 3628 veritate
495 3551 672 3639 dicenda3
701 3551 761 3629 cui
787 3551 859 3627 luit
886 3552 1098 3658 injunctum
1124 3550 1226 3655 quod
1254 3579 1330 3629 non
1353 3553 1533 3630 revelaret
1561 3555 1657 3630 hanc

235 3709 339 3758 suam
357 3680 654 3788 deposicionem,
674 3708 873 3788 quousque
889 3680 1145 3757 attestaciones
1165 3679 1304 3757 luerint
1322 3682 1529 3788 publicate3
1544 3701 1583 3761 et
1600 3684 1658 3757 in-

236 3810 429 3919 telligebat
447 3812 618 3889 latinum.

291 3941 383 4019 Acta
401 3942 556 4020 luerunt
570 3945 641 4020 hec
656 3942 765 4020 dictis
781 3942 842 4019 die
862 3960 899 4020 et
919 3942 1019 4033 loco,
1042 3943 1279 4049 presentibus
1298 3944 1475 4051 magistro
1493 3945 1652 4032 Amisio,

239 4099 297 4147 me
306 4070 562 4151 Floriamonte
580 4072 800 4159 Dondedei,
824 4089 861 4149 et
879 4071 960 4151 aliis
975 4073 1130 4151 notariis
1143 4101 1253 4178 supra
1274 4073 1409 4149 ultimo
1425 4072 1636 4148 nominatis.

290 4332 485 4423 Posthac,
514 4334 577 4411 die
595 4338 702 4412 Lune
723 4335 911 4443 sequenti,
934 4364 1008 4442 que
1028 4335 1102 4412 luit
1123 4363 1145 4413 x
1170 4336 1252 4413 dies
1274 4335 1364 4412 dicti
1384 4335 1524 4412 mensis
1549 4335 1654 4424 maii,

235 4460 307 4536 luit
329 4461 515 4540 adductus
542 4464 591 4540 ad
609 4465 841 4570 presenciam
868 4464 1092 4542 corumdem
1113 4464 1356 4542 dominorum
1383 4463 1657 4542 commissario-

235 4620 340 4684 rum,
357 4593 397 4668 in
414 4592 530 4672 domo
545 4594 712 4707 predicta
728 4595 874 4673 domini
886 4595 987 4673 Petri
1005 4594 1052 4672 de
1070 4594 1275 4686 sabaudia,
1295 4594 1409 4671 frater
1426 4594 1550 4670 Helias
1564 4594 1656 4672 Cos-

233 4723 298 4797 tati
317 4723 499 4810 serviens,
520 4725 769 4803 Xantonensis
793 4726 963 4814 diocesis,
979 4727 1085 4803 testis
1100 4754 1208 4831 supra
1219 4725 1378 4831 juratus,
1394 4741 1436 4804 ut
1450 4725 1657 4830 deponeret

236 4850 379 4930 dictum
397 4882 526 4944 suum,
554 4856 813 4964 sexagenarius
833 4855 891 4935 vel
911 4857 1024 4946 circa,
1050 4855 1271 4934 mantellum
1294 4854 1437 4932 ordinis
1452 4871 1490 4932 et
1501 4854 1656 4932 barbam

342 4992 451 5054 rnocls
474 5013 527 5055 ors
548 5014 721 5057 munerans.
735 5016 818 5055 -ιι,
1471 5012 1509 5071 27
