4236 5948
502 531 577 603 312
889 499 1085 595 rnocds
1111 520 1206 593 nus
1231 519 1530 592 ruurmuns.

559 669 653 743 Item
673 660 785 739 frater
803 660 991 738 Johannes
1012 663 1059 739 de
1078 661 1248 740 Verreria
1278 659 1389 737 frater
1411 662 1593 751 serviens,
1609 660 1757 766 juratus
1787 659 1920 740 eodem

502 795 616 873 modo
639 794 686 869 de
707 820 746 867 se
769 809 805 869 et
825 791 906 868 aliis
929 791 966 866 in
988 819 1094 867 causa
1114 790 1205 867 fidei
1234 791 1356 867 dicere
1376 790 1588 878 veritatem,
1618 807 1654 865 et
1676 790 1922 897 interrogatus

505 925 553 1000 de
573 941 741 1028 tempore
762 941 799 1000 et
818 921 933 997 modo
959 949 1025 996 sue
1053 921 1298 1024 recepcionis,
1326 920 1419 996 dixit
1445 947 1512 1024 per
1531 919 1788 1024 juramentum
1810 948 1921 998 suurn

501 1054 606 1160 quod
624 1055 775 1161 triginta
794 1052 878 1128 anni
901 1067 988 1126 sunt
1008 1049 1120 1155 elapsi
1143 1049 1247 1155 quod
1266 1050 1338 1125 luit
1358 1067 1531 1155 receptus
1551 1050 1590 1124 in
1616 1048 1729 1127 domo
1750 1050 1798 1127 de
1823 1049 1922 1128 Malo

501 1184 679 1288 Repastu,
701 1212 769 1288 per
786 1181 937 1256 fratrem
964 1181 995 1254 J.
1012 1178 1195 1254 Francisci
1220 1177 1380 1255 militem
1398 1178 1488 1254 dicti
1510 1177 1670 1267 ordinis,
1687 1179 1922 1284 presentibus

500 1311 610 1388 fratre
624 1310 822 1417 Radulpho
839 1309 885 1384 de
899 1308 1103 1413 Triangulo
1126 1306 1236 1383 fratre
1256 1307 1344 1382 dicti
1373 1307 1533 1394 ordinis,
1554 1324 1592 1383 et
1605 1308 1830 1414 quibusdam
1844 1309 1923 1386 aliis

504 1441 550 1517 de
576 1470 738 1546 quorum
759 1438 974 1516 nominibus
1002 1465 1077 1512 non
1104 1436 1246 1513 recolit.
1263 1438 1364 1513 Dixit
1383 1437 1498 1512 eciam
1519 1437 1637 1540 quod,
1657 1437 1766 1544 [post]
1787 1438 1924 1514 multas

500 1571 767 1675 promissiones
786 1570 896 1645 lactas
913 1569 960 1644 de
976 1566 1215 1644 observandis
1233 1567 1381 1642 statutis
1396 1566 1485 1642 dicti
1495 1565 1659 1654 ordinis,
1676 1583 1842 1672 aportata
1855 1565 1925 1642 fuit

502 1698 663 1805 quedam
680 1729 768 1776 crux
785 1699 825 1774 in
843 1725 916 1803 qua
938 1712 1016 1772 erat
1034 1723 1165 1801 ymago
1185 1694 1367 1784 crucifixi,
1387 1712 1425 1771 et
1440 1694 1529 1772 lecit
1548 1694 1657 1772 illum
1671 1696 1856 1801 recipiens
1867 1712 1926 1772 ter

503 1830 685 1935 abnegare
705 1829 812 1905 illum
828 1829 934 1934 cujus
948 1854 1079 1933 ymago
1097 1842 1174 1901 erat
1193 1825 1245 1901 ibi
1261 1825 1424 1929 depicta,
1445 1842 1484 1901 et
1497 1841 1556 1901 ter
1569 1853 1701 1930 spuere
1717 1856 1727 1900 z
1742 1825 1802 1902 bis
1815 1855 1926 1931 supra

502 1987 649 2035 crucem
671 1976 708 2034 et
725 1957 840 2036 semel
855 1957 903 2032 ad
922 1974 1070 2032 terram.
1087 1955 1189 2033 Dixit
1209 1955 1325 2031 eciam
1344 1982 1413 2059 per
1424 1955 1679 2061 juramentum
1695 1982 1806 2032 suum
1822 1955 1926 2062 quod

503 2089 670 2193 precepit
677 2087 748 2163 sibi
764 2086 867 2192 quod
887 2085 1087 2161 abstineret
1103 2113 1141 2159 se
1160 2082 1433 2171 amulieribus,
1453 2100 1489 2159 et
1503 2085 1762 2161 commisceret
1780 2112 1820 2160 se
1842 2112 1926 2160 cnm

503 2217 732 2300 hominibus.
753 2218 1006 2322 Interrogatus
1018 2214 1065 2290 de
1078 2214 1225 2301 osculo,
1241 2213 1333 2290 dixit
1350 2241 1417 2317 per
1427 2214 1683 2320 juramentum
1695 2241 1808 2289 suum
1823 2213 1928 2319 quod
2058 2265 2064 2276 .

437 2390 443 2400 ·
505 2346 691 2424 osculatus
710 2345 1031 2449 luitrecipientem
1044 2344 1083 2418 in
1098 2343 1172 2419 fine
1189 2346 1294 2449 spine
1308 2344 1409 2419 dorsi
1425 2342 1556 2432 semel,
1575 2359 1612 2419 et
1622 2342 1739 2420 semel
1753 2344 1792 2418 in
1806 2342 1928 2420 umbi·

505 2477 594 2564 lico,
610 2492 647 2551 et
665 2474 781 2551 semel
792 2475 830 2549 in
845 2501 922 2549 ore.
940 2473 1153 2577 Requisitus
1172 2491 1300 2549 utrum
1317 2474 1368 2561 vi,
1390 2472 1447 2548 rel
1461 2489 1565 2549 metu
1579 2488 1859 2549 tormentorum
1872 2472 1928 2548 vel

506 2602 675 2690 carceris,
697 2619 761 2677 aut
777 2601 847 2678 alia
859 2601 906 2676 dc
922 2629 1045 2687 causa,
1069 2601 1108 2676 in
1125 2601 1365 2706 deposicione
1381 2630 1447 2677 sua
1463 2601 1596 2677 dixerit
1610 2600 1822 2690 salsitatem,
1840 2601 1930 2677 dixit

505 2759 574 2838 per
597 2734 855 2840 juramentum
884 2760 995 2807 suum
1022 2733 1126 2837 quod
1146 2760 1237 2820 non,
1269 2733 1384 2808 immo
1404 2759 1537 2836 puram
1559 2747 1597 2808 et
1621 2759 1763 2808 meram
1789 2730 1930 2807 dixerat

506 2863 710 2940 veritatem.
1404 2869 1406 2874 ’

565 3125 658 3201 Item
682 3124 795 3200 frater
815 3125 970 3231 Egidius
1001 3125 1244 3230 d'Espernaut
1269 3152 1333 3200 sur
1357 3123 1470 3200 Aisne
1503 3123 1663 3200 diocesis
1692 3124 1930 3200 Suessionen-

508 3254 574 3341 sis,
598 3253 703 3330 etatis
724 3255 908 3362 sexaginta
929 3282 1130 3344 annorum,
1157 3270 1354 3359 preceptor
1378 3253 1516 3332 domu's
1537 3252 1761 3343 d'Amblers,
1786 3253 1929 3360 juratus

510 3383 646 3459 eodem
664 3384 779 3458 modo
800 3384 847 3457 de
864 3411 903 3459 se
925 3401 962 3460 et
978 3384 1059 3459 aliis
1074 3385 1113 3459 in
1134 3411 1241 3460 causa
1257 3382 1346 3458 {idei
1363 3385 1487 3460 dicere
1500 3384 1708 3472 veritatem,
1725 3399 1762 3459 ot
1776 3383 1931 3458 interro·

509 3529 613 3619 gatus
638 3514 686 3589 de
707 3530 875 3617 tempore
901 3530 939 3589 ct
963 3514 1077 3590 modo
1107 3514 1337 3618 recepcionis
1362 3543 1445 3603 sue,
1470 3507 1564 3591 dixit
1588 3542 1657 3619 per
1680 3513 1930 3619 juramentum

509 3669 619 3719 suum
646 3643 748 3747 quod
773 3669 831 3720 xxx
850 3644 935 3719 anni
957 3662 1042 3719 sunt
1061 3646 1164 3749 quod
1184 3642 1256 3719 fuit
1277 3661 1448 3748 receptus
1467 3644 1505 3719 in
1527 3645 1642 3721 domo
1665 3643 1803 3720 Montis
1823 3643 1933 3718 Sues·

509 3771 709 3863 sionensis,
725 3801 793 3877 pcr
806 3772 957 3850 fratrem
974 3771 1212 3878 Arnulpbum
1224 3772 1278 3849 de
1298 3773 1554 3862 Wissemalle‚
1568 3772 1805 3879 presentibus
1821 3768 1932 3846 fratrc

509 3900 705 4007 Radulpbo
722 3901 770 3980 de
787 3904 926 3981 Mersin
946 3920 983 3980 et
1000 3904 1224 4009 quibusdam
1241 3905 1324 3980 aliis
1339 3903 1513 3980 fratribus
1532 3905 1580 3980 de
1600 3929 1762 4010 quorum
1774 3900 1934 3975 nomini-

509 4029 581 4106 bu's
599 4059 675 4107 non
690 4032 833 4110 recolit.
848 4034 949 4111 Dixit
962 4035 1078 4109 eciam
1094 4061 1163 4137 per
1175 4033 1430 4140 juramentum
1446 4061 1554 4109 suum
1568 4033 1688 4137 quod,
1704 4046 1790 4136 post
1802 4028 1933 4104 multas

510 4161 774 4264 promissiones
786 4161 897 4239 factas
912 4163 1016 4240 abeo
1032 4164 1079 4240 de
1096 4163 1333 4241 observandis
1347 4162 1492 4239 statutis
1509 4161 1596 4239 dicti
1610 4161 1768 4247 ordinis,
1783 4157 1935 4264 quidam

510 4288 656 4379 fratres,
678 4320 839 4397 quorum
858 4320 957 4368 unus
976 4293 1173 4369 vocabatur
1194 4293 1306 4368 lratcr
1323 4292 1552 4369 Baldoinnus
1573 4290 1619 4368 de
1634 4290 1772 4378 Theri,
1790 4303 1829 4364 et
1843 4287 1936 4363 alius

510 4419 623 4497 frater
634 4422 820 4497 Johannes
832 4421 1026 4526 leVerjuS,
1044 4422 1230 4499 duxerunt
1240 4451 1327 4498 eum
1341 4420 1388 4497 ad
1397 4421 1600 4528 quamdam
1608 4421 1717 4497 aliam
1726 4435 1885 4525 partem,
1900 4433 1937 4493 et

512 4551 757 4627 ostenderunt
775 4552 845 4628 sibi
869 4552 1069 4657 quamdam
1096 4582 1242 4629 crucem
1271 4553 1310 4627 in
1344 4554 1508 4659 quodam
1536 4551 1672 4629 missali
1701 4553 1737 4627 in
1761 4576 1836 4654 qua
1860 4563 1937 4624 crat

512 4676 630 4785 figura
656 4681 772 4757 Jhesu
792 4682 930 4759 Christi
952 4682 1111 4786 depicta,
1141 4699 1177 4758 et
1201 4684 1397 4787 pecierunt
1419 4683 1464 4758 ab
1491 4709 1536 4759 eo
1563 4699 1690 4758 utrum
1710 4681 1882 4758 crederet
1899 4679 1935 4752 in

514 4806 624 4885 illum
637 4810 741 4917 cujus
756 4840 887 4918 ymago
904 4829 981 4888 erat
993 4812 1064 4903 ihi;
1082 4814 1276 4918 respondit
1289 4813 1394 4919 quod
1404 4815 1472 4900 sic,
1493 4829 1530 4888 ct
1544 4829 1633 4889 tunc
1644 4812 1820 4889 dixerunt
1833 4806 1935 4916 quod
