4236 5948
728 534 926 626 pauens
958 553 1054 624 ons
1086 552 1393 626 Tnuamnas.
1696 555 1766 627 xm

342 695 423 803 pud
443 693 549 800 quod
571 710 650 768 crat
669 721 782 801 super
807 695 920 772 altare
942 694 1040 772 dicte
1061 723 1171 800 parve
1191 692 1332 801 capelle
1352 694 1537 800 positum,
1563 693 1681 769 nescit
1700 721 1767 798 per

341 854 475 934 quem,
491 823 599 932 juxta
619 825 850 902 santuarium
873 844 910 903 et
930 823 1076 902 vascula
1098 824 1361 931 reliquiamm,
1379 843 1416 902 et
1438 822 1532 900 dixit
1551 821 1587 900 ei
1601 824 1708 929 quod
1727 823 1765 899 in

341 954 626 1034 necessitatibus
652 954 730 1031 suis
757 956 946 1034 invocaret
976 957 1119 1032 dictum
1148 955 1282 1062 capud.
1311 954 1526 1061 Requisitus
1554 951 1665 1059 quale
1684 962 1767 1030 *erat

341 1088 485 1164 dictum
508 1084 644 1191 capud,
667 1085 761 1162 dixit
779 1087 885 1193 quod
904 1104 984 1164 erat
997 1089 1043 1164 ad
1063 1087 1177 1164 instar
1198 1084 1328 1191 capitis
1343 1083 1492 1190 Templi
1515 1111 1601 1160 cum
1624 1082 1766 1161 birreto

342 1235 380 1294 et
392 1216 509 1294 barba
529 1244 619 1291 cana
635 1233 671 1292 et
685 1215 812 1323 longa,
833 1217 902 1294 sed
919 1215 1081 1294 nonfuit
1095 1215 1529 1325 ymaginatussidictum
1551 1213 1672 1319 capud
1688 1230 1767 1292 erat

343 1345 595 1433 metallinam,
610 1345 788 1453 ligneum,
803 1347 861 1423 vel
881 1375 1043 1435 osseum,
1061 1346 1117 1423 vel
1132 1344 1353 1432 humanum,
1367 1372 1439 1420 nec
1456 1344 1635 1449 expressit
1657 1344 1690 1419 ei
1709 1344 1767 1421 di-

342 1494 424 1554 ctus
436 1493 608 1582 receptor
618 1475 725 1583 cujus
738 1495 835 1554 esset
850 1477 993 1553 dictum
1005 1476 1143 1582 capud,
1161 1505 1230 1553 nec
1250 1475 1495 1581 postmodum
1511 1473 1603 1550 vidit
1622 1474 1764 1551 dictum

343 1605 481 1713 capud,
502 1635 573 1683 nec
593 1622 679 1682 ante
699 1605 859 1697 viderat,
880 1604 969 1683 licet
987 1605 1232 1712 postmodum
1253 1602 1374 1681 suerat
1389 1605 1528 1681 centies
1542 1603 1581 1679 in
1595 1603 1693 1681 dicta
1708 1634 1767 1682 ca-

341 1736 454 1843 pella,
465 1753 508 1813 ut
522 1736 736 1815 arbitratur.
746 1736 963 1843 Requisitus
978 1737 1008 1814 si
1022 1737 1125 1813 idem
1136 1737 1239 1814 testis
1253 1735 1386 1813 habuit
1406 1734 1661 1813 intencionem
1674 1754 1765 1814 tunc

341 1866 446 1974 quod
471 1866 613 1944 dictum
639 1867 760 1973 capud
786 1884 882 1945 esset
900 1867 1065 1954 bonum,
1088 1866 1285 1973 respondit
1302 1865 1406 1973 quod
1426 1889 1522 1952 non;
1545 1866 1622 1941 imo
1642 1866 1762 1943 visum

342 1995 410 2073 fuit
420 1996 491 2074 sibi
503 1997 608 2105 quod
618 1982 736 2073 nichil
750 1997 899 2087 valeret,
912 2016 948 2075 et
961 1997 1157 2105 quodnon
1166 2014 1293 2103 posset
1306 2024 1395 2072 eum
1401 1995 1543 2103 juvare.
1557 1996 1663 2082 Item,
1673 1996 1765 2072 dixit

342 2127 448 2233 quod
466 2127 586 2225 dictus
607 2144 778 2234 receptor
795 2127 867 2204 fuit
886 2128 1073 2206 osculatus
1093 2128 1217 2234 ipsum
1238 2144 1374 2203 testem
1394 2126 1433 2202 in
1454 2122 1635 2201 umbilico
1653 2155 1767 2232 super

342 2274 471 2335 vestes.
489 2256 571 2334 Alia
586 2257 714 2333 illicita
730 2285 806 2334 non
819 2258 1103 2335 intervenerunt
1123 2258 1162 2332 in
1182 2256 1403 2361 recepcione
1419 2285 1486 2332 sua
1505 2254 1564 2331 vel
1578 2273 1674 2361 post.
1696 2259 1767 2334 Re·

342 2387 502 2492 quisitus
517 2387 547 2463 si
564 2386 718 2475 sciebat,
736 2387 928 2478 credebat,
944 2387 1002 2465 vel
1017 2388 1208 2465 audiverat
1222 2387 1295 2464 dici
1315 2386 1422 2493 quod
1443 2386 1540 2463 dicta
1560 2385 1687 2463 illicita
1707 2388 1765 2465 vel

344 2516 413 2593 alia
428 2517 697 2595 intervenirent
711 2517 966 2595 communiter
980 2518 1018 2595 in
1032 2516 1316 2625 recepcionibus
1325 2516 1486 2594 aliorum
1499 2514 1656 2592 fratrum
1670 2518 1766 2594 ordi-

344 2649 415 2740 nis,
433 2647 630 2754 respondit
645 2647 748 2754 quod
763 2648 972 2739 nesciebat;
991 2648 1168 2726 credebat
1181 2665 1309 2725 tamen
1322 2647 1427 2755 quod
1440 2646 1667 2754 abnegarent
1682 2648 1764 2723 lhe-

344 2808 425 2856 sum
443 2778 638 2858 Christum
652 2778 840 2886 sicutipse
856 2779 1115 2887 abnegaverat,
1133 2797 1172 2856 et
1184 2778 1288 2886 quod
1306 2777 1562 2885 preciperetur
1584 2777 1638 2854 eis
1660 2779 1764 2885 quod

345 2928 524 3016 spuerent
534 2935 647 3016 super
659 2937 824 2997 crucem;
837 2928 875 2985 et
885 2910 958 2987 hoc
967 2910 1083 2987 eciam
1095 2909 1235 2986 audivit
1250 2908 1322 2984 dici
1337 2907 1469 2983 adicto
1485 2906 1596 2983 fratrc
1610 2906 1764 2985 Galtero

346 3039 390 3116 da
410 3040 446 3115 la
466 3038 640 3116 Sanciera
655 3037 756 3145 apud
769 3038 994 3118 Villam-Dei
1012 3038 1249 3117 Carnotcnsis
1265 3037 1440 3126 diocesis,
1456 3037 1559 3143 quasi
1573 3065 1639 3142 per
1659 3037 1765 3143 quin·

344 3199 417 3275 que
437 3196 556 3246 annos
574 3185 660 3274 post
677 3169 937 3275 recepcionem
953 3199 1076 3260 suam,
1094 3170 1274 3275 cumipse
1291 3167 1413 3256 testis,
1436 3167 1695 3274 conquirendo
1717 3171 1763 3246 de

345 3300 453 3376 dictis
477 3298 631 3390 illicitis,
657 3299 879 3405 loqueretur
903 3330 989 3378 cum
1016 3301 1115 3379 dicto
1140 3300 1252 3377 fratre
1272 3299 1441 3389 Galtero,
1463 3300 1529 3406 qui
1551 3299 1642 3377 dixit
1661 3302 1764 3408 quod

345 3431 589 3508 confiteretur
603 3430 650 3507 de
666 3429 776 3508 dictis
795 3430 949 3520 illicitis,
968 3448 1005 3510 et
1016 3449 1142 3539 ageret
1159 3432 1425 3540 penitenciam,
1441 3448 1479 3508 et
1494 3459 1570 3508 non
1588 3434 1766 3538 cogitaret

345 3560 430 3668 plus
446 3559 493 3637 de
511 3589 580 3648 ers,
599 3577 637 3637 et
655 3578 782 3668 ageret
799 3577 842 3638 ut
861 3560 985 3640 bonus
1003 3563 1136 3650 homo,
1158 3562 1248 3668 quia
1268 3561 1318 3637 ita
1336 3560 1450 3656 fiebat
1468 3561 1506 3636 in
1526 3560 1672 3638 ordine.
1695 3565 1765 3639 Re-

346 3690 508 3797 quisitus
537 3690 567 3766 si
598 3688 739 3767 viderat
771 3690 918 3797 aliquos
944 3692 1059 3799 recipi
1086 3691 1182 3768 ultra
1214 3719 1334 3780 mare,
1362 3689 1426 3766 ubi
1458 3688 1581 3767 luerat
1604 3710 1764 3797 quatuor

348 3819 540 3897 mensibus
554 3819 594 3896 in
609 3818 740 3897 Castro
754 3821 963 3928 Peregrini,
980 3839 1023 3898 ut
1038 3822 1146 3909 dixit,
1159 3820 1355 3928 respondit
1370 3821 1476 3927 quod
1496 3851 1592 3910 non3
1611 3823 1699 3899 citra
1715 3840 1766 3898 ta-

346 3977 432 4026 men
445 3977 548 4026 mare
558 3950 652 4027 vidit
660 3950 775 4057 recipi
785 3950 880 4027 circa
892 3950 1110 4040 duodecim,
1124 3956 1338 4058 inquorum
1352 3950 1637 4054 recepcionibus
1648 3952 1764 4028 nichil

345 4079 438 4155 vidit
461 4077 544 4157 fieri
571 4079 627 4156 vel
648 4080 723 4158 dici
744 4080 937 4168 illicitum,
959 4080 1027 4158 sed
1048 4082 1135 4188 quia
1154 4099 1240 4188 post
1260 4080 1375 4158 dictas
1396 4081 1635 4187 recepciones
1656 4081 1765 4156 duce-

343 4209 481 4286 bantur
505 4238 573 4316 per
592 4229 804 4317 receptores
823 4211 894 4289 soli
914 4212 963 4288 ad
983 4212 1054 4289 alia
1074 4212 1176 4301 loca,
1199 4212 1238 4287 in
1258 4208 1397 4318 quibus
1417 4209 1627 4287 induebant
1645 4227 1764 4286 vestes

343 4338 552 4446 religionis,
565 4339 776 4448 suspicatur
786 4340 1302 4450 etcreditquodibisacerent
1315 4339 1606 4449 abnegacionem
1618 4356 1656 4415 et
1669 4341 1765 4445 spui-

344 4467 492 4545 cionem
504 4469 701 4575 predictas.
719 4472 935 4577 Requisitus
948 4473 1054 4579 quod
1069 4472 1284 4550 nominaret
1303 4469 1388 4546 illos
1404 4497 1499 4575 quos
1511 4469 1653 4545 viderat
1672 4469 1764 4544 reci-

344 4599 401 4705 pi,
420 4599 514 4676 dixit
524 4601 627 4707 quod
637 4601 781 4679 viderat
792 4590 907 4709 recipi
920 4604 1017 4680 duos
1036 4602 1168 4681 iratres
1184 4601 1403 4688 servientes,
1427 4627 1591 4707 quorum
1612 4601 1764 4677 nomina

346 4746 382 4806 et
391 4729 615 4836 cognomina
625 4731 789 4839 ignorat,
804 4732 843 4808 in
852 4731 993 4839 capella
1004 4733 1140 4811 domus
1148 4729 1296 4837 Templi
1309 4730 1356 4807 de
1367 4729 1554 4808 Ranevilla
1565 4730 1764 4808 Ebroieen·

347 4861 396 4937 sis
408 4859 585 4946 diocesis,
602 4888 672 4968 per
688 4862 839 4942 fratrem
850 4863 1067 4971 Philippum
1079 4848 1209 4975 Agat'e,
1224 4878 1358 4942 testem
1369 4890 1480 4968 supra
1494 4862 1763 4960 examinatum,

450 4999 558 5062 esoces
581 5021 633 5062 nes
655 5021 926 5065 seneritas-11.
1144 4969 1170 5032 'l
1575 5002 1615 5061 25
