4236 5948
474 529 547 600 322
859 503 1054 591 PROCES
1080 514 1175 586 DES
1203 514 1512 586 TEMPLIERs:

475 682 513 742 et
527 662 640 740 modo
657 688 724 738 sue
741 658 984 762 recepcionis‚
1001 655 1092 731 dixit
1102 681 1169 759 per
1178 653 1437 760 juramentum
1451 680 1561 729 suum
1578 653 1681 759 quod
1700 653 1772 731 fuit
1790 682 1893 733 rece·

391 853 399 861 ,.
474 811 559 898 ptus
579 789 677 895 apud
694 786 945 894 Latigniacum
966 785 1130 870 Siccum,
1156 782 1280 889 viginti
1301 781 1376 859 duo
1396 782 1482 858 anni
1501 782 1559 858 vel
1585 782 1679 860 circa
1700 802 1802 874 sunt,
1828 814 1896 891 per

475 923 624 998 fratrem
641 919 833 996 Nicolaum
843 915 1091 1021 Flamingum,
1113 913 1350 1017 presentibus
1365 911 1476 988 fratre
1494 912 1643 990 Nicolao
1661 914 1707 990 de
1723 916 1893 1004 Puisens,

476 1020 586 1126 fratre
604 1050 645 1125 N.
674 1048 720 1123 de
741 1042 980 1152 laignevilla,
1009 1060 1047 1119 et
1066 1042 1292 1148 quibusdam
1319 1041 1398 1118 aliis
1423 1041 1469 1118 de
1494 1069 1655 1148 quorum
1682 1045 1897 1123 nominibus

477 1208 554 1256 non
567 1176 708 1254 recolit.
721 1175 822 1255 Dixit
835 1175 950 1251 eciam
962 1203 1030 1279 per
1035 1173 1293 1278 juramentum
1308 1201 1417 1249 suum
1427 1172 1547 1278 quod,
1564 1190 1649 1278 post
1660 1174 1794 1251 multas
1808 1204 1897 1280 pro·

478 1311 672 1385 missiones
693 1306 739 1382 de
755 1305 899 1382 statutis
919 1305 1007 1381 dicti
1028 1303 1170 1380 ordinis
1189 1302 1314 1392 lactas,
1343 1320 1380 1380 et
1397 1303 1523 1409 'posito
1547 1305 1725 1383 mantello
1751 1307 1798 1382 ad
1822 1307 1899 1384 col-

477 1439 569 1525 lum,
597 1438 808 1543 injunctum
828 1434 898 1511 luit
921 1435 990 1511 sibi
1015 1462 1083 1538 per
1109 1434 1353 1539 recipientem
1376 1432 1584 1538 predictum
1611 1436 1712 1540 quod
1741 1437 1898 1514 omnino

478 1598 516 1645 se
536 1568 737 1644 abstineret
756 1595 776 1641 a
797 1566 1036 1655 mulieribus,
1060 1582 1096 1640 et
1115 1565 1144 1639 si
1174 1565 1274 1641 calor
1296 1565 1469 1641 naturalis
1490 1584 1656 1642 moveret
1675 1595 1777 1656 eum,
1795 1568 1899 1673 quod
1928 1619 1932 1625 ·

479 1699 735 1776 commisceret
757 1725 795 1773 se
817 1724 901 1772 cum
921 1695 1150 1772 hominibus.
1172 1695 1274 1772 Dixit
1293 1696 1409 1772 eciam
1429 1724 1496 1799 per
1513 1697 1768 1802 juramentum
1789 1726 1899 1775 suum

478 1829 583 1936 quod
604 1828 723 1903 dictus
743 1826 924 1932 recipiens
947 1826 1114 1930 precepit
1136 1825 1207 1901 sibi
1230 1826 1335 1930 quod
1354 1825 1553 1931 abnegaret
1570 1827 1710 1915 Deum,
1742 1844 1779 1903 et
1793 1826 1899 1932 quod

479 1975 628 2062 spueret
641 1985 750 2062 supra
767 1984 929 2042 crucem,
946 1973 983 2032 et
995 1956 1072 2060 ipse
1083 1955 1238 2031 Jhesum
1253 1954 1445 2032 Christum
1457 1957 1601 2060 negavit
1611 1957 1725 2033 semel
1736 1974 1897 2045 tantum,

481 2105 518 2164 et
534 2087 634 2192 spuit
653 2085 824 2162 similiter
846 2085 981 2172 semel,
1005 2101 1041 2160 et
1065 2101 1190 2188 postea
1213 2084 1400 2161 osculatus
1419 2082 1491 2160 luit
1512 2113 1598 2161 eum
1618 2086 1657 2161 in
1677 2114 1742 2163 ore
1764 2086 1902 2163 solum-

483 2217 608 2292 modo.
626 2219 696 2292 Per
709 2218 962 2321 juramentum
977 2243 1104 2304 suum,
1122 2213 1213 2289 dixit
1230 2230 1371 2301 tamen,
1393 2214 1496 2319 quod
1511 2213 1581 2291 lirit
1596 2215 1667 2292 sibi
1682 2232 1901 2321 preceptum

481 2346 585 2452 quod
604 2343 832 2421 oscularetur
847 2372 934 2419 eum
953 2343 1055 2431 alibi,
1074 2343 1246 2419 videlicet
1265 2344 1304 2419 in
1324 2343 1399 2418 fine
1422 2344 1527 2449 spine
1548 2345 1649 2421 dorsi
1674 2362 1710 2422 et
1725 2347 1762 2420 in
1778 2345 1902 2422 umbi-

480 2476 568 2564 lico,
589 2476 718 2580 etipse
733 2502 810 2551 non
820 2472 922 2562 fecit,
940 2503 1009 2550 nec
1020 2473 1138 2550 lacere
1151 2474 1279 2550 voluit.
1295 2475 1508 2580 Requisitus
1522 2493 1650 2551 utrum
1664 2477 1714 2567 vi,
1729 2476 1789 2552 vel
1801 2494 1904 2552 metu

482 2605 635 2682 carceris
649 2604 708 2681 vel
727 2621 1018 2691 tormentorum,
1037 2604 1198 2709 aliquam
1221 2603 1353 2680 dixerit
1367 2602 1566 2681 falsitatem
1580 2605 1639 2682 vel
1659 2606 1905 2683 immiscuerit

482 2736 520 2811 in
542 2734 779 2839 deposicione
807 2763 887 2824 sua,
916 2735 1007 2810 dixit
1031 2762 1100 2839 per
1119 2735 1506 2841 juramentum-suum
1534 2735 1638 2839 quod
1666 2764 1760 2825 non;
1789 2737 1905 2812 immo

482 2863 574 2940 dixit
593 2865 793 2942 veritatem.

537 3127 632 3202 Item
659 3125 770 3201 lrater
798 3125 1029 3205 Guillermus
1058 3125 1106 3201 de
1136 3123 1354 3202 Monteforti
1376 3124 1564 3211 dmalrici,
1596 3125 1683 3200 alias
1716 3125 1837 3201 dictus
1870 3125 1905 3201 le

483 3256 670 3343 Berchier,
698 3255 804 3331 etatis
830 3254 1096 3361 quinquaginta
1123 3282 1308 3331 annorum
1336 3255 1394 3330 vel
1421 3255 1532 3343 circa,
1560 3272 1602 3331 ut
1632 3253 1739 3342 dixit,
1771 3255 1906 3333 eodem

484 3385 600 3462 modo
621 3385 766 3490 juratus
793 3402 830 3458 et
852 3384 1056 3488 requisitus
1088 3383 1135 3459 de
1160 3401 1327 3489 tempore
1358 3401 1395 3460 et
1420 3386 1535 3460 modo
1564 3412 1630 3460 sue
1660 3384 1905 3490 recepcionis,

486 3513 578 3590 dixit
596 3543 664 3618 per
674 3513 931 3619 juramentum
948 3541 1058 3590 suum
1079 3513 1182 3618 quod
1202 3513 1352 3619 triginta
1371 3515 1458 3589 anni
1477 3530 1564 3590 sunt
1585 3514 1699 3620 elapsi
1720 3514 1824 3619 quod
1838 3512 1910 3590 fuit

484 3661 730 3748 receptusper
739 3642 887 3719 fratrem
897 3642 1088 3719 Nicolaum
1099 3643 1347 3748 Flamingum,
1364 3642 1463 3748 apud
1473 3644 1726 3749 Latigniacum
1742 3645 1906 3731 Siccum,

485 3773 721 3879 presentibus
736 3771 846 3849 lratre
861 3772 1010 3850 Nicolao
1027 3775 1073 3849 de
1087 3774 1282 3862 BerniacO,
1299 3791 1335 3850 et
1349 3773 1573 3880 quibusdam
1588 3773 1667 3850 aliis
1683 3775 1730 3850 de
1746 3802 1909 3880 quorum

485 3902 698 3980 nominibus
713 3930 789 3979 non
804 3903 945 3979 recolit.
959 3903 1061 3979 Dixit
1080 3904 1195 3979 eciam
1214 3932 1282 4009 per
1295 3905 1551 4008 juramentum
1565 3931 1676 3980 suum
1691 3902 1810 4010 quod,
1827 3921 1911 4008 post

486 4033 621 4110 multas
636 4034 902 4139 promissiones
917 4034 964 4108 de
981 4034 1122 4110 statutis
1137 4034 1227 4110 dicti
1244 4033 1386 4112 ordinis
1401 4035 1657 4125 observandis,
1676 4033 1798 4111 dictus
1812 4061 1912 4111 rece·

487 4181 572 4270 ptor
587 4164 749 4243 ostendit
763 4163 835 4241 sibi
856 4164 1057 4270 quamdam
1077 4193 1226 4240 crucem
1241 4165 1279 4240 in
1294 4182 1462 4270 quaerat
1480 4165 1624 4271 depicta
1643 4192 1777 4270 ymago
1795 4163 1910 4240 Jhesu

486 4294 641 4383 Christi,
660 4313 697 4370 et
720 4294 808 4371 lecit
832 4323 920 4370 eum
940 4294 1121 4402 abnegare
1141 4312 1199 4372 ter
1219 4313 1257 4371 et
1276 4324 1410 4400 spuere
1430 4314 1487 4372 ter
1508 4323 1617 4401 supra
1637 4322 1798 4372 crucem.
1812 4294 1912 4370 Dixit

489 4425 603 4500 eciam
625 4455 693 4530 per
707 4425 962 4531 juramentum
978 4453 1088 4501 suum
1107 4427 1210 4530 quod
1228 4425 1330 4501 idem
1350 4443 1521 4530 receptor
1540 4425 1707 4531 precepit
1721 4424 1792 4501 sibi
1807 4424 1913 4530 quod

490 4555 642 4629 omnino
662 4555 864 4631 abstineret
881 4584 899 4630 a
919 4555 1181 4632 commiscione
1202 4555 1422 4643 mulierum,
1453 4573 1488 4632 et
1509 4557 1538 4631 si
1560 4556 1790 4661 contingeret
1810 4552 1912 4659 quod

489 4682 600 4759 vellet
619 4684 765 4788 explere
790 4684 986 4761 libidinem
1011 4714 1134 4774 suam,
1163 4687 1235 4762 hoc
1255 4685 1392 4764 laceret
1414 4715 1502 4764 cum
1519 4686 1646 4793 aliquo
1667 4686 1714 4761 de
1738 4683 1913 4762 [ratribus

489 4812 583 4900 suis,
602 4829 639 4887 et
655 4839 731 4889 non
751 4843 837 4890 cum
858 4815 1091 4892 mulieribus.
1116 4817 1327 4923 Requisitus
1349 4834 1472 4894 utrum
1493 4817 1544 4906 vi,
1564 4817 1621 4893 vel
1635 4833 1741 4894 metu
1761 4815 1913 4893 carceris
