4236 5948
342 521 417 594 228
724 505 920 596 Pnocts
950 521 1049 593 Dus
1080 519 1382 593 TEMPLIERS.

341 675 437 738 rent.
471 657 714 737 clandestine
742 660 1036 768 recipiebantur,
1070 656 1187 735 nullis
1220 655 1459 764 presentibus
1485 656 1556 734 nisi
1586 656 1766 738 fratribus

342 789 507 880 ordinis,
530 817 574 865 ex
599 817 674 895 quo
696 792 815 868 credit
840 791 944 899 quod
970 806 1067 868 esset
1090 789 1262 896 suspicio·
1283 806 1413 866 contra
1432 814 1509 866 eos.
1531 789 1584 864 Ex
1614 788 1767 867 ordina-

343 921 449 997 cione
466 918 566 997 beati
582 919 764 997 Bernardi
785 919 1225 1029 cingebanturcordulis
1243 920 1345 997 unde
1370 917 1545 996 volebant
1565 919 1766 1026 assumptis

342 1077 454 1156 super
473 1049 646 1132 camisias.
662 1080 749 1127 cum
779 1051 918 1158 quibus
938 1048 1123 1159 jacebant.
1151 1050 1291 1126 Juravit
1317 1077 1393 1126 non
1413 1048 1578 1126 revelare
1602 1049 1764 1128 modum

342 1209 408 1257 sue
423 1179 670 1285 recepcionis;
687 1199 725 1258 et
744 1182 810 1289 qui
824 1183 898 1259 hoc
916 1154 1114 1258 revelasset
1127 1179 1185 1258 vel
1205 1196 1346 1258 secreta
1361 1179 1642 1285 capituliorum,
1660 1208 1766 1258 com·

341 1310 493 1417 peditus
519 1327 554 1387 et
578 1310 827 1389 incarceratus
853 1312 994 1390 luisset.
1021 1312 1168 1387 Fratres
1195 1309 1338 1388 ordinis
1362 1335 1457 1416 quos
1477 1310 1598 1394 credit
1617 1310 1765 1388 scivisse

342 1440 634 1547 abnegacionem
658 1442 863 1548 predictam
888 1470 963 1550 que
984 1441 1100 1518 fiebat
1119 1441 1159 1517 in
1187 1440 1320 1519 ordine
1339 1439 1494 1517 {inerunt
1513 1440 1763 1549 negligentes,

342 1572 429 1678 quia
449 1590 526 1647 non
547 1590 788 1649 correxerunt
807 1573 980 1649 eamnec
999 1571 1321 1648 denunciaverunt
1336 1568 1511 1646 Ecclesia.
1532 1569 1766 1649 Elemosinas

344 1719 381 1778 et
394 1699 686 1806 hospitalitatem
704 1695 806 1779 ¹vidit
830 1702 1097 1778 convenienter
1115 1699 1198 1777 fieri
1219 1700 1414 1777 etservari
1440 1699 1481 1774 in
1507 1698 1687 1777 domibus
1703 1728 1766 1777 or-

343 1830 442 1908 dinis
463 1830 501 1906 in
527 1830 666 1937 quibus
686 1833 806 1909 extitit
829 1847 1094 1909 commoratus.
1119 1830 1268 1907 Juravit
1291 1851 1508 1906 conservare
1534 1826 1633 1905 bona
1664 1829 1767 1905 ordi·

343 1963 402 2037 nis
418 1978 455 2037 et
471 1961 504 2036 ei
523 1989 592 2067 pro
617 1989 726 2068 posse
752 1962 960 2069 acquirere,
982 1961 1146 2038 sednon
1167 1960 1239 2038 suit
1259 1960 1293 2036 ei
1313 1976 1535 2067 preceptum
1555 1987 1625 2035 nee
1643 1959 1767 2036 decla-

344 2108 468 2168 ratum
512 2090 617 2196 quod
656 2086 866 2199 acquireret
904 2121 971 2199 per
1013 2090 1116 2169 nefas
1159 2089 1218 2167 vel
1255 2090 1436 2168 indebite.
1475 2091 1657 2168 Ordinata
1697 2117 1766 2195 per

344 2222 563 2329 Magistrum
584 2251 670 2299 cum
699 2241 885 2301 conventu
915 2236 1093 2300 servasset
1114 2221 1353 2313 mamardo,
1376 2223 1415 2297 in
1434 2249 1512 2328 quo
1533 2220 1631 2298 dicta
1650 2221 1766 2298 abne-

345 2353 449 2463 gacio
469 2379 547 2428 non
578 2351 651 2428 fuit
676 2353 892 2430 introducta
919 2355 967 2430 ab
997 2352 1170 2459 antiquo,
1188 2354 1301 2429 *sicut
1321 2352 1463 2429 audivit
1490 2352 1581 2441 dici,
1603 2352 1766 2428 nescita

345 2480 503 2588 quibus;
526 2497 655 2558 contra
680 2510 794 2588 quem
821 2482 994 2559 ordinem
1015 2509 1116 2557 nunc
1145 2480 1300 2590 grandia
1330 2481 1519 2568 scandala,
1542 2482 1704 2586 suspicio
1730 2500 1767 2559 et

344 2610 496 2687 infamia
512 2628 602 2688 sunt
622 2629 769 2701 exorta-3
791 2629 828 2688 et
852 2610 973 2688 credit
996 2611 1101 2718 quod
1127 2611 1249 2688 dictus
1271 2612 1448 2719 Magister
1464 2629 1501 2688 et
1520 2610 1582 2688 alii
1604 2610 1766 2720 abnega-

334 2730 493 2817 'cionem
519 2742 568 2817 de
593 2771 668 2848 qua
693 2741 868 2848 deposuit
889 2742 965 2820 sint
988 2740 1159 2819 confessi.
1187 2741 1301 2818 Plura
1326 2741 1420 2817 dixit
1442 2770 1481 2818 se
1507 2742 1667 2830 nescire,
1697 2770 1769 2819 nec

346 2871 515 2961 credere,
532 2899 604 2949 nec
618 2873 801 2950 audivisse
818 2872 891 2949 dici
906 2873 953 2947 de
970 2872 1157 2949 contentis
1176 2873 1216 2947 in
1234 2872 1402 2948 articulis
1422 2872 1649 2948 memoratis.

402 3001 658 3108 Requisitus-si
676 3003 728 3079 sic
742 3003 968 3107 deposuerat
977 3030 1104 3108 prece,
1117 3018 1294 3108 precepto
1304 3062 1312 3091 ,
1324 3002 1480 3093 timore,
1496 3031 1640 3092 amore,
1655 3004 1766 3094 odio,

345 3132 403 3209 vel
427 3132 815 3238 temporali'comodo
842 3132 970 3209 habito
999 3133 1057 3209 vel
1087 3132 1280 3223 babendo,
1309 3133 1506 3238 respondit
1535 3133 1649 3238 quod·
1669 3162 1766 3223 non,

347 3263 414 3340 sed
442 3289 511 3367 pro
539 3263 692 3338 veritate
719 3261 895 3351 dicenda,
910 3263 981 3338 vcui
1012 3261 1084 3339 luit
1113 3263 1325 3369 injunctum
1356 3264 1460 3369 quod
1484 3291 1561 3338 non
1587 3264 1769 3343 revelaret

346 3393 443 3466 hanc
461 3419 568 3467 suam
589 3389 890 3494 deposicionem,
912 3418 1110 3496 quousque
1126 3391 1384 3501 attestaciones
1398 3389 1537 3466 luerint
1557 3391 1768 3494 publicat‘e3

347 3536 385 3595 et
403 3547 481 3595 non
510 3516 699 3596 obtulerat
717 3547 756 3595 se
777 3520 825 3595 ad
846 3519 1118 3597 deffensionem
1138 3520 1300 3607 ordinis,
1315 3549 1383 3597 nec
1399 3520 1518 3597 iuerat
1532 3521 1630 3597 ultra
1650 3552 1766 3601 mare.

386 3782 532 3858 ‘Frater
550 3784 667 3860 Bosco
689 3786 736 3861 de
757 3784 955 3862 Masualier
971 3785 1150 3873 serviens,
1170 3786 1445 3863 Lemovicensis
1461 3786 1639 3875 diocesis,
1662 3789 1769 3864 testis

346 3938 459 4018 supra
480 3911 646 4018 juratus,
677 3912 833 3991 barbam
861 3913 1030 3991 sednon
1051 3915 1275 3992 mantellum
1302 3915 1505 4005 defferens,
1527 3917 1613 4023 quia
1642 3919 1766 4022 ipsum

346 4042 539 4120 dimiserat
567 4060 748 4120 vetustate
781 4059 1062 4150 consumptum,
1094 4044 1436 4152 quinquagenarius
1471 4063 1511 4122 et
1537 4045 1651 4134 ultra,
1679 4076 1768 4123 cum

344 4201 421 4280 quo
435 4173 659 4278 inquisitum
678 4172 814 4262 bierat,
840 4173 1035 4251 absolutus
1051 4192 1089 4252 et
1104 4174 1364 4252 reconciliatus
1384 4203 1453 4281 per
1468 4175 1665 4253 dominum
1690 4177 1769 4282 epi·

300 4315 303 4319 ’
346 4330 500 4408 scopum
516 4304 838 4391 Lemovicenseni,
858 4304 963 4382 lectis
977 4322 1015 4381 et
1032 4304 1235 4411 diligenter
1250 4306 1426 4411 expositis
1443 4306 1515 4384 sibi
1532 4305 1710 4384 omnibus
1728 4325 1769 4384 et

345 4430 503 4539 singulis
522 4432 705 4523 articulis,
726 4434 926 4539 respondit·
948 4463 988 4511 se
1015 4436 1175 4525 nescire,
1198 4463 1267 4512 nec
1292 4436 1462 4524 credere,
1493 4464 1562 4513 nec
1582 4436 1767 4514 audivisse

346 4562 421 4637 dici
441 4562 489 4638 de
509 4561 696 4640 contentis
713 4563 752 4638 in
769 4563 822 4639 eis
842 4564 912 4640 nisi
933 4565 1040 4672 quod
1063 4565 1260 4671 sequitur:
1280 4563 1458 4643 videlicet
1481 4568 1585 4672 quod
1607 4567 1688 4673 ipse
1707 4596 1767 4643 re-

344 4707 475 4795 ceptus
499 4691 619 4769 luerat
644 4694 683 4768 in
708 4693 848 4797 capella
871 4694 1007 4773 domus
1031 4695 1180 4802 Templi
1207 4696 1253 4772 de
1277 4696 1463 4774 Paulhaco
1493 4698 1768 4775 Lemovicensis

344 4822 521 4910 diocesis,
548 4851 616 4926 per
638 4823 789 4900 fratrem
818 4825 1046 4902 Franconem
1073 4828 1120 4903 de
1143 4827 1233 4904 B0rt
1259 4827 1416 4905 militem
1441 4829 1649 4932 quondam,
1667 4828 1767 4906 circa
