4236 5948
264 170 334 242 teo
652 142 845 239 vaccas
872 164 962 236 nas
989 161 1287 238 inarmans.

257 306 499 398 Ruthicini03
526 303 695 411 plurium
720 303 1005 411 recepcionibus
1023 331 1063 380 se
1089 331 1168 382 non
1195 303 1328 384 recolit
1354 301 1530 381 adfuisse.
1567 301 1680 390 Item,

259 435 352 516 dixit
375 464 415 514 se
436 435 589 514 credere
609 436 715 542 quod
733 434 867 512 fratres
895 434 1038 512 ordinis
1068 434 1268 515 crederent
1294 433 1540 519 sacramentis,
1564 434 1684 513 eccle-

258 566 429 656 siasticis,
451 567 592 672 quibus
625 568 704 671 ipse
736 567 933 657 credebat,
964 583 1002 643 et
1032 565 1137 670 quod
1159 592 1291 642 eorum
1319 565 1531 645 sacerdotes
1553 563 1683 645 debite

258 696 500 774 celebrarent.
523 700 764 802 Preceptores
789 695 872 774 laici
902 695 1146 773 remittebant
1174 696 1316 804 aliquas
1345 696 1488 774 ordinis
1516 695 1682 804 discipli·

258 855 343 917 nas,
365 842 404 905 et
429 828 640 906 sacerdotes
672 827 915 904 absolvebant
939 855 1004 904 eos
1034 856 1054 902 a
1086 828 1259 933 peccatis.
1291 825 1471 904 Jurabant
1505 826 1681 907 ordinem

258 986 333 1036 non
354 959 472 1047 erire3
501 959 625 1037 statim
658 987 726 1064 pro
759 958 937 1065 professis
965 956 1214 1036 habebantur.
1233 956 1493 1035 ‘Clandestine
1523 958 1681 1064 recipie·

254 1088 402 1179 bantur,
429 1088 533 1196 quod
560 1088 628 1195 ipsi
650 1088 736 1166 testi
756 1105 794 1165 et
810 1088 985 1193 pluribus
1004 1087 1067 1163 alii
1094 1087 1312 1193 presbiteris
1330 1087 1475 1166 ordinis
1500 1088 1679 1194 ‘displice-

253 1219 333 1307 bat,
361 1247 406 1297 ex
426 1248 503 1327 quo
524 1218 644 1296 credit
665 1219 772 1326 quod
794 1236 893 1297 esset
915 1218 1078 1324 suspicio
1098 1237 1227 1295 contra
1247 1246 1322 1296 eos.
1344 1221 1387 1295 ln
1404 1218 1555 1324 signum
1575 1220 1682 1297 casti-

255 1349 339 1427 tatis
355 1366 394 1427 et
409 1349 624 1427 devocionis
639 1349 896 1456 cingebantur,
915 1377 1029 1455 super
1049 1349 1218 1426 camisias
1235 1379 1322 1426 cum
1337 1349 1475 1455 quibus
1485 1347 1679 1456 jacebant,

255 1478 421 1556 cordulis
441 1479 601 1586 stimptis
625 1479 727 1556 unde
746 1478 933 1557 volebant.
953 1479 1223 1586 injungebatur
1242 1481 1296 1557 eis
1314 1507 1390 1586 per„
1406 1496 1679 1557 sacramentum

254 1638 301 1686 ne
322 1609 533 1687 revelarent
550 1625 690 1687 secreta
718 1610 989 1714 capitulorum,
1012 1609 1059 1687 de
1080 1610 1195 1687 modo
1219 1609 1450 1717 recepcionis
1469 1609 1509 1685 in
1524 1610 1679 1716 qseciali

255 1768 332 1816 non
348 1739 476 1820 habita
500 1741 711 1818 mancione.
742 1741 826 1833 Qui
840 1740 1065 1819 revelassent
1092 1740 1148 1818 vel
1168 1741 1335 1847 predicta
1354 1740 1568 1848 illicitrpur
1588 1768 1679 1823 eum

255 1870 464 1948 confessata
490 1869 882 1955 lacererecusasseut,
904 1868 1025 1947 credit
1049 1870 1155 1976 quod
1179 1871 1337 1977 graviter
1363 1870 1484 1977 puniti
1504 1868 1679 1948 luissent.

254 2000 524 2109 lnjungebatur
551 2001 607 2078 eis
625 2001 729 2108 quod
747 2000 888 2106 absque
914 2000 1069 2080 licencia
1089 2029 1166 2078 non
1181 1998 1452 2079 confiterentur
1465 1999 1548 2077 aliis
1562 2030 1679 2107 quum

254 2133 509 2211 sacerdotibus
537 2131 693 2209 ordinis.
719 2133 866 2208 Fratres
883 2130 1023 2237 quibus
1049 2132 1173 2209 credit
1196 2149 1283 2217 nota
1309 2130 1423 2209 fuisse
1436 2130 1569 2214 illicita
1589 2159 1680 2210 con-

252 2263 385 2342 lessata
403 2289 472 2370 per
490 2290 578 2340 eum
607 2261 763 2339 luerunt
790 2261 1045 2370 negligentes,
1067 2263 1159 2368 quia
1174 2291 1253 2340 uon
1273 2279 1517 2339 correxerunt
1536 2290 1582 2345 eu
1607 2290 1679 2339 nec

251 2393 572 2473 denunciaverunt
613 2391 788 2469 Ecclesie.
823 2394 867 2468 ln
907 2392 1085 2479 domibus
1119 2393 1277 2481 ordinis,
1305 2392 1345 2468 in
1381 2392 1522 2500 quibus
1557 2392 1681 2471 extitit

253 2539 525 2612 commoratus,
556 2522 651 2599 vidit
680 2522 904 2602 elemosinas
935 2522 1293 2628 etbospitalitatem
1314 2523 1579 2601 convenienter
1594 2522 1680 2600 fieri

251 2668 289 2731 et
305 2654 456 2747 servari,
474 2670 512 2731 et
538 2653 682 2730 audivit
700 2653 773 2729 dici
795 2653 900 2758 quod
931 2652 1026 2729 clam
1052 2650 1590 2761 eorumgeneraliacapitulia
1608 2652 1678 2728 ali-

250 2784 401 2890 quando
422 2783 650 2861 tenebantur
666 2781 715 2860 d'e
735 2800 862 2872 nocte,
884 2800 969 2889 post
983 2782 1121 2861 lactum
1142 2811 1373 2871 sermonem,
1390 2781 1507 2860 nullis
1527 2810 1681 2888 presen-

249 2914 352 2993 tibus
378 2915 449 2991 nisi
472 2912 649 2992 fratribus
673 2914 834 3006 ordinis,
864 2914 902 2990 in
932 2942 1009 3019 quo
1034 2931 1221 2992 servatum
1246 2911 1377 2991 luisset
1396 2912 1501 3018 quod
1519 2940 1680 3022 magnus

251 3045 426 3153 Magister
446 3074 533 3122 cum
554 3061 741 3123 conventu
761 3044 970 3136 statuisset,
992 3072 1036 3120 ex
1055 3064 1133 3151 quo
1152 3044 1274 3122 credit
1293 3043 1439 3149 aliquos
1457 3040 1592 3129 fratros
1615 3070 1678 3120 or-

251 3174 348 3251 dinis
368 3174 521 3252 exivisse
541 3190 695 3281 propter
714 3173 797 3280 ejus
812 3174 1068 3250 austeritatem
1083 3191 1122 3251 et
1135 3173 1264 3251 illicita
1279 3172 1506 3278 supradicta,
1523 3188 1680 3278 propter

248 3332 323 3410 que
342 3303 496 3412 grandia
510 3305 699 3392 scandala,
718 3303 882 3410 suspicio
901 3320 939 3380 et
957 3303 1108 3381 infamia
1127 3321 1217 3384 suut
1236 3322 1362 3382 exorta
1381 3319 1510 3380 contra
1530 3301 1677 3380 dictum

249 3434 440 3526 ordinem3
460 3451 588 3513 contra
607 3462 722 3542 quens
741 3433 865 3515 dictus
879 3434 1055 3541 Magister
1075 3434 1195 3512 etalii
1217 3433 1396 3519 dicuntur
1415 3431 1541 3538 aliqua
1557 3429 1677 3515 fuisse

249 3563 423 3654 coralessi3
442 3564 490 3642 ad
509 3566 617 3672 cujus
631 3564 776 3644 ordinis
795 3563 1071 3642 deffensionem
1088 3592 1128 3643 se
1148 3593 1227 3643 nou
1247 3562 1491 3642 obtulerataa

303 3695 517 3803 Requisitus
543 3696 573 3772 si
603 3694 668 3772 sic.
685 3694 914 3801 deposuerat
941 3721 1071 3800 prece,
1092 3711 1302 3801 precepto,
1335 3693 1489 3781 timore,
1526 3720 1673 3786 amors,

246 3824 354 3913 odio,
373 3825 430 3902 vel
442 3824 641 3934 temporali
656 3824 817 3903 comodo
834 3824 965 3902 habito
978 3823 1036 3902 vel
1052 3822 1248 3914 habendo,
1261 3821 1673 3930 responditquodnon‚

247 3956 314 4033 sed
338 3983 407 4063 pro
433 3957 586 4034 veritate
614 3955 793 4047 dicenda3
823 3955 884 4032 cui
906 3953 1223 4062 luit-:injunctum
1250 3953 1358 4059 quod
1382 3980 1460 4031 non
1486 3953 1674 4035 revelaret

247 4088 342 4163 lianc
361 4115 468 4165 suam
486 4086 785 4192 deposiciunern,
798 4114 1006 4193 quousque
1022 4087 1284 4171 attestaciones
1296 4083 1444 4164 ‚luerint
1464 4083 1671 4191 publicute.

303 4370 430 4446 Frater
443 4368 646 4447 Duran'dus
660 4371 853 4449 Passariun
867 4367 1047 4458 serviens,
1070 4385 1271 4476 preceptor
1290 4367 1430 4445 dumus
1446 4367 1495 4444 de
1518 4366 1555 4444 la
1574 4365 1675 4447 Clau

246 4499 497 4577 Ruthenensis
529 4500 708 4589 diocesis,
739 4502 845 4579 testis
877 4502 989 4607 ‘supra
1019 4502 1191 4608 juratus,
1226 4496 1572 4606 quinquagenarius
1612 4495 1674 4576 vel
