4236 5948
732 537 930 630 esocis
955 557 1051 628 oss
1077 556 1376 631 rsursrsas.
1690 562 1764 637 aas

343 699 423 786 aie,
444 694 681 801 presentibus
708 696 819 774 fratre
847 700 1013 803 Symone¹
1036 696 1154 775 Poitel
1183 717 1222 776 et
1247 698 1359 777 fratre
1380 697 1584 779 Guillelmo
1608 703 1710 790 Mot,
1731 723 1768 780 et

343 827 568 936 qtribusdam
589 825 670 903 aliis
691 827 739 903 de
760 856 920 934 quorum
944 828 1159 906 nominibus
1178 858 1254 906 non
1271 831 1413 908 recolit.
1440 832 1542 910 Dixit
1566 833 1681 909 eciam
1701 863 1768 938 per

338 962 592 1067 juramentum
612 987 722 1035 suum
740 958 859 1065 quod,
884 977 968 1065 post
986 959 1121 1036 multas
1138 962 1404 1066 promissiones
1420 963 1466 1039 de
1488 965 1635 1041 statutis
1651 981 1689 1041 et
1709 994 1767 1040 se-

235 1115 238 1119 ’
344 1091 453 1168 cretis
474 1090 562 1165 dicti
584 1090 728 1165 ordinis
747 1089 1000 1178 observandis,
1022 1110 1059 1167 et
1078 1091 1253 1169 mantello
1270 1093 1317 1167 ad
1337 1092 1475 1169 collum
1496 1095 1636 1199 positu,
1655 1124 1767 1200 apor-

343 1237 416 1297 tata
436 1219 505 1296 suit
526 1219 595 1295 sibi
614 1219 775 1323 quedam
801 1249 889 1295 crux
910 1247 998 1295 enea
1017 1222 1055 1296 in
1075 1248 1148 1326 qua
1169 1238 1246 1296 erat
1267 1223 1388 1329 imago
1406 1222 1518 1301 Jhesu
1547 1223 1700 1314 Christi,
1731 1245 1767 1300 et

344 1369 431 1428 tnnc
449 1350 615 1457 precepit
634 1350 702 1426 sibi
720 1350 839 1426 dictus
858 1350 1164 1457 recipiensquod
1177 1348 1331 1427 Jhesum
1349 1351 1538 1430 Christum
1554 1354 1764 1460 abnegaret,

344 1497 384 1558 et
399 1480 505 1586 quod
517 1497 667 1586 spueret
686 1509 795 1585 supra
811 1509 977 1570 crucem,
999 1481 1102 1586 quod
1118 1479 1206 1557 lecit
1224 1480 1341 1558 semel
1353 1483 1628 1561 tantummodo.
1650 1486 1768 1561 luter-

345 1628 493 1718 rogatus
514 1610 560 1687 de
575 1629 661 1688 voto
684 1611 874 1698 castitatis,
896 1612 990 1689 dixit
1009 1637 1076 1715 per
1090 1611 1347 1716 juramentum
1372 1642 1480 1691 suum
1509 1614 1614 1720 quod
1636 1643 1766 1718 prece-

343 1759 449 1848 ptum
464 1740 534 1818 luit
553 1742 624 1819 sibi
644 1742 747 1848 quod
769 1743 920 1819 omnino
940 1741 1141 1821 abstineret
1156 1770 1175 1817 a
1190 1740 1434 1836 mulieribus,
1454 1744 1532 1821 etsi
1549 1743 1650 1822 calor
1665 1762 1766 1821 natu-

344 1870 428 1948 ralis
442 1889 592 1979 urgeret
608 1899 711 1959 eum,
728 1872 832 1977 quod
852 1872 1108 1947 commisceret
1125 1900 1164 1947 se
1183 1871 1375 1946 carnaliter
1392 1900 1478 1949 cum
1493 1873 1572 1950 aliis
1592 1872 1766 1952 fratribus

346 2002 434 2080 dicti
456 2002 612 2091 ordinis3
630 2002 696 2079 sed
712 2031 917 2109 numquam
933 2001 1037 2089 fecit,
1055 2021 1097 2078 ut
1112 2003 1215 2078 dixit.

400 2134 648 2239 Interrogatus
659 2151 785 2210 utrum
797 2134 849 2223 vi,
862 2133 920 2210 vol
928 2151 1032 2210 metu
1050 2134 1205 2210 carceris
1217 2149 1281 2208 aut
1295 2148 1589 2218 tormentorum,
1602 2131 1765 2238 aliquam

345 2262 439 2340 dixit
451 2263 649 2340 falsitatem
659 2263 716 2340 vel
734 2265 980 2341 immiscuerit
993 2263 1031 2339 in
1045 2263 1286 2369 deposicione
1300 2291 1382 2351 sua,
1400 2262 1491 2339 dixit
1502 2290 1569 2367 per
1578 2261 1768 2369 juramen·

344 2409 426 2470 tum
440 2392 551 2470 suum
570 2394 676 2500 quod
696 2422 790 2483 non;
813 2394 928 2470 immo
946 2394 1038 2469 dixit
1052 2394 1256 2470 veritatem.

400 2522 490 2600 Acta
505 2541 591 2600 sunt
608 2524 678 2601 bec
693 2552 808 2612 anno,
830 2524 1036 2613 indicione,
1054 2551 1201 2612 mense,
1215 2522 1276 2599 die
1288 2540 1327 2599 et
1339 2522 1557 2628 pontificatu
1572 2522 1764 2627 predictis,

344 2654 583 2762 presentibus
602 2654 778 2732 fratribus
798 2656 965 2732 Tierrico
997 2655 1044 2731 de
1064 2652 1227 2741 Amella,
1257 2653 1446 2729 Bernardo
1477 2653 1524 2729 de
1552 2653 1763 2743 Molartico,

344 2784 548 2893 Reginaldo
569 2786 615 2861 de
634 2789 713 2862 lars
738 2786 882 2863 ordinis
897 2784 1193 2872 Predicatorum,
1216 2783 1399 2889 magistris
1415 2782 1621 2888 Reginaldo
1638 2784 1684 2858 de
1699 2782 1764 2859 Al-

345 2916 516 3022 bigniaco
535 2916 792 3004 Bituricensis,
816 2933 854 2992 et
871 2915 1041 2992 lohanne
1071 2914 1118 2991 de
1142 2913 1321 3018 Crepiaco
1346 2913 1627 2990 Silvanectensis
1642 2912 1766 2990 eccle·

344 3046 482 3123 siarum
502 3046 704 3135 canonicis,
728 3063 766 3124 et
785 3045 956 3153 pluribus
977 3044 1057 3121 aliis
1077 3043 1221 3122 clericis
1241 3061 1277 3121 et
1297 3041 1416 3133 laicis,
1437 3042 1595 3121 testibus
1623 3043 1670 3121 ad
1694 3043 1765 3119 hoc

343 3177 479 3254 vocatis
495 3194 532 3251 et
544 3178 693 3283 rogatis.

400 3435 446 3512 Et
462 3464 530 3545 ego
546 3436 711 3513 Amisius
727 3436 774 3512 de
791 3435 989 3513 Aureliano
1011 3432 1133 3512 dictus
1152 3433 1188 3510 le
1208 3434 1310 3512 Ratis
1316 3493 1324 3520 ,
1340 3432 1517 3520 clericus,
1538 3449 1765 3511 sacrosancte

343 3569 508 3667 llosnane
529 3565 681 3643 ecclesie
703 3567 920 3643 auctoritate
936 3565 1103 3642 notarius
1117 3563 1311 3669 publicus,
1332 3563 1523 3668 premissis
1537 3563 1713 3641 omnibus
1730 3580 1767 3639 et

342 3697 516 3803 singulis,
531 3713 644 3802 prout
658 3697 698 3772 in
708 3698 777 3772 hac
793 3713 830 3773 et
843 3694 1059 3801 precedenti
1071 3694 1186 3799 peciis
1199 3722 1285 3770 meo
1297 3692 1404 3799 signo
1415 3694 1767 3799 signatiscontinen-

345 3843 418 3917 tur,
439 3857 515 3903 una
536 3855 621 3903 cum
648 3825 906 3931 suprascriptis
935 3825 1093 3901 testibus
1113 3841 1152 3901 et
1168 3823 1352 3929 magistris
1376 3821 1560 3903 Gausrido
1579 3822 1768 3930 Enguelor

345 3956 445 4035 dicto
468 3957 628 4063 Clralop,
660 3959 785 4034 Eveno
811 3956 908 4033 Pbili
935 3972 974 4032 et
1006 3953 1144 4032 Jacobo
1170 3955 1217 4032 de
1242 3955 1392 4033 Virtuto
1426 3952 1585 4059 publicis
1614 3951 1767 4033 notariis

343 4115 497 4194 presens
514 4087 684 4177 interlui,
712 4117 770 4175 ac,
792 4086 1035 4165 demandato
1064 4085 1153 4162 dicti
1173 4083 1436 4170 commissarii,
1461 4084 1499 4159 in
1528 4083 1601 4159 hoc
1631 4082 1767 4159 instru-

343 4237 470 4295 mento
496 4248 557 4295 me
583 4217 781 4323 subscripsi
809 4218 849 4293 in
877 4216 1138 4295 testimoninm
1163 4214 1447 4321 premissorum,
1468 4209 1766 4319 illudquesigno

344 4376 429 4427 meo
451 4351 560 4428 solito
577 4349 712 4456 signavi
735 4366 897 4454 rogatus.

364 4674 368 4681 .
399 4613 446 4688 Et
466 4640 535 4719 ego
549 4610 709 4688 lacobus
725 4611 772 4688 de
787 4611 937 4688 Virtute
958 4609 1113 4685 clericus
1128 4606 1431 4685 Cathalaunensis
1447 4604 1619 4690 diocesis,
1645 4602 1769 4707 publi-

346 4773 410 4822 cus
436 4743 619 4849 imperiali
645 4744 864 4820 auctoritate
888 4741 1071 4828 notarius,
1099 4738 1290 4845 premissis
1311 4734 1608 4815 confessionibus
1631 4751 1671 4817 et
1693 4763 1770 4811 om-

347 4874 458 4952 nibus
483 4873 582 4960 aliis,
602 4891 715 4978 prout
732 4873 772 4947 in
793 4871 1010 4978 precedenti
1032 4871 1280 4958 continentur,
1308 4897 1382 4947 una
1403 4896 1488 4946 cum
1512 4865 1768 4970 suprascriptis

1548 5013 1598 5078 ltlt·
1645 5017 1647 5020 ⁴
