4236 5948
608 534 803 627 rascas
834 553 932 625 oss
961 552 1265 628 rememsis.
1573 561 1646 632 sss

228 691 384 770 licencia
405 719 482 769 non
496 693 767 772 confiterentur
781 693 864 771 aliis
877 721 994 799 quam
1006 694 1267 774 sacerdotibus
1281 694 1443 783 ordinis,
1460 697 1567 804 cujus
1579 697 1651 776 fra-

227 840 314 915 tres,
324 822 464 930 quibus
474 824 594 900 crodit
604 842 712 902 notas
722 824 1138 932 luisseabnegacionem
1149 843 1189 903 et
1201 825 1437 933 spuicionem
1447 827 1648 932 predictas,

228 951 383 1031 luerunt
394 952 642 1062 negligentes,
655 955 744 1062 quia
759 983 838 1033 nou
852 973 1094 1032 correxerunt
1107 984 1177 1034 nec
1190 954 1513 1034 denunciaverunt
1523 957 1651 1039 Eccle-

227 1083 291 1162 sie.
307 1082 547 1163 ‘Elemosinas
573 1103 612 1163 et
638 1085 930 1193 hospitalitatem
950 1084 1044 1164 vidit
1069 1087 1334 1165 convenienter
1357 1087 1440 1163 fieri
1459 1105 1497 1165 et
1515 1090 1651 1167 servari

229 1213 267 1288 in
290 1213 470 1292 domibus
492 1216 637 1293 ordinis
658 1217 698 1292 in
721 1217 861 1323 quibus
883 1216 1006 1292 extitit
1027 1233 1297 1306 commoratus,
1320 1233 1359 1294 et
1374 1216 1650 1322 precipiebatur

230 1343 504 1450 eisquod'hcue
515 1364 778 1445 conservarent
786 1345 886 1425 bona
894 1345 1049 1435 ordinis,
1060 1363 1097 1423 et
1105 1347 1211 1453 quod
1221 1346 1348 1424 debite
1356 1347 1648 1453 acquirerenteis

230 1472 383 1554 Audivit
397 1475 470 1552 dici
483 1475 590 1582 quod
603 1503 734 1554 eorum
750 1474 926 1583 capitulis
938 1475 1125 1583 generalia
1134 1477 1175 1553 in
1188 1504 1322 1554 aurora
1334 1475 1539 1583 aliquando
1547 1494 1651 1556 tene·

230 1604 385 1697 bantur,
402 1603 654 1693 clandestine,
670 1604 787 1685 nullis
799 1605 1038 1712 presentibus
1053 1605 1125 1682 nisi
1145 1604 1323 1686 tratribus
1342 1605 1497 1684 ordinis
1519 1607 1651 1685 Credit

231 1733 335 1839 quod
347 1734 523 1813 ordinata
537 1763 605 1840 per
620 1735 840 1842 Magistrum
858 1763 945 1813 cum
966 1753 1154 1813 conventu
1172 1733 1331 1813 fuissent
1350 1751 1488 1813 servata
1509 1737 1550 1811 in
1568 1753 1649 1816 toto

230 1863 380 1955 ordine,
395 1881 434 1942 et
444 1864 550 1970 qood
565 1893 668 1941 nunc
679 1863 833 1973 grandia
847 1865 1037 1955 scandala,
1051 1865 1214 1972 suspicio
1226 1882 1264 1942 et
1275 1865 1427 1942 infamia
1439 1883 1565 1942 exorta
1576 1866 1651 1944 sint

231 2009 358 2073 contra
369 1995 507 2101 ipsum,
527 2012 565 2072 et
582 1991 686 2101 quod
703 1994 825 2074 dictus
845 1995 1021 2103 Magister
1041 1995 1161 2073 etalii
1181 1995 1475 2104 abnegationem
1490 2013 1529 2072 et
1547 1997 1650 2101 spui-
1744 2067 1748 2071 ,

231 2124 377 2202 cionem
393 2125 441 2201 de
455 2123 595 2230 quibus
608 2125 686 2230 ipse
701 2125 808 2203 testis
819 2125 997 2231 deposuit
1008 2125 1085 2202 sint
1097 2124 1268 2203 confessi.
1281 2122 1393 2202 Plura
1406 2125 1453 2201 de
1466 2126 1652 2202 contentis

96 2347 100 2354 ᾗ
231 2252 271 2327 in
296 2253 405 2331 dictis
425 2253 592 2332 articulis
612 2253 705 2331 dixit
723 2246 763 2332 se
782 2255 944 2346 nescire,
962 2282 1034 2331 nec
1053 2254 1225 2345 credere,
1246 2282 1315 2331 nec
1331 2253 1514 2333 audivisse
1535 2254 1622 2332 dici.

285 2384 501 2491 Requisitus
532 2385 563 2463 si
592 2383 646 2462 sic
669 2384 896 2490 deposuerat
925 2412 1053 2491 prece,
1082 2397 1278 2492 precepto,
1312 2385 1471 2472 timore,
1502 2413 1650 2475 amore,

231 2512 340 2603 odio,
368 2510 429 2591 vel
452 2508 653 2620 temporali
677 2514 840 2592 comodo
870 2512 1000 2591 habito
1025 2513 1084 2591 vel
1108 2514 1306 2606 habendo,
1329 2513 1525 2619 respondit
1548 2516 1651 2619 quod

231 2665 328 2733 non,
358 2643 425 2722 sed
448 2669 519 2748 pro
537 2643 691 2722 veritate
713 2643 890 2735 dicenda,
913 2645 973 2720 cui
992 2641 1066 2721 fuit
1085 2645 1300 2752 injunctum
1326 2643 1432 2749 quod
1454 2669 1532 2719 non
1547 2670 1652 2721 reve-

230 2772 323 2851 laret
336 2771 434 2850 hanc
453 2800 559 2851 suam
582 2773 879 2878 deposicionem,
905 2800 1106 2879 quousque
1133 2774 1393 2852 attestaciones
1416 2770 1557 2851 fuerint
1581 2802 1652 2879 pu-

231 2902 386 2992 blicute;
409 2919 447 2979 et
464 2928 541 2979 non
554 2899 745 2979 obtulerat
759 2930 800 2980 se
814 2903 863 2979 ad
878 2901 1154 2983 deffensionem
1168 2900 1326 2978 ordinis.

286 3034 376 3109 Acta
392 3031 547 3108 luemnt
569 3032 640 3109 hec
660 3030 768 3108 dictis
789 3031 853 3107 die
867 3048 907 3108 et
925 3029 1027 3120 loco,
1044 3030 1281 3136 presentibus
1296 3030 1475 3136 magistro
1489 3031 1649 3121 Amisia,

230 3189 291 3239 me
306 3161 563 3240 Floriamonte
576 3159 796 3252 Dondedei,
813 3177 853 3240 at
865 3159 948 3239 aliis
961 3161 1116 3242 notariis
1130 3189 1243 3271 supra
1255 3160 1392 3237 ultimo
1407 3161 1620 3239 nominatis.

285 3427 376 3507 Post
401 3426 490 3519 hec,
518 3425 581 3502 die
605 3425 783 3503 Mercurii
803 3441 841 3503 et
863 3424 989 3533 vigilia
1008 3421 1094 3502 festi
1115 3424 1355 3503 Ascencionis
1376 3423 1547 3514 Domini,
1577 3452 1652 3529 que

230 3553 302 3633 luit
317 3580 419 3634 xvim
438 3555 519 3632 dies
536 3555 624 3632 dicti
642 3555 782 3633 mensis
801 3555 906 3647 maii,
923 3572 1180 3634 convenerunt
1198 3555 1344 3632 domini
1364 3553 1596 3632 Mimatcnsis
1615 3570 1654 3631 et

231 3683 504 3761 lemovicensis
518 3684 701 3790 episcopi,
716 3684 897 3763 *Matheus
916 3685 964 3761 de
978 3684 1132 3791 Neapoli
1143 3701 1185 3761 ‘et
1196 3683 1481 3760 archidiaconus
1492 3682 1653 3759 Triden-

230 3812 349 3903 tinus,
366 3813 449 3890 aliis
462 3829 506 3892 ut
518 3840 631 3920 supra
650 3812 847 3905 excusatis,
862 3814 1016 3892 indicta
1030 3815 1147 3892 domo
1164 3813 1312 3890 domini
1325 3813 1426 3891 Petri
1444 3813 1495 3889 dc
1510 3811 1653 3890 Saban-

231 3941 308 4035 dia,
324 3960 364 4020 et
375 3941 530 4021 bierunt
538 3943 683 4021 ibidem
697 3943 850 4021 adducti
865 3970 935 4050 pro
946 3943 1107 4022 testibus
1120 3944 1168 4022 ad
1182 3942 1413 4049 presenciam
1428 3943 1652 4020 eorumdem

230 4069 361 4151 iratres
382 4074 493 4185 Hugo
524 4075 571 4151 de
595 4074 743 4164 laurac,
769 4072 999 4153 Guillelmus
1029 4072 1184 4180 Aprilis,
1216 4075 1350 4149 Petrus
1373 4070 1554 4157 Maurini,
1574 4070 1652 4149 Du·

232 4202 371 4280 candus
390 4188 604 4296 Chernerii,
625 4206 759 4281 Petrus
776 4203 897 4293 Blavi,
919 4203 1132 4309 Stephanus
1157 4203 1204 4281 de
1225 4200 1410 4293 Cellario,
1425 4198 1587 4279 Michael
1603 4200 1651 4277 de

232 4331 361 4421 Pedio,
373 4329 702 4412 Petrusssonasont
711 4332 1036 4423 claramontensis,
1050 4316 1238 4411 lohannes
1249 4331 1441 4412 Sarracsni
1450 4330 1653 4408 Bituricen·

229 4461 294 4550 sis,
316 4477 356 4545 et
374 4464 589 4571 Stephanus
602 4463 779 4542 Glotonis
797 4463 1075 4542 Lemovicensis
1093 4462 1322 4552 diocesium,
1337 4461 1552 4543 servientes.
1574 4459 1651 4554 Qui

228 4590 335 4669 tactis
356 4594 598 4670 sacrosanctis
617 4593 818 4702 evangeliis
836 4595 1060 4703 juraverunt
1085 4593 1210 4670 dicere
1233 4594 1272 4669 in
1297 4593 1368 4669 isto
1392 4590 1550 4700 negocio
1570 4587 1652 4696 ple·

229 4744 317 4799 nam
345 4738 385 4798 et
412 4747 556 4800 meram
579 4724 794 4815 veritatem,
826 4724 1035 4804 secundum
1066 4722 1227 4801 formam
1253 4720 1461 4830 juramenti
1489 4718 1650 4801 aliomm

229 4852 382 4930 ternum
401 4852 575 4959 superius
593 4846 841 4962 registratam,
867 4856 1071 4964 expositam
1091 4870 1129 4932 et
1146 4848 1593 4961 vulgarizatameisdem3
1614 4862 1652 4925 et

336 4987 443 5052 raonis
465 5011 517 5054 ors
538 5012 710 5056 masuras.
726 5027 764 5040 -
777 5013 811 5053 u.
1463 4986 1503 5047 30
