4236 5948
496 545 569 621 aaa
882 528 1200 619 enonas—uns
1226 547 1526 620 cruentans.

494 718 533 766 se
553 690 651 794 ipso,
669 705 706 764 et
725 704 767 763 ut
785 687 887 763 testis
911 687 958 764 de
978 688 1073 775 aliis,
1094 687 1292 794 diligenter
1311 705 1349 764 et
1367 687 1553 795 sigillatim
1574 688 1840 798 interrogatus,
1856 722 1913 769 re·

485 820 683 925 >spondens
696 817 741 894 ad
756 818 934 923 primum,
948 842 1113 895 11--ruux
1127 819 1300 895 articulos
1316 817 1506 908 inclusive,
1521 817 1717 925 diligenter
1733 837 1770 896 et
1780 821 1915 927 sigilla-

493 950 562 1024 tim
578 948 843 1053 interrogatus‚
865 949 1009 1053 negavit
1028 948 1128 1052 ipsos
1147 947 1322 1026 articulos
1342 965 1379 1024 et
1393 948 1516 1024 omnia
1531 964 1568 1023 et
1582 948 1726 1057 singula
1743 967 1915 1029 contenta

494 1079 534 1153 in
555 1080 623 1168 ei's3
652 1077 791 1155 addens
815 1077 920 1184 quod
942 1095 1018 1154 tam
1047 1081 1125 1183 ipse
1153 1107 1266 1184 quarn
1288 1079 1401 1154 ceteri
1417 1079 1548 1157 lratres
1568 1080 1737 1186 ejusdem
1755 1055 1914 1170 ordinis,

493 1227 606 1313 prout
620 1209 698 1313 ipsc
718 1209 786 1284 scit
807 1210 853 1285 de
868 1237 907 1284 se
929 1226 965 1284 et
986 1210 1033 1285 de
1048 1206 1129 1286 aliis
1148 1209 1323 1286 fratribus
1338 1210 1440 1286 idem
1458 1210 1593 1297 credit,
1610 1209 1750 1288 habent
1769 1210 1916 1288 firmam

493 1338 667 1415 fiduciam
688 1356 725 1414 et
742 1368 846 1444 spem
871 1340 998 1417 salutis
1017 1368 1084 1416 sue
1107 1342 1144 1416 in
1164 1341 1401 1417 sacramentis
1420 1339 1600 1428 Ecclesia,
1622 1341 1717 1417 sicut
1736 1359 1859 1418 sancta
1881 1360 1917 1418 et

494 1468 710 1544 universalis
733 1486 851 1544 mater
872 1470 1034 1546 Ecclesia
1056 1471 1134 1574 ipsa
1154 1470 1264 1546 nobis
1282 1469 1458 1546 fidelibus
1478 1469 1688 1545 veneranda
1705 1470 1860 1546 tradidit
1880 1489 1917 1546 et

494 1599 692 1675 servandas
738 1641 739 1644 ¹

550 1727 607 1803 Ad
626 1755 859 1804 xxx-xxxin
880 1729 1052 1805 articulos
1072 1728 1263 1817 inclusive,
1279 1729 1477 1834 diligenter
1495 1747 1531 1803 et
1549 1728 1735 1834 sigillatim
1757 1730 1916 1806 interro-

492 1868 613 1962 gatus,
635 1857 868 1963 respondens
878 1858 1026 1963 negavit
1044 1851 1144 1961 ipsos
1157 1859 1331 1935 articulos
1344 1875 1381 1934 et
1394 1859 1520 1933 omnia
1535 1876 1574 1934 et
1587 1857 1731 1963 singula
1746 1876 1916 1935 contenta

494 1985 532 2074 in
549 1986 618 2075 eis;
635 2005 787 2092 excepto
805 1987 932 2064 osculo
953 1988 1028 2064 oris
1046 2004 1192 2063 tantum
1204 2016 1283 2092 ,quo
1299 2004 1456 2063 utuntur
1475 1988 1514 2062 in
1531 1986 1686 2063 fratrum
1699 1990 1915 2093 recepcione

462 2136 466 2143 ·
493 2133 569 2192 tam
591 2144 631 2191 re
644 2117 772 2192 cliens
787 2143 900 2222 quam
920 2118 1072 2221 recepti.

549 2243 608 2319 Ad
627 2271 924 2322 mnu—xxxvii
941 2247 1115 2322 articulos
1126 2245 1324 2332 inclusive,
1342 2245 1540 2351 diligenter
1550 2264 1586 2322 et
1604 2245 1791 2352 sigillatim
1807 2247 1917 2322 inter-

495 2391 662 2481 rogatus,
679 2373 913 2479 respondens
929 2375 1020 2451 dixit
1041 2392 1215 2453 contenta
1235 2374 1366 2465 inillis
1384 2375 1602 2479 simpliciter
1620 2401 1705 2452 vera
1724 2403 1819 2481 esses

504 2531 511 2542 ·
549 2503 608 2580 Ad
626 2505 878 2582 xxxvur-lvu
897 2504 1070 2581 articulos
1081 2503 1271 2593 inclusive,
1289 2504 1489 2609 diligenter
1509 2522 1547 2580 at
1560 2503 1748 2609 sigillatim
1760 2506 1917 2582 interro-

493 2652 614 2739 gatus,
644 2635 791 2743 negavit
811 2633 895 2712 illos
921 2635 1097 2740 articulos
1126 2652 1164 2711 et
1188 2653 1363 2711 contenta
1385 2637 1425 2711 in
1449 2635 1524 2712 illis
1549 2635 1775 2742 simpliciter,
1806 2653 1917 2740 prout

494 2784 640 2852 sonant,
663 2782 838 2870 tanquam
859 2766 1042 2854 inaudita,
1069 2766 1256 2872 incognita
1276 2782 1314 2842 et
1333 2767 1459 2873 ignota
1479 2767 1518 2841 in
1538 2766 1672 2842 ordine
1692 2764 1840 2870 Templi
1859 2765 1914 2841 vel

494 2897 531 2972 in
548 2895 670 3004 aliqua
687 2914 791 3002 parte
809 2897 906 3004 ejus,
928 2913 1040 3002 prout
1057 2896 1174 2974 credit
1193 2895 1240 2973 de
1260 2897 1437 2974 omnibus
1452 2896 1645 2982 fratribus,
1669 2912 1705 2970 et
1721 2895 1788 2973 scit
1803 2911 1841 2971 et
1860 2924 1916 2970 as·

495 3027 585 3103 serit
605 3026 651 3103 de
671 3027 823 3132 seipso.

551 3155 608 3232 Ad
627 3155 870 3233 lvur—-lxxxu
890 3155 1066 3232 articulos
1086 3155 1275 3245 inclusive,
1294 3155 1493 3263 diligenter
1509 3171 1546 3231 et
1559 3153 1747 3261 sigillatim
1758 3154 1916 3230 interro·
2039 3185 2045 3198 ·

493 3303 615 3391 gatus,
632 3285 860 3391 respondens
872 3287 1017 3394 negavit
1031 3287 1134 3389 ipsos
1149 3284 1322 3361 articulos
1343 3301 1379 3361 et
1394 3287 1520 3362 omnia
1533 3301 1570 3361 et
1584 3283 1728 3390 singula
1744 3300 1916 3359 contenta

495 3416 532 3490 in
550 3417 603 3492 eis
622 3443 819 3502 versasse,
842 3432 997 3520 excepto
1015 3414 1120 3520 quod
1140 3415 1208 3490 scit
1223 3416 1392 3491 etcredit
1403 3416 1507 3520 quod
1522 3414 1652 3490 iratres
1669 3414 1756 3490 dicti
1771 3412 1915 3491 ordinis

494 3561 643 3649 portant
662 3544 832 3630 cordulas
845 3544 1042 3650 quasdam,
1064 3543 1203 3651 quibus
1223 3546 1323 3621 omni
1343 3563 1512 3652 tempore
1526 3573 1636 3649 supra
1650 3543 1815 3620 camisias
1828 3559 1914 3618 sunt

494 3674 671 3777 precincti
700 3674 738 3749 in
770 3675 916 3781 signum
945 3674 1147 3751 honestatis
1173 3692 1209 3751 et
1233 3675 1404 3751 castitatis
1424 3674 1604 3779 promisse
1626 3702 1646 3748 a
1669 3701 1725 3760 se,
1746 3689 1913 3777 tempore

439 3784 441 3788 ὗ
494 3831 560 3879 sue
583 3805 812 3910 recepcionis
838 3803 930 3880 facte
952 3803 998 3880 ab
1019 3803 1090 3881 illis
1109 3804 1390 3909 preceptoribus
1410 3805 1474 3910 qui
1496 3832 1560 3880 eos
1579 3803 1765 3907 rccipiunt
1784 3803 1831 3878 ad
1852 3828 1912 3877 or-

496 3933 906 4041 dincmsupradictnm.
1615 3917 1616 3920 Ἴ

550 4065 651 4142 Dixit
668 4092 820 4172 quoque
840 4066 944 4171 quod
964 4092 1046 4141 cum
1068 4066 1176 4143 dictis
1197 4065 1363 4143 cordulis
1384 4093 1453 4140 nec
1472 4065 1591 4169 capita
1611 4090 1680 4139 nec
1699 4060 1810 4168 ydola
1832 4077 1911 4136 tan-
1977 4092 1984 4103 ·

493 4211 634 4302 guntur
652 4223 722 4271 nec
740 4209 833 4273 tacta
847 4194 1002 4273 fuerunt
1016 4225 1036 4272 a
1049 4225 1087 4272 se
1103 4195 1230 4273 neceb
1245 4196 1373 4303 aliquo
1393 4193 1504 4282 fratre
1520 4194 1609 4271 dicti
1623 4191 1782 4280 ordinis,
1801 4207 1912 4296 prout

495 4323 628 4412 credit,
650 4352 719 4401 nec
737 4325 806 4401 scit
824 4325 917 4431 quid
936 4326 983 4402 sit
1003 4326 1173 4432 ydolum,
1195 4355 1263 4403 nec
1278 4327 1317 4401 in
1338 4326 1437 4402 dicto
1458 4324 1590 4400 ordine
1607 4349 1834 4427 aquoquam
1849 4348 1911 4395 au-

495 4454 596 4562 divit
610 4482 776 4560 unquam
802 4454 882 4530 fieri
912 4455 1153 4532 mentionem.
1176 4455 1354 4532 Adiciens*
1371 4455 1473 4559 quod
1494 4480 1561 4558 pro
1581 4451 1686 4527 libito
1714 4448 1911 4527 voluntatis

444 4627 447 4636 ·
496 4583 610 4661 dictas
629 4584 798 4662 cordulas
818 4585 1017 4690 portandas
1040 4606 1188 4690 semper
1206 4585 1391 4690 recipiunt
1411 4584 1457 4660 de
1477 4583 1541 4659 filo
1568 4581 1685 4670 lineo,
1708 4581 1755 4656 de
1774 4607 1910 4685 canape

495 4713 552 4789 vel
574 4713 619 4789 de
634 4713 732 4802 lana,
750 4741 835 4792 non«
843 4716 889 4792 ad
905 4733 1041 4792 certam
1062 4744 1272 4793 mensuram
1292 4717 1331 4791 in
1346 4713 1620 4820 longitudinem
1639 4740 1709 4786 nec
1726 4709 1799 4787 alio
1820 4735 1914 4814 quo·

494 4844 547 4922 vis
560 4846 685 4934 modo,
703 4845 769 4922 sed
782 4846 878 4922 sicut
891 4846 1025 4952 cuique
1038 4873 1167 4923 eorum
1185 4847 1300 4954 magis
1314 4843 1449 4950 placen
1467 4860 1601 4920 etcum
1615 4870 1676 4919 eas
1690 4840 1816 4945 rumpi
1831 4866 1914 4916 con·
