4236 5948
586 530 781 624 ruocts
807 550 902 623 uns
929 550 1230 624 rnnrtrnns.
1576 558 1622 630 cs

201 693 486 798 imponerentur
505 717 573 796 per
588 691 818 796 presbiteros
838 693 1003 785 ordinis,
1026 710 1063 769 et
1080 693 1186 801 quod
1207 710 1304 770 esset
1318 722 1445 773 servus
1461 697 1624 773 esclavus

202 823 361 911 ordinis,
385 839 421 898 et
441 821 539 898 vovit
554 822 778 916 castitatem,
796 822 1074 917 obedienciam,
1095 825 1217 902 vivere
1233 825 1313 902 sine
1329 827 1502 932 proprio;
1521 845 1558 903 et
1573 857 1625 903 re·

201 953 296 1060 cepit
314 981 418 1044 eum,
439 970 583 1058 patrem
606 968 644 1028 et
662 969 838 1044 matrem,
857 952 1009 1030 fratrem
1026 971 1063 1032 et
1081 983 1249 1032 sororem
1266 983 1354 1032 suos
1374 955 1421 1031 ad
1440 954 1624 1032 beneficia

204 1083 370 1171 ordinis3
393 1099 431 1159 et
451 1081 629 1187 imposito
650 1081 720 1158 sibi
740 1082 938 1172 mantello,
961 1102 1133 1190 receptor
1153 1101 1191 1160 et
1210 1112 1343 1161 omnes
1366 1101 1526 1161 astantes
1545 1085 1626 1165 sue-

201 1233 286 1292 runt
304 1243 391 1291 eum
407 1212 561 1290 osculati
578 1212 617 1288 in
633 1240 708 1290 ore.
727 1212 876 1291 Deinde
899 1212 971 1290 suit
989 1215 1196 1291 instructus
1212 1213 1259 1289 ab
1278 1215 1413 1290 eodem
1430 1234 1624 1322 receptore

202 1351 294 1453 quot
314 1347 426 1424 Pater
443 1359 558 1421 noster
576 1343 719 1420 diceret
745 1371 815 1450 pro
844 1343 946 1421 horis
966 1344 1059 1435 suis,
1082 1345 1243 1451 qualiter
1266 1346 1413 1451 regeret
1435 1374 1473 1422 se
1501 1347 1538 1423 in
1567 1379 1626 1424 or·

203 1476 307 1567 dine,
330 1491 368 1552 et
386 1474 539 1551 suerunt
560 1473 593 1549 ei
615 1471 771 1580 expositi
793 1501 899 1551 casus
916 1492 1071 1581 propter
1085 1503 1179 1582 quos
1194 1490 1341 1580 poterat
1360 1474 1552 1553 incurrere
1574 1480 1625 1554 di-

204 1633 322 1683 versas
350 1633 486 1711 penas;
515 1621 552 1681 et
576 1605 709 1681 eadem
736 1604 776 1681 in
801 1605 980 1684 omnibus
1007 1619 1045 1683 et
1071 1635 1138 1714 per
1167 1605 1293 1682 omnia
1314 1606 1405 1682 vidit
1429 1608 1562 1684 servari
1586 1610 1623 1684 in

202 1737 420 1842 recepcione
447 1733 570 1811 fratris
595 1735 735 1812 Mathei
762 1735 918 1814 Velhier
946 1736 1123 1842 predicti,
1145 1737 1210 1842 qui
1231 1735 1303 1813 fuit
1322 1735 1495 1812 similiter
1517 1757 1555 1814 et
1577 1739 1623 1815 ab

202 1866 336 1943 eodem
358 1883 396 1943 et
416 1865 558 1942 eisdem
576 1864 815 1970 presentibus
835 1882 1008 1974 receptus
1026 1896 1113 1943 cum
1135 1895 1202 1957 θος
1225 1884 1261 1943 et
1282 1867 1320 1941 in
1340 1868 1624 1973 recepcionibus

200 1995 538 2102 infrascriptorum‚
559 1995 700 2072 scilicet
715 1995 870 2073 fratrum
888 1996 1097 2075 Guausredi
1116 1996 1323 2075 Gommerii
1340 1996 1486 2088 militis,
1504 2017 1541 2075 et
1560 2031 1624 2076 cu-

194 2127 342 2232 jusdam
359 2126 513 2204 alterius
530 2125 659 2201 militis
676 2125 723 2202 de
740 2127 836 2203 circa
852 2129 1060 2205 Petrusiam
1076 2125 1352 2204 Lemovicensis
1370 2126 1547 2217 diocesis,
1566 2160 1626 2205 cu·

193 2259 254 2363 jus
276 2286 417 2335 nomen
443 2275 480 2335 et
500 2284 710 2364 cognomen
726 2257 887 2365 ignorat,
905 2259 1207 2345 deffunctorum3
1224 2257 1404 2334 Johannis
1417 2257 1464 2334 de
1480 2261 1621 2348 Ruans,

198 2390 301 2467 testis
317 2388 433 2496 jurati
461 2390 526 2466 sed
548 2387 721 2464 nondum
744 2389 957 2480 examinati,
980 2407 1018 2466 et
1038 2388 1233 2495 cujusdam
1254 2387 1407 2465 alterius
1431 2391 1623 2467 servientis

199 2519 344 2597 Picardi
375 2518 574 2610 deffuncti,
608 2519 713 2626 cujus
738 2547 879 2596 nomen
901 2537 938 2596 et
958 2547 1168 2627 cognomen
1194 2519 1356 2627 ignorat,
1378 2518 1443 2624 qui
1464 2538 1625 2625 quatuor

200 2648 313 2726 simul
335 2650 476 2755 recepti
498 2648 653 2726 fuerunt
678 2649 717 2724 in
748 2649 890 2755 capella
921 2650 1057 2726 domus
1076 2648 1228 2754 Templi·
1248 2648 1295 2724 de
1317 2647 1420 2725 Ouso
1440 2648 1625 2729 Pictoreu-

199 2780 248 2856 sis
270 2780 445 2867 diocesis,
469 2780 564 2856 circa
583 2780 725 2856 instans
745 2780 883 2857 festum
907 2780 1007 2857 beati
1027 2779 1195 2857 Barnabe
1216 2796 1328 2855 erunt
1352 2795 1436 2855 octo
1457 2782 1543 2856 anni
1565 2782 1620 2857 vel

201 2911 316 3003 circa,
342 2940 409 3016 per
429 2910 581 2988 fratrem
608 2908 842 2989 Gauiredum
869 2911 916 2986 de
937 2908 1132 2988 Gonavilla
1157 2908 1335 2998 militem,
1361 2927 1620 3014 preceptorem

200 3041 375 3129 Pictavie,
397 3041 636 3148 presentibus
655 3038 832 3119 fratribus
852 3038 1059 3119 Guillelmo
1081 3040 1155 3117 deu
1188 3040 1300 3148 Liege
1328 3057 1546 3145 preceptore
1574 3042 1621 3117 de

200 3171 373 3279 Rupella,
396 3189 492 3249 teste
513 3200 624 3278 supra
643 3171 870 3260 examinato,
892 3173 1061 3250 Johanne
1083 3170 1130 3247 de
1151 3170 1315 3250 Turonis
1333 3187 1550 3278 preceptore
1574 3172 1621 3249 de

198 3304 318 3381 Banes
340 3303 591 3379 Xantonensis
610 3301 786 3394 diocesis,
803 3304 870 3408 qui
890 3302 1081 3380 detinetur
1096 3302 1135 3379 in
1149 3301 1337 3390 'l'uronia3
1353 3299 1560 3380 Guillelmo
1576 3304 1622 3378 de

199 3432 304 3509 Blere
328 3435 547 3538 preceptore
567 3433 613 3508 de
629 3431 772 3538 Campo
787 3432 949 3526 Gilonis,
971 3434 1036 3540 qui
1057 3434 1249 3511 detinetur
1268 3430 1369 3538 apud
1385 3408 1621 3547 Caynonemf

198 3563 368 3639 iohanne
389 3579 609 3667 preceptore
631 3561 728 3638 dicte
751 3562 888 3639 domus
914 3563 961 3640 de
986 3562 1130 3670 Oyson,
1158 3562 1265 3668 cujus
1290 3589 1497 3666 cognomen
1519 3563 1624 3669 igno·

199 3711 270 3779 rat;
303 3691 455 3770 Matheo
476 3692 522 3769 de
550 3692 689 3799 Stagno
721 3711 941 3799 preceptore
971 3693 1018 3769 de
1046 3693 1193 3769 Rochos
1218 3719 1335 3797 prope
1362 3690 1563 3780 Pictavam,
1586 3712 1624 3768 ot

198 3821 369 3927 pluribus
390 3821 471 3899 aliis
492 3822 583 3899 vivis
604 3840 641 3900 et
662 3821 874 3899 deffunctis.
896 3823 1001 3902 Vidit
1021 3823 1138 3900 eciam
1158 3823 1272 3928 recipi
1292 3822 1445 3899 fratrem
1469 3825 1621 3899 Petrum

201 3954 245 4029 de
267 3953 404 4030 Sancto
426 3953 649 4042 Benedict0,
672 3970 808 4031 testem
829 3983 940 4060 supra
959 3954 1127 4061 juratum
1153 3952 1221 4030 sed
1242 3952 1415 4030 nondum
1436 3954 1622 4029 examina·

199 4100 297 4170 tum,
313 4083 353 4159 in
368 4083 507 4189 capella
529 4083 667 4160 domus
686 4081 836 4189 Templi
860 4084 907 4160 de
928 4084 1052 4167 insula
1072 4084 1275 4170 Bochardi‚
1297 4112 1364 4187 per
1383 4081 1535 4159 fratrem
1556 4084 1623 4156 Pe-

198 4229 297 4290 trum
319 4213 367 4291 de
388 4212 536 4291 Madico
555 4213 692 4303 milite,
719 4215 912 4319 quondam
934 4232 1129 4292 tenentem
1150 4214 1275 4290 locum
1296 4213 1513 4320 visitato-ris,
1535 4230 1623 4289 sunt

199 4370 255 4422 ιν(
284 4344 373 4418 anni
401 4343 461 4420 vel
487 4344 600 4434 circa,
632 4334 871 4449 presentibus
895 4344 1071 4422 fratribus
1091 4346 1250 4452 Hugone
1280 4344 1328 4419 de
1352 4344 1509 4419 Narsaco
1537 4371 1621 4448 pre-

199 4490 349 4580 ceptore
377 4473 424 4550 de
445 4474 621 4580 Espaucis
641 4475 893 4553 Xantonensis
921 4475 1100 4566 diocesis,
1125 4475 1190 4582 qui
1211 4474 1404 4550 detinetur
1421 4475 1618 4564 Xantonis,

199 4603 298 4681 dicto
319 4604 431 4681 fratre
449 4604 621 4681 Johanne
643 4605 690 4682 de
712 4606 848 4682 Sancto
867 4605 1090 4693 Benedicto,
1114 4604 1296 4682 avunculo
1320 4602 1478 4710 predicti
1498 4602 1638 4684 fratris.

199 4734 295 4811 Petri
329 4734 376 4810 de
398 4736 536 4812 Sancto
564 4736 768 4812 Benedicto
790 4734 999 4826 deffuncto,
1025 4753 1118 4813 teste
1142 4764 1255 4841 supra
1275 4737 1497 4814 examinato.
1521 4738 1623 4815 Vidit

199 4865 315 4941 eciam
340 4865 454 4971 recipi
485 4865 635 4943 fratrem
657 4865 891 4945 Gausredum
917 4867 965 4945 de
988 4869 1157 4957 Tenten,
1184 4867 1417 4946 Turonensis
1442 4866 1617 4952 diocesis,
