4236 5948
728 521 925 610 raocns
950 537 1046 610 uns
1076 538 1374 611 rnupnruns.
1685 537 1759 613 us

399 679 652 786 Interrogatus
667 695 794 756 utrum
810 679 861 770 vi,
878 678 934 754 vel
951 696 1057 755 metu
1070 680 1225 756 carceris
1235 708 1302 756 seu
1312 696 1603 768 tormentorum,
1620 696 1682 754 aut
1692 679 1761 754 alia

342 811 390 886 de
415 838 538 896 causa,
564 807 726 914 aliquam
740 809 875 886 dixerit
896 808 1094 886 falsitatem
1114 826 1177 884 aut
1198 809 1442 885 immiscuerit
1461 808 1500 883 in
1525 806 1760 912 deposicione

328 934 428 1028 sua,
451 939 544 1016 dixit
561 969 629 1045 per
638 941 896 1045 juramentum
915 968 1026 1017 suum
1041 938 1145 1045 quod
1160 966 1256 1028 non3
1279 941 1395 1015 immo
1411 966 1540 1043 puram
1563 955 1600 1014 et
1621 965 1761 1014 meram

341 1072 481 1148 dixerat
505 1070 709 1147 veritatem.

397 1336 490 1410 Item
509 1334 622 1408 frater
637 1331 762 1409 Guido
784 1332 831 1408 de
843 1333 1021 1409 Ferrcriis
1044 1331 1225 1438 presbiter
1240 1332 1328 1408 dicti
1350 1332 1508 1418 ordinis,
1532 1332 1636 1408 etatis
1650 1332 1762 1436 quin-

343 1465 516 1570 quaginta
544 1490 748 1551 annorum,
779 1490 929 1540 morans
957 1463 1056 1568 apud
1080 1463 1308 1567 Ragnicourt
1335 1463 1492 1540 diocesis
1514 1462 1760 1549 Belvacensis,

337 1594 485 1701 juratus
511 1593 647 1671 eodem
667 1592 784 1670 modo
801 1594 848 1670 de
867 1621 905 1670 se
925 1609 962 1670 et
977 1592 1059 1669 aliis
1074 1593 1112 1668 in
1131 1621 1239 1669 causa
1254 1593 1345 1671 fidei
1363 1593 1488 1668 dicere
1503 1593 1709 1678 veritatem,
1727 1611 1764 1668 et

342 1723 589 1830 interrogatus
609 1724 655 1799 de
669 1741 839 1828 tempore
855 1740 892 1800 et
902 1725 1018 1801 modo
1034 1751 1099 1800 sue
1119 1724 1364 1828 recepcionis‚
1388 1722 1481 1799 dixit
1498 1751 1566 1828 per
1578 1723 1763 1829 juramen-

341 1871 420 1930 tum
445 1882 555 1931 suum
574 1855 679 1960 quod
697 1871 869 1958 receptus
892 1854 963 1932 fuit
982 1855 1081 1960 apud
1100 1854 1341 1960 Laigneville,
1364 1855 1403 1929 in
1420 1853 1557 1958 capella
1574 1853 1672 1930 dicte
1693 1854 1763 1931 do-

342 2008 442 2071 mus,
465 2010 513 2059 xu
540 1984 628 2060 anni
657 2001 743 2060 sunt
772 1983 904 2089 elapsi,
932 2012 1000 2089 per
1021 1983 1173 2060 fratrem
1204 1983 1396 2060 Nicolaum
1427 1999 1685 2088 preceptorem
1716 1984 1762 2061 de
1870 1988 1874 1995 ’
1971 2082 1976 2091 Ι

342 2112 554 2220 latigniaco
572 2114 697 2206 Sicco,
717 2113 953 2220 presentibus
976 2113 1151 2192 fratribus
1170 2114 1375 2221 Reginaldo
1392 2131 1434 2191 et
1451 2112 1619 2190 Iohanne
1644 2114 1764 2219 capel-

343 2242 437 2320 lanis
453 2243 549 2319 dicte
564 2244 711 2327 domus.
723 2244 825 2320 Dixit
838 2245 953 2320 eciam
968 2273 1036 2348 per
1048 2245 1304 2351 juramentum
1315 2273 1426 2320 suurn
1438 2243 1558 2348 quod,
1572 2261 1657 2348 post
1668 2247 1766 2321 mul-

342 2390 397 2450 tas
415 2374 683 2479 promissiones
698 2372 744 2448 ab
766 2399 811 2449 eo
831 2372 941 2448 lactas
961 2371 1008 2447 de
1029 2372 1269 2458 observandis
1289 2374 1435 2450 statutis
1454 2389 1491 2449 et
1508 2374 1658 2450 secretis
1674 2375 1763 2450 dicti

343 2504 506 2592 ordinis,
527 2501 649 2580 dictus
668 2502 851 2608 recipiens
871 2503 980 2578 traxit
1001 2503 1155 2578 eumad
1178 2519 1342 2607 patrem,
1365 2502 1447 2578 aliis
1466 2504 1762 2595 remanentibus,

344 2650 386 2710 et>
400 2634 562 2711 ostendit
580 2633 651 2711 sibi
673 2633 874 2740 quamdam
894 2661 1043 2709 crucem
1057 2632 1222 2738 ligneam
1236 2632 1437 2736 depictam,
1456 2649 1493 2708 et
1506 2633 1673 2738 precepit
1692 2635 1764 2711 sibi

342 2766 448 2872 quod
465 2765 664 2871 abnegaret
688 2763 796 2841 illum
827 2764 890 2869 qui
911 2791 1041 2868 passus
1062 2762 1184 2841 luerat
1209 2763 1247 2841 in
1272 2792 1400 2849 cruce,
1424 2780 1460 2839 et
1480 2781 1640 2869 spueret
1655 2794 1765 2870 supra

343 2923 509 2986 crucem,
532 2912 570 2972 et
588 2896 667 2999 ipse
686 2912 776 2970 tunc
796 2893 931 2969 invitus
951 2893 1096 2998 negavit
1120 2910 1177 2969 ter
1198 2910 1235 2969 et
1251 2893 1352 2997 spuit
1369 2909 1441 2980 ter,
1463 2921 1573 2999 supra
1597 2923 1761 2986 crucem,

344 3053 408 3103 ore
429 3044 466 3101 et
479 3053 555 3103 non
575 3025 701 3103 corde.
721 3024 822 3101 Dixit
843 3025 959 3101 eciam
979 3053 1047 3129 per
1060 3024 1316 3130 juramentum
1332 3053 1442 3099 suum
1458 3024 1563 3130 quod
1578 3025 1765 3103 osculatus

343 3155 415 3233 fuit
435 3157 576 3233 dictum
597 3156 839 3262 recipientem
856 3156 974 3232 inore
994 3155 1082 3230 etin
1096 3153 1295 3243 umbilico,
1316 3172 1353 3230 et
1371 3155 1538 3261 precepit
1556 3155 1628 3231 sibi
1644 3155 1765 3234 dictus

343 3287 527 3390 recipiens
546 3286 653 3392 quod
672 3286 903 3363 oscularetur
923 3314 1009 3363 eum
1036 3286 1075 3360 in
1095 3283 1169 3360 line
1191 3285 1299 3389 spine
1319 3286 1443 3374 dorsi;
1463 3286 1530 3362 sed
1553 3310 1631 3363 non
1651 3287 1766 3364 voluit

343 3417 466 3521 ipsum
487 3418 538 3494 ibi
563 3417 733 3495 osculari.
755 3417 856 3494 Dixit
873 3419 989 3494 eciam
1009 3447 1078 3523 per
1091 3416 1347 3524 juramentum
1373 3445 1483 3494 sunm
1514 3418 1617 3523 quod
1645 3418 1766 3496 dictus

342 3548 524 3651 recipiens
544 3548 635 3623 dixit
658 3548 728 3624 sibi
749 3548 853 3652 quod
877 3549 906 3624 si
933 3547 1033 3624 calor
1051 3547 1227 3623 naturalis
1244 3565 1411 3625 moveret
1435 3576 1538 3638 eum,
1560 3565 1705 3654 poterat
1727 3579 1765 3626 se

343 3677 584 3752 commiscere
601 3675 874 3754 cumfratribus
888 3677 1042 3754 ordinis.
1060 3677 1160 3752 Dixit
1171 3695 1297 3753 tamen
1310 3707 1378 3782 per
1382 3678 1638 3784 juramentum
1653 3709 1765 3758 suum

343 3806 447 3910 quod
465 3833 656 3910 nunquam
675 3803 777 3893 lecit,
801 3833 872 3881 nec
891 3806 962 3882 suit
979 3805 1192 3911 requisitus.
1212 3809 1462 3916 Interrogatus
1487 3827 1615 3887 utrum
1633 3810 1767 3886 viderit

343 3935 488 4041 aliquos
507 3933 636 4011 fratres
653 3934 784 4041 recipi,
807 3935 899 4013 dixit
913 3963 981 4043 per
996 3936 1252 4043 juramentum
1273 3944 1386 4016 suuni
1414 3940 1519 4044 quod
1536 3941 1595 4022 ,sic
1614 3941 1764 4018 fratrem

343 4066 531 4142 Thomam
557 4065 605 4142 de
629 4067 904 4156 Bochancourt,
927 4095 995 4172 per
1024 4065 1177 4144 fratrem
1206 4067 1416 4145 Gerardum
1439 4069 1616 4145 ricarium
1640 4098 1767 4175 prece-

343 4196 461 4300 ptoris
475 4196 610 4273 domus
626 4196 674 4272 de
689 4196 882 4286 Fontanis,
902 4198 941 4274 in
958 4198 1054 4274 dicta
1076 4198 1208 4287 domo,
1227 4216 1264 4276 et
1278 4197 1432 4276 fratrem
1450 4199 1658 4280 Iohannem
1672 4203 1767 4277 Dor-

343 4325 465 4413 viller,
483 4354 551 4430 per
565 4327 729 4403 eundem
740 4389 748 4416 ,
761 4345 803 4405 ut
823 4329 955 4418 credit,
979 4346 1016 4405 et
1031 4329 1070 4405 in
1090 4330 1222 4407 eadem
1238 4331 1370 4419 domo,
1388 4347 1425 4410 et
1442 4328 1596 4408 fratrem
1614 4331 1765 4407 Petrum

346 4457 394 4533 de
414 4458 605 4545 Fontanus,
627 4486 696 4564 per
724 4457 876 4536 fratrem
898 4459 1107 4536 Iohannem
1129 4460 1175 4537 de
1201 4463 1347 4549 Turno;
1373 4478 1410 4536 et
1436 4460 1528 4537 dixit
1550 4460 1653 4567 quod
1672 4461 1766 4538 reci-

344 4587 489 4691 pientes
514 4587 701 4663 duxerunt
720 4588 820 4692 ipsos
835 4604 1004 4693 receptos
1027 4589 1074 4664 ad
1097 4606 1257 4696 partem,
1277 4609 1314 4669 et
1341 4589 1459 4667 credit
1485 4590 1589 4696 quod
1604 4589 1767 4669 ,fuerunt

345 4716 480 4794 eodem
501 4717 618 4793 modo
639 4718 789 4824 recepti.

363 4912 366 4919 .
400 4850 651 4955 Interrogatus
667 4863 794 4926 utrum
807 4848 859 4937 vi,
871 4846 930 4927 vel
945 4867 1051 4928 metu
1062 4851 1218 4930 carceris
1230 4879 1298 4930 seu
1309 4870 1598 4943 tormentorum,
1614 4871 1679 4931 aut
1697 4852 1768 4931 alia
