<?xml version="1.0" encoding="UTF-8"?>
<!DOCTYPE html PUBLIC "-//W3C//DTD XHTML 1.0 Transitional//EN"
    "http://www.w3.org/TR/xhtml1/DTD/xhtml1-transitional.dtd">
<html xmlns="http://www.w3.org/1999/xhtml" xml:lang="en" lang="en">
 <head>
  <title>
</title>
<meta http-equiv="Content-Type" content="text/html;charset=utf-8" />
  <meta name='ocr-system' content='tesseract 3.04.00' />
  <meta name='ocr-capabilities' content='ocr_page ocr_carea ocr_par ocr_line ocrx_word'/>
</head>
<body>
  <div class='ocr_page' id='page_1' title='image "./procsdestemplie00defegoog/procsdestemplie00defegoog_0361.png"; bbox 0 0 4236 5948; ppageno 0'>
   <div class='ocr_carea' id='block_1_1' title="bbox 639 548 1674 644">
    <p class='ocr_par' dir='ltr' id='par_1_1' title="bbox 639 548 1674 644">
     <span class='ocr_line' id='line_1_1' title="bbox 639 548 1674 644; baseline 0.004 -6"><span class='ocrx_word' id='word_1_1' title='bbox 639 548 833 642; x_wconf 75' lang='lat' dir='ltr'>rnocss</span> <span class='ocrx_word' id='word_1_2' title='bbox 860 569 955 641; x_wconf 80' lang='lat' dir='ltr'>uss</span> <span class='ocrx_word' id='word_1_3' title='bbox 980 568 1285 642; x_wconf 80' lang='lat' dir='ltr'>rsurmsus.</span> <span class='ocrx_word' id='word_1_4' title='bbox 1600 570 1674 644; x_wconf 82' lang='lat' dir='ltr'>sss</span> 
     </span>
    </p>
   </div>
   <div class='ocr_carea' id='block_1_2' title="bbox 251 708 1678 1860">
    <p class='ocr_par' dir='ltr' id='par_1_2' title="bbox 251 708 1678 1860">
     <span class='ocr_line' id='line_1_2' title="bbox 262 708 1675 818; baseline 0.001 -32"><span class='ocrx_word' id='word_1_5' title='bbox 262 758 267 769; x_wconf 93' lang='lat'><em>·</em></span> <span class='ocrx_word' id='word_1_6' title='bbox 306 711 399 786; x_wconf 89' lang='lat' dir='ltr'>ltem</span> <span class='ocrx_word' id='word_1_7' title='bbox 413 708 504 785; x_wconf 81' lang='lat' dir='ltr'>dixit</span> <span class='ocrx_word' id='word_1_8' title='bbox 520 735 588 813; x_wconf 91' lang='lat' dir='ltr'>per</span> <span class='ocrx_word' id='word_1_9' title='bbox 601 708 861 814; x_wconf 88' lang='lat' dir='ltr'>juramentum</span> <span class='ocrx_word' id='word_1_10' title='bbox 873 708 1041 818; x_wconf 75' lang='lat' dir='ltr'>quodsi,</span> <span class='ocrx_word' id='word_1_11' title='bbox 1063 710 1120 789; x_wconf 84' lang='lat' dir='ltr'>vel</span> <span class='ocrx_word' id='word_1_12' title='bbox 1136 728 1240 788; x_wconf 89' lang='lat' dir='ltr'>metu</span> <span class='ocrx_word' id='word_1_13' title='bbox 1259 709 1416 787; x_wconf 89' lang='lat' dir='ltr'>carceris</span> <span class='ocrx_word' id='word_1_14' title='bbox 1434 727 1498 787; x_wconf 90' lang='lat' dir='ltr'>aut</span> <span class='ocrx_word' id='word_1_15' title='bbox 1509 726 1675 788; x_wconf 86' lang='lat' dir='ltr'>tormen-</span> 
     </span>
     <span class='ocr_line' id='line_1_3' title="bbox 251 839 1678 950; baseline -0.002 -30"><span class='ocrx_word' id='word_1_16' title='bbox 251 859 393 927; x_wconf 82' lang='lat' dir='ltr'>torum,</span> <span class='ocrx_word' id='word_1_17' title='bbox 416 866 492 918; x_wconf 92' lang='lat' dir='ltr'>non</span> <span class='ocrx_word' id='word_1_18' title='bbox 515 839 608 917; x_wconf 85' lang='lat' dir='ltr'>dixit</span> <span class='ocrx_word' id='word_1_19' title='bbox 628 839 732 919; x_wconf 90' lang='lat' dir='ltr'>aliud</span> <span class='ocrx_word' id='word_1_20' title='bbox 752 869 865 950; x_wconf 87' lang='lat' dir='ltr'>quam</span> <span class='ocrx_word' id='word_1_21' title='bbox 886 843 1093 931; x_wconf 85' lang='lat' dir='ltr'>veritatem,</span> <span class='ocrx_word' id='word_1_22' title='bbox 1115 869 1186 918; x_wconf 85' lang='lat' dir='ltr'>nec</span> <span class='ocrx_word' id='word_1_23' title='bbox 1204 841 1242 918; x_wconf 89' lang='lat' dir='ltr'>in</span> <span class='ocrx_word' id='word_1_24' title='bbox 1264 842 1454 948; x_wconf 87' lang='lat' dir='ltr'>premissis</span> <span class='ocrx_word' id='word_1_25' title='bbox 1474 841 1678 919; x_wconf 84' lang='lat' dir='ltr'>immiscuit</span> 
     </span>
     <span class='ocr_line' id='line_1_4' title="bbox 252 970 1677 1080; baseline -0.001 -29"><span class='ocrx_word' id='word_1_26' title='bbox 252 973 415 1080; x_wconf 78' lang='lat' dir='ltr'>aliquam</span> <span class='ocrx_word' id='word_1_27' title='bbox 434 970 649 1061; x_wconf 83' lang='lat' dir='ltr'>falsitatem,</span> <span class='ocrx_word' id='word_1_28' title='bbox 664 990 729 1051; x_wconf 87' lang='lat' dir='ltr'>aut</span> <span class='ocrx_word' id='word_1_29' title='bbox 744 973 924 1053; x_wconf 79' lang='lat' dir='ltr'>subticuit</span> <span class='ocrx_word' id='word_1_30' title='bbox 938 975 1146 1061; x_wconf 85' lang='lat' dir='ltr'>veritatem,</span> <span class='ocrx_word' id='word_1_31' title='bbox 1161 991 1199 1052; x_wconf 92' lang='lat' dir='ltr'>et</span> <span class='ocrx_word' id='word_1_32' title='bbox 1216 973 1320 1079; x_wconf 86' lang='lat' dir='ltr'>quod</span> <span class='ocrx_word' id='word_1_33' title='bbox 1337 1001 1469 1078; x_wconf 87' lang='lat' dir='ltr'>puram</span> <span class='ocrx_word' id='word_1_34' title='bbox 1485 973 1677 1051; x_wconf 85' lang='lat' dir='ltr'>veritatem</span> 
     </span>
     <span class='ocr_line' id='line_1_5' title="bbox 252 1101 1644 1211; baseline 0.006 -31"><span class='ocrx_word' id='word_1_35' title='bbox 252 1102 344 1180; x_wconf 85' lang='lat' dir='ltr'>dixit</span> <span class='ocrx_word' id='word_1_36' title='bbox 361 1131 431 1211; x_wconf 92' lang='lat' dir='ltr'>pro</span> <span class='ocrx_word' id='word_1_37' title='bbox 452 1101 569 1180; x_wconf 90' lang='lat' dir='ltr'>salute</span> <span class='ocrx_word' id='word_1_38' title='bbox 587 1104 711 1182; x_wconf 87' lang='lat' dir='ltr'>anime</span> <span class='ocrx_word' id='word_1_39' title='bbox 732 1133 810 1182; x_wconf 88' lang='lat' dir='ltr'>sue.</span> <span class='ocrx_word' id='word_1_40' title='bbox 1642 1185 1644 1188; x_wconf 75' lang='grc'>,</span> 
     </span>
     <span class='ocr_line' id='line_1_6' title="bbox 306 1233 1677 1342; baseline 0 -31"><span class='ocrx_word' id='word_1_41' title='bbox 306 1237 336 1311; x_wconf 85' lang='lat' dir='ltr'>F</span> <span class='ocrx_word' id='word_1_42' title='bbox 339 1253 418 1312; x_wconf 86' lang='lat' dir='ltr'>acte</span> <span class='ocrx_word' id='word_1_43' title='bbox 443 1251 568 1310; x_wconf 89' lang='lat' dir='ltr'>autem</span> <span class='ocrx_word' id='word_1_44' title='bbox 590 1251 677 1312; x_wconf 90' lang='lat' dir='ltr'>sunt</span> <span class='ocrx_word' id='word_1_45' title='bbox 696 1235 948 1313; x_wconf 86' lang='lat' dir='ltr'>confessiones</span> <span class='ocrx_word' id='word_1_46' title='bbox 968 1262 1034 1312; x_wconf 89' lang='lat' dir='ltr'>seu</span> <span class='ocrx_word' id='word_1_47' title='bbox 1055 1234 1314 1340; x_wconf 89' lang='lat' dir='ltr'>deposiciones</span> <span class='ocrx_word' id='word_1_48' title='bbox 1333 1236 1403 1310; x_wconf 89' lang='lat' dir='ltr'>hec</span> <span class='ocrx_word' id='word_1_49' title='bbox 1423 1262 1443 1311; x_wconf 88' lang='lat' dir='ltr'>a</span> <span class='ocrx_word' id='word_1_50' title='bbox 1460 1233 1568 1310; x_wconf 88' lang='lat' dir='ltr'>dictis</span> <span class='ocrx_word' id='word_1_51' title='bbox 1586 1263 1677 1342; x_wconf 87' lang='lat' dir='ltr'>qua·</span> 
     </span>
     <span class='ocr_line' id='line_1_7' title="bbox 253 1346 1676 1471; baseline -0.003 -28"><span class='ocrx_word' id='word_1_52' title='bbox 253 1382 343 1443; x_wconf 88' lang='lat' dir='ltr'>tuor</span> <span class='ocrx_word' id='word_1_53' title='bbox 361 1346 537 1441; x_wconf 83' lang='lat' dir='ltr'>fratribus</span> <span class='ocrx_word' id='word_1_54' title='bbox 551 1365 736 1455; x_wconf 86' lang='lat' dir='ltr'>Johanne,</span> <span class='ocrx_word' id='word_1_55' title='bbox 757 1364 943 1456; x_wconf 90' lang='lat' dir='ltr'>Jobanne,</span> <span class='ocrx_word' id='word_1_56' title='bbox 967 1364 1164 1471; x_wconf 87' lang='lat' dir='ltr'>lladulpho</span> <span class='ocrx_word' id='word_1_57' title='bbox 1186 1383 1223 1443; x_wconf 91' lang='lat' dir='ltr'>et</span> <span class='ocrx_word' id='word_1_58' title='bbox 1242 1367 1352 1442; x_wconf 87' lang='lat' dir='ltr'>Petro</span> <span class='ocrx_word' id='word_1_59' title='bbox 1374 1364 1516 1442; x_wconf 86' lang='lat' dir='ltr'>ordinis</span> <span class='ocrx_word' id='word_1_60' title='bbox 1537 1363 1676 1440; x_wconf 88' lang='lat' dir='ltr'>milicie</span> 
     </span>
     <span class='ocr_line' id='line_1_8' title="bbox 253 1493 1674 1602; baseline 0.002 -33"><span class='ocrx_word' id='word_1_61' title='bbox 253 1493 418 1600; x_wconf 76' lang='lat' dir='ltr'>Templi,</span> <span class='ocrx_word' id='word_1_62' title='bbox 436 1493 658 1600; x_wconf 85' lang='lat' dir='ltr'>juramentis</span> <span class='ocrx_word' id='word_1_63' title='bbox 675 1496 779 1601; x_wconf 89' lang='lat' dir='ltr'>prius</span> <span class='ocrx_word' id='word_1_64' title='bbox 798 1496 844 1573; x_wconf 89' lang='lat' dir='ltr'>ab</span> <span class='ocrx_word' id='word_1_65' title='bbox 863 1496 917 1573; x_wconf 89' lang='lat' dir='ltr'>eis</span> <span class='ocrx_word' id='word_1_66' title='bbox 930 1512 974 1572; x_wconf 90' lang='lat' dir='ltr'>ut</span> <span class='ocrx_word' id='word_1_67' title='bbox 992 1496 1222 1601; x_wconf 85' lang='lat' dir='ltr'>premittitur</span> <span class='ocrx_word' id='word_1_68' title='bbox 1241 1495 1419 1602; x_wconf 88' lang='lat' dir='ltr'>prestitis,</span> <span class='ocrx_word' id='word_1_69' title='bbox 1442 1493 1618 1581; x_wconf 88' lang='lat' dir='ltr'>Parisius,</span> <span class='ocrx_word' id='word_1_70' title='bbox 1636 1497 1674 1572; x_wconf 91' lang='lat' dir='ltr'>in</span> 
     </span>
     <span class='ocr_line' id='line_1_9' title="bbox 254 1623 1675 1732; baseline -0.001 -30"><span class='ocrx_word' id='word_1_71' title='bbox 254 1623 430 1702; x_wconf 79' lang='lat' dir='ltr'>domihn</span> <span class='ocrx_word' id='word_1_72' title='bbox 444 1624 610 1731; x_wconf 84' lang='lat' dir='ltr'>Templi,</span> <span class='ocrx_word' id='word_1_73' title='bbox 624 1654 736 1716; x_wconf 82' lang='lat' dir='ltr'>anno,</span> <span class='ocrx_word' id='word_1_74' title='bbox 753 1626 958 1714; x_wconf 89' lang='lat' dir='ltr'>indicione,</span> <span class='ocrx_word' id='word_1_75' title='bbox 972 1623 1208 1732; x_wconf 81' lang='lat' dir='ltr'>pontificatu,</span> <span class='ocrx_word' id='word_1_76' title='bbox 1228 1653 1328 1703; x_wconf 89' lang='lat' dir='ltr'>anno</span> <span class='ocrx_word' id='word_1_77' title='bbox 1349 1643 1386 1703; x_wconf 90' lang='lat' dir='ltr'>et</span> <span class='ocrx_word' id='word_1_78' title='bbox 1407 1624 1467 1701; x_wconf 92' lang='lat' dir='ltr'>die</span> <span class='ocrx_word' id='word_1_79' title='bbox 1482 1625 1675 1730; x_wconf 85' lang='lat' dir='ltr'>predictis,</span> 
     </span>
     <span class='ocr_line' id='line_1_10' title="bbox 253 1754 1678 1860; baseline -0.001 -28"><span class='ocrx_word' id='word_1_80' title='bbox 253 1754 488 1860; x_wconf 83' lang='lat' dir='ltr'>presentibus</span> <span class='ocrx_word' id='word_1_81' title='bbox 514 1754 689 1834; x_wconf 81' lang='lat' dir='ltr'>fratribus</span> <span class='ocrx_word' id='word_1_82' title='bbox 712 1758 867 1836; x_wconf 88' lang='lat' dir='ltr'>Terrico</span> <span class='ocrx_word' id='word_1_83' title='bbox 892 1757 939 1834; x_wconf 89' lang='lat' dir='ltr'>de</span> <span class='ocrx_word' id='word_1_84' title='bbox 962 1756 1123 1847; x_wconf 85' lang='lat' dir='ltr'>Amella,</span> <span class='ocrx_word' id='word_1_85' title='bbox 1149 1755 1338 1835; x_wconf 89' lang='lat' dir='ltr'>Bemardo</span> <span class='ocrx_word' id='word_1_86' title='bbox 1360 1756 1407 1832; x_wconf 92' lang='lat' dir='ltr'>de</span> <span class='ocrx_word' id='word_1_87' title='bbox 1428 1754 1619 1834; x_wconf 88' lang='lat' dir='ltr'>Molartico</span> <span class='ocrx_word' id='word_1_88' title='bbox 1641 1773 1678 1832; x_wconf 89' lang='lat' dir='ltr'>et</span> 
     </span>
    </p>
   </div>
   <div class='ocr_carea' id='block_1_3' title="bbox 254 1886 1680 2123">
    <p class='ocr_par' dir='ltr' id='par_1_3' title="bbox 254 1886 1680 2123">
     <span class='ocr_line' id='line_1_11' title="bbox 254 1886 1680 1993; baseline 0 -30"><span class='ocrx_word' id='word_1_89' title='bbox 254 1886 457 1992; x_wconf 74' lang='lat' dir='ltr'>Reginaldo</span> <span class='ocrx_word' id='word_1_90' title='bbox 478 1888 525 1963; x_wconf 92' lang='lat' dir='ltr'>de</span> <span class='ocrx_word' id='word_1_91' title='bbox 550 1887 663 1964; x_wconf 86' lang='lat' dir='ltr'>Jardo</span> <span class='ocrx_word' id='word_1_92' title='bbox 688 1888 831 1966; x_wconf 91' lang='lat' dir='ltr'>ordinis</span> <span class='ocrx_word' id='word_1_93' title='bbox 849 1888 1004 1966; x_wconf 85' lang='lat' dir='ltr'>fratrum</span> <span class='ocrx_word' id='word_1_94' title='bbox 1024 1887 1322 1978; x_wconf 85' lang='lat' dir='ltr'>Predicatorum,</span> <span class='ocrx_word' id='word_1_95' title='bbox 1350 1887 1509 1965; x_wconf 87' lang='lat' dir='ltr'>testibus</span> <span class='ocrx_word' id='word_1_96' title='bbox 1529 1887 1576 1963; x_wconf 91' lang='lat' dir='ltr'>ad</span> <span class='ocrx_word' id='word_1_97' title='bbox 1595 1916 1680 1993; x_wconf 92' lang='lat' dir='ltr'>pre-</span> 
     </span>
     <span class='ocr_line' id='line_1_12' title="bbox 254 2016 737 2123; baseline 0.006 -31"><span class='ocrx_word' id='word_1_98' title='bbox 254 2016 363 2093; x_wconf 84' lang='lat' dir='ltr'>missa</span> <span class='ocrx_word' id='word_1_99' title='bbox 379 2016 515 2094; x_wconf 81' lang='lat' dir='ltr'>vocatis</span> <span class='ocrx_word' id='word_1_100' title='bbox 536 2034 572 2093; x_wconf 88' lang='lat' dir='ltr'>et</span> <span class='ocrx_word' id='word_1_101' title='bbox 590 2018 737 2123; x_wconf 84' lang='lat' dir='ltr'>rogatis.</span> 
     </span>
    </p>
   </div>
   <div class='ocr_carea' id='block_1_4' title="bbox 256 2276 1681 3038">
    <p class='ocr_par' dir='ltr' id='par_1_4' title="bbox 256 2276 1681 3038">
     <span class='ocr_line' id='line_1_13' title="bbox 309 2276 1680 2386; baseline 0.001 -33"><span class='ocrx_word' id='word_1_102' title='bbox 309 2279 357 2353; x_wconf 90' lang='lat' dir='ltr'>Et</span> <span class='ocrx_word' id='word_1_103' title='bbox 376 2305 446 2386; x_wconf 83' lang='lat' dir='ltr'>ego</span> <span class='ocrx_word' id='word_1_104' title='bbox 466 2278 628 2355; x_wconf 83' lang='lat' dir='ltr'>Amisius</span> <span class='ocrx_word' id='word_1_105' title='bbox 644 2279 692 2354; x_wconf 91' lang='lat' dir='ltr'>de</span> <span class='ocrx_word' id='word_1_106' title='bbox 711 2279 912 2356; x_wconf 87' lang='lat' dir='ltr'>Aureliano</span> <span class='ocrx_word' id='word_1_107' title='bbox 928 2279 1052 2357; x_wconf 87' lang='lat' dir='ltr'>dictus</span> <span class='ocrx_word' id='word_1_108' title='bbox 1071 2278 1106 2355; x_wconf 91' lang='lat' dir='ltr'>le</span> <span class='ocrx_word' id='word_1_109' title='bbox 1129 2278 1240 2366; x_wconf 81' lang='lat' dir='ltr'>Ratis,</span> <span class='ocrx_word' id='word_1_110' title='bbox 1263 2279 1433 2365; x_wconf 88' lang='lat' dir='ltr'>clericus,</span> <span class='ocrx_word' id='word_1_111' title='bbox 1451 2276 1680 2356; x_wconf 81' lang='lat' dir='ltr'>sacrosancte</span> 
     </span>
     <span class='ocr_line' id='line_1_14' title="bbox 256 2406 1681 2514; baseline 0.001 -30"><span class='ocrx_word' id='word_1_112' title='bbox 256 2408 419 2485; x_wconf 79' lang='lat' dir='ltr'>Romane</span> <span class='ocrx_word' id='word_1_113' title='bbox 444 2406 599 2484; x_wconf 77' lang='lat' dir='ltr'>ecclesie</span> <span class='ocrx_word' id='word_1_114' title='bbox 625 2408 843 2486; x_wconf 87' lang='lat' dir='ltr'>auctoritate</span> <span class='ocrx_word' id='word_1_115' title='bbox 867 2409 1035 2488; x_wconf 86' lang='lat' dir='ltr'>notarius</span> <span class='ocrx_word' id='word_1_116' title='bbox 1055 2407 1243 2514; x_wconf 90' lang='lat' dir='ltr'>publicus,</span> <span class='ocrx_word' id='word_1_117' title='bbox 1266 2408 1457 2514; x_wconf 91' lang='lat' dir='ltr'>premissis</span> <span class='ocrx_word' id='word_1_118' title='bbox 1478 2406 1681 2486; x_wconf 81' lang='lat' dir='ltr'>confessio-</span> 
     </span>
     <span class='ocr_line' id='line_1_15' title="bbox 256 2537 1679 2644; baseline 0.003 -31"><span class='ocrx_word' id='word_1_119' title='bbox 256 2537 366 2615; x_wconf 85' lang='lat' dir='ltr'>nibus</span> <span class='ocrx_word' id='word_1_120' title='bbox 392 2554 429 2614; x_wconf 92' lang='lat' dir='ltr'>et</span> <span class='ocrx_word' id='word_1_121' title='bbox 453 2538 630 2615; x_wconf 89' lang='lat' dir='ltr'>omnibus</span> <span class='ocrx_word' id='word_1_122' title='bbox 652 2538 750 2627; x_wconf 89' lang='lat' dir='ltr'>aliis,</span> <span class='ocrx_word' id='word_1_123' title='bbox 776 2555 889 2644; x_wconf 90' lang='lat' dir='ltr'>prout</span> <span class='ocrx_word' id='word_1_124' title='bbox 914 2538 954 2615; x_wconf 93' lang='lat' dir='ltr'>in</span> <span class='ocrx_word' id='word_1_125' title='bbox 971 2539 1041 2616; x_wconf 89' lang='lat' dir='ltr'>hac</span> <span class='ocrx_word' id='word_1_126' title='bbox 1068 2554 1106 2615; x_wconf 89' lang='lat' dir='ltr'>et</span> <span class='ocrx_word' id='word_1_127' title='bbox 1129 2537 1418 2644; x_wconf 90' lang='lat' dir='ltr'>precedentibus</span> <span class='ocrx_word' id='word_1_128' title='bbox 1437 2537 1552 2643; x_wconf 90' lang='lat' dir='ltr'>peciis</span> <span class='ocrx_word' id='word_1_129' title='bbox 1572 2538 1679 2644; x_wconf 85' lang='lat' dir='ltr'>signo</span> 
     </span>
     <span class='ocr_line' id='line_1_16' title="bbox 256 2671 1679 2779; baseline 0.003 -32"><span class='ocrx_word' id='word_1_130' title='bbox 256 2685 342 2747; x_wconf 86' lang='lat' dir='ltr'>meo</span> <span class='ocrx_word' id='word_1_131' title='bbox 361 2672 512 2777; x_wconf 85' lang='lat' dir='ltr'>signatis</span> <span class='ocrx_word' id='word_1_132' title='bbox 527 2672 777 2760; x_wconf 88' lang='lat' dir='ltr'>continentur,</span> <span class='ocrx_word' id='word_1_133' title='bbox 798 2699 975 2749; x_wconf 90' lang='lat' dir='ltr'>unacum</span> <span class='ocrx_word' id='word_1_134' title='bbox 999 2671 1254 2778; x_wconf 87' lang='lat' dir='ltr'>suprascriptis</span> <span class='ocrx_word' id='word_1_135' title='bbox 1272 2672 1430 2750; x_wconf 88' lang='lat' dir='ltr'>testibus</span> <span class='ocrx_word' id='word_1_136' title='bbox 1447 2689 1485 2749; x_wconf 88' lang='lat' dir='ltr'>et</span> <span class='ocrx_word' id='word_1_137' title='bbox 1503 2672 1679 2779; x_wconf 80' lang='lat' dir='ltr'>magistro</span> 
     </span>
     <span class='ocr_line' id='line_1_17' title="bbox 257 2799 1678 2910; baseline 0.001 -32"><span class='ocrx_word' id='word_1_138' title='bbox 257 2799 437 2880; x_wconf 80' lang='lat' dir='ltr'>Gaufrido</span> <span class='ocrx_word' id='word_1_139' title='bbox 456 2801 647 2909; x_wconf 82' lang='lat' dir='ltr'>Enguelor</span> <span class='ocrx_word' id='word_1_140' title='bbox 665 2802 766 2880; x_wconf 91' lang='lat' dir='ltr'>dicto</span> <span class='ocrx_word' id='word_1_141' title='bbox 788 2802 950 2910; x_wconf 89' lang='lat' dir='ltr'>Chalop,</span> <span class='ocrx_word' id='word_1_142' title='bbox 975 2802 1128 2908; x_wconf 88' lang='lat' dir='ltr'>publico</span> <span class='ocrx_word' id='word_1_143' title='bbox 1149 2802 1310 2891; x_wconf 88' lang='lat' dir='ltr'>notario,</span> <span class='ocrx_word' id='word_1_144' title='bbox 1335 2830 1488 2908; x_wconf 89' lang='lat' dir='ltr'>presens</span> <span class='ocrx_word' id='word_1_145' title='bbox 1507 2800 1678 2889; x_wconf 85' lang='lat' dir='ltr'>interfui,</span> 
     </span>
     <span class='ocr_line' id='line_1_18' title="bbox 258 2931 1680 3038; baseline -0.001 -29"><span class='ocrx_word' id='word_1_146' title='bbox 258 2958 315 3021; x_wconf 79' lang='lat' dir='ltr'>ec,</span> <span class='ocrx_word' id='word_1_147' title='bbox 337 2932 386 3009; x_wconf 92' lang='lat' dir='ltr'>de</span> <span class='ocrx_word' id='word_1_148' title='bbox 406 2934 583 3010; x_wconf 89' lang='lat' dir='ltr'>mandato</span> <span class='ocrx_word' id='word_1_149' title='bbox 603 2932 694 3010; x_wconf 91' lang='lat' dir='ltr'>dicti</span> <span class='ocrx_word' id='word_1_150' title='bbox 713 2933 972 3024; x_wconf 88' lang='lat' dir='ltr'>commissarii,</span> <span class='ocrx_word' id='word_1_151' title='bbox 990 2931 1078 3009; x_wconf 76' lang='lat' dir='ltr'>hu‘ic</span> <span class='ocrx_word' id='word_1_152' title='bbox 1088 2933 1337 3009; x_wconf 90' lang='lat' dir='ltr'>instrumento</span> <span class='ocrx_word' id='word_1_153' title='bbox 1348 2959 1408 3010; x_wconf 90' lang='lat' dir='ltr'>me</span> <span class='ocrx_word' id='word_1_154' title='bbox 1422 2932 1624 3038; x_wconf 89' lang='lat' dir='ltr'>subscripsi</span> <span class='ocrx_word' id='word_1_155' title='bbox 1641 2934 1680 3008; x_wconf 93' lang='lat' dir='ltr'>in</span> 
     </span>
    </p>
   </div>
   <div class='ocr_carea' id='block_1_5' title="bbox 258 3062 1679 3172">
    <p class='ocr_par' dir='ltr' id='par_1_5' title="bbox 258 3062 1679 3172">
     <span class='ocr_line' id='line_1_19' title="bbox 258 3062 1679 3172; baseline 0.001 -33"><span class='ocrx_word' id='word_1_156' title='bbox 258 3062 514 3141; x_wconf 78' lang='lat' dir='ltr'>testimonium</span> <span class='ocrx_word' id='word_1_157' title='bbox 525 3064 809 3168; x_wconf 89' lang='lat' dir='ltr'>premissorum,</span> <span class='ocrx_word' id='word_1_158' title='bbox 823 3063 995 3171; x_wconf 85' lang='lat' dir='ltr'>illudque</span> <span class='ocrx_word' id='word_1_159' title='bbox 1012 3062 1119 3172; x_wconf 85' lang='lat' dir='ltr'>signo</span> <span class='ocrx_word' id='word_1_160' title='bbox 1140 3089 1226 3140; x_wconf 89' lang='lat' dir='ltr'>meo</span> <span class='ocrx_word' id='word_1_161' title='bbox 1242 3062 1351 3140; x_wconf 92' lang='lat' dir='ltr'>solito</span> <span class='ocrx_word' id='word_1_162' title='bbox 1366 3063 1502 3170; x_wconf 85' lang='lat' dir='ltr'>signavi</span> <span class='ocrx_word' id='word_1_163' title='bbox 1519 3078 1679 3171; x_wconf 86' lang='lat' dir='ltr'>rogatus.</span> 
     </span>
    </p>
   </div>
   <div class='ocr_carea' id='block_1_6' title="bbox 173 3323 1684 4084">
    <p class='ocr_par' dir='ltr' id='par_1_6' title="bbox 173 3323 1684 4084">
     <span class='ocr_line' id='line_1_20' title="bbox 313 3323 1683 3434; baseline 0.002 -35"><span class='ocrx_word' id='word_1_164' title='bbox 313 3324 362 3399; x_wconf 85' lang='lat' dir='ltr'>Et</span> <span class='ocrx_word' id='word_1_165' title='bbox 385 3352 454 3429; x_wconf 84' lang='lat' dir='ltr'>ego</span> <span class='ocrx_word' id='word_1_166' title='bbox 476 3324 679 3403; x_wconf 84' lang='lat' dir='ltr'>Gaufridus</span> <span class='ocrx_word' id='word_1_167' title='bbox 698 3325 888 3434; x_wconf 78' lang='lat' dir='ltr'>Engnelor</span> <span class='ocrx_word' id='word_1_168' title='bbox 907 3325 1029 3403; x_wconf 88' lang='lat' dir='ltr'>dictus</span> <span class='ocrx_word' id='word_1_169' title='bbox 1048 3324 1208 3431; x_wconf 83' lang='lat' dir='ltr'>Chalop,</span> <span class='ocrx_word' id='word_1_170' title='bbox 1227 3323 1384 3403; x_wconf 90' lang='lat' dir='ltr'>clericus</span> <span class='ocrx_word' id='word_1_171' title='bbox 1400 3323 1575 3402; x_wconf 90' lang='lat' dir='ltr'>Dolensis</span> <span class='ocrx_word' id='word_1_172' title='bbox 1598 3326 1683 3402; x_wconf 91' lang='lat' dir='ltr'>dio-</span> 
     </span>
     <span class='ocr_line' id='line_1_21' title="bbox 260 3454 1683 3562; baseline 0.001 -30"><span class='ocrx_word' id='word_1_173' title='bbox 260 3454 368 3543; x_wconf 82' lang='lat' dir='ltr'>cesis,</span> <span class='ocrx_word' id='word_1_174' title='bbox 389 3455 589 3560; x_wconf 89' lang='lat' dir='ltr'>apostolica</span> <span class='ocrx_word' id='word_1_175' title='bbox 609 3458 825 3534; x_wconf 88' lang='lat' dir='ltr'>auctoritate</span> <span class='ocrx_word' id='word_1_176' title='bbox 845 3457 1014 3535; x_wconf 83' lang='lat' dir='ltr'>notarius</span> <span class='ocrx_word' id='word_1_177' title='bbox 1032 3455 1225 3562; x_wconf 90' lang='lat' dir='ltr'>publicus,</span> <span class='ocrx_word' id='word_1_178' title='bbox 1247 3454 1437 3561; x_wconf 89' lang='lat' dir='ltr'>premissis</span> <span class='ocrx_word' id='word_1_179' title='bbox 1452 3455 1630 3533; x_wconf 91' lang='lat' dir='ltr'>omnibus</span> <span class='ocrx_word' id='word_1_180' title='bbox 1646 3474 1683 3533; x_wconf 90' lang='lat' dir='ltr'>et</span> 
     </span>
     <span class='ocr_line' id='line_1_22' title="bbox 260 3584 1682 3693; baseline 0.003 -33"><span class='ocrx_word' id='word_1_181' title='bbox 260 3584 413 3691; x_wconf 83' lang='lat' dir='ltr'>singulis</span> <span class='ocrx_word' id='word_1_182' title='bbox 433 3586 472 3660; x_wconf 93' lang='lat' dir='ltr'>in</span> <span class='ocrx_word' id='word_1_183' title='bbox 492 3586 560 3662; x_wconf 94' lang='lat' dir='ltr'>hac</span> <span class='ocrx_word' id='word_1_184' title='bbox 577 3602 614 3662; x_wconf 95' lang='lat' dir='ltr'>et</span> <span class='ocrx_word' id='word_1_185' title='bbox 629 3587 843 3692; x_wconf 91' lang='lat' dir='ltr'>precedenti</span> <span class='ocrx_word' id='word_1_186' title='bbox 864 3587 979 3692; x_wconf 90' lang='lat' dir='ltr'>peciis</span> <span class='ocrx_word' id='word_1_187' title='bbox 993 3586 1104 3663; x_wconf 91' lang='lat' dir='ltr'>simul</span> <span class='ocrx_word' id='word_1_188' title='bbox 1122 3587 1215 3663; x_wconf 89' lang='lat' dir='ltr'>sutis</span> <span class='ocrx_word' id='word_1_189' title='bbox 1232 3604 1269 3662; x_wconf 89' lang='lat' dir='ltr'>et</span> <span class='ocrx_word' id='word_1_190' title='bbox 1288 3587 1394 3692; x_wconf 90' lang='lat' dir='ltr'>signo</span> <span class='ocrx_word' id='word_1_191' title='bbox 1411 3613 1497 3663; x_wconf 89' lang='lat' dir='ltr'>meo</span> <span class='ocrx_word' id='word_1_192' title='bbox 1513 3587 1682 3693; x_wconf 85' lang='lat' dir='ltr'>signatis,</span> 
     </span>
     <span class='ocr_line' id='line_1_23' title="bbox 260 3714 1684 3823; baseline 0.001 -31"><span class='ocrx_word' id='word_1_193' title='bbox 260 3740 429 3820; x_wconf 83' lang='lat' dir='ltr'>presens,</span> <span class='ocrx_word' id='word_1_194' title='bbox 449 3743 523 3791; x_wconf 87' lang='lat' dir='ltr'>una</span> <span class='ocrx_word' id='word_1_195' title='bbox 542 3743 627 3791; x_wconf 90' lang='lat' dir='ltr'>cum</span> <span class='ocrx_word' id='word_1_196' title='bbox 645 3715 745 3792; x_wconf 90' lang='lat' dir='ltr'>dicto</span> <span class='ocrx_word' id='word_1_197' title='bbox 760 3716 936 3823; x_wconf 86' lang='lat' dir='ltr'>magistro</span> <span class='ocrx_word' id='word_1_198' title='bbox 952 3714 1093 3793; x_wconf 84' lang='lat' dir='ltr'>Amisio</span> <span class='ocrx_word' id='word_1_199' title='bbox 1114 3715 1261 3793; x_wconf 88' lang='lat' dir='ltr'>notario</span> <span class='ocrx_word' id='word_1_200' title='bbox 1276 3714 1446 3821; x_wconf 88' lang='lat' dir='ltr'>publico,</span> <span class='ocrx_word' id='word_1_201' title='bbox 1470 3731 1508 3792; x_wconf 93' lang='lat' dir='ltr'>et</span> <span class='ocrx_word' id='word_1_202' title='bbox 1527 3715 1684 3794; x_wconf 89' lang='lat' dir='ltr'>testibus</span> 
     </span>
     <span class='ocr_line' id='line_1_24' title="bbox 173 3844 1683 3953; baseline 0.002 -35"><span class='ocrx_word' id='word_1_203' title='bbox 173 3855 177 3861; x_wconf 83' lang='lat'>&#39;</span> <span class='ocrx_word' id='word_1_204' title='bbox 260 3846 532 3951; x_wconf 81' lang='lat' dir='ltr'>suprascriptis,</span> <span class='ocrx_word' id='word_1_205' title='bbox 554 3844 723 3933; x_wconf 86' lang='lat' dir='ltr'>interlui,</span> <span class='ocrx_word' id='word_1_206' title='bbox 746 3873 808 3923; x_wconf 89' lang='lat' dir='ltr'>me</span> <span class='ocrx_word' id='word_1_207' title='bbox 822 3844 1040 3951; x_wconf 85' lang='lat' dir='ltr'>subscripsi,</span> <span class='ocrx_word' id='word_1_208' title='bbox 1057 3862 1096 3922; x_wconf 90' lang='lat' dir='ltr'>et</span> <span class='ocrx_word' id='word_1_209' title='bbox 1109 3846 1257 3953; x_wconf 85' lang='lat' dir='ltr'>signum</span> <span class='ocrx_word' id='word_1_210' title='bbox 1274 3872 1402 3924; x_wconf 86' lang='lat' dir='ltr'>meum</span> <span class='ocrx_word' id='word_1_211' title='bbox 1421 3845 1576 3953; x_wconf 82' lang='lat' dir='ltr'>apposui</span> <span class='ocrx_word' id='word_1_212' title='bbox 1595 3872 1683 3921; x_wconf 89' lang='lat' dir='ltr'>con-</span> 
     </span>
     <span class='ocr_line' id='line_1_25' title="bbox 261 3992 818 4084; baseline -0.004 -29"><span class='ocrx_word' id='word_1_213' title='bbox 261 3992 409 4055; x_wconf 78' lang='lat' dir='ltr'>suetum</span> <span class='ocrx_word' id='word_1_214' title='bbox 427 3995 580 4055; x_wconf 79' lang='lat' dir='ltr'>vocatus</span> <span class='ocrx_word' id='word_1_215' title='bbox 600 3994 638 4054; x_wconf 89' lang='lat' dir='ltr'>et</span> <span class='ocrx_word' id='word_1_216' title='bbox 657 3993 818 4084; x_wconf 83' lang='lat' dir='ltr'>rogatus.</span> 
     </span>
    </p>
   </div>
   <div class='ocr_carea' id='block_1_7' title="bbox 177 4235 1689 5105">
    <p class='ocr_par' dir='ltr' id='par_1_7' title="bbox 316 4235 1685 4344">
     <span class='ocr_line' id='line_1_26' title="bbox 316 4235 1685 4344; baseline -0.001 -31"><span class='ocrx_word' id='word_1_217' title='bbox 316 4239 519 4315; x_wconf 86' lang='lat' dir='ltr'>innomine</span> <span class='ocrx_word' id='word_1_218' title='bbox 529 4238 685 4317; x_wconf 91' lang='lat' dir='ltr'>Domini</span> <span class='ocrx_word' id='word_1_219' title='bbox 698 4263 820 4314; x_wconf 83' lang='lat' dir='ltr'>amen.</span> <span class='ocrx_word' id='word_1_220' title='bbox 833 4238 959 4315; x_wconf 84' lang='lat' dir='ltr'>Pateat</span> <span class='ocrx_word' id='word_1_221' title='bbox 967 4236 1151 4316; x_wconf 85' lang='lat' dir='ltr'>universis</span> <span class='ocrx_word' id='word_1_222' title='bbox 1160 4263 1227 4344; x_wconf 91' lang='lat' dir='ltr'>per</span> <span class='ocrx_word' id='word_1_223' title='bbox 1239 4235 1312 4314; x_wconf 92' lang='lat' dir='ltr'>boc</span> <span class='ocrx_word' id='word_1_224' title='bbox 1323 4261 1477 4344; x_wconf 87' lang='lat' dir='ltr'>presens</span> <span class='ocrx_word' id='word_1_225' title='bbox 1491 4235 1685 4342; x_wconf 91' lang='lat' dir='ltr'>publicum</span> 
     </span>
    </p>

    <p class='ocr_par' dir='ltr' id='par_1_8' title="bbox 262 4366 1682 4476">
     <span class='ocr_line' id='line_1_27' title="bbox 262 4366 1682 4476; baseline 0.001 -34"><span class='ocrx_word' id='word_1_226' title='bbox 262 4368 569 4457; x_wconf 83' lang='lat' dir='ltr'>instrumentum,</span> <span class='ocrx_word' id='word_1_227' title='bbox 591 4369 695 4476; x_wconf 92' lang='lat' dir='ltr'>quod</span> <span class='ocrx_word' id='word_1_228' title='bbox 715 4395 812 4446; x_wconf 85' lang='lat' dir='ltr'>anno</span> <span class='ocrx_word' id='word_1_229' title='bbox 831 4369 984 4448; x_wconf 90' lang='lat' dir='ltr'>Domini</span> <span class='ocrx_word' id='word_1_230' title='bbox 1002 4366 1204 4447; x_wconf 86' lang='lat' dir='ltr'>millesimo</span> <span class='ocrx_word' id='word_1_231' title='bbox 1224 4367 1487 4447; x_wconf 87' lang='lat' dir='ltr'>trecentesimo</span> <span class='ocrx_word' id='word_1_232' title='bbox 1507 4366 1682 4472; x_wconf 90' lang='lat' dir='ltr'>septimo,</span> 
     </span>
    </p>

    <p class='ocr_par' dir='ltr' id='par_1_9' title="bbox 263 4480 1689 4606">
     <span class='ocr_line' id='line_1_28' title="bbox 263 4480 1689 4606; baseline 0 -34"><span class='ocrx_word' id='word_1_233' title='bbox 263 4480 453 4577; x_wconf 79' lang='lat' dir='ltr'>indicione</span> <span class='ocrx_word' id='word_1_234' title='bbox 468 4516 583 4587; x_wconf 82' lang='lat' dir='ltr'>sexta,</span> <span class='ocrx_word' id='word_1_235' title='bbox 604 4498 845 4606; x_wconf 85' lang='lat' dir='ltr'>pontificatus</span> <span class='ocrx_word' id='word_1_236' title='bbox 859 4498 1081 4577; x_wconf 87' lang='lat' dir='ltr'>sanctissimi</span> <span class='ocrx_word' id='word_1_237' title='bbox 1103 4499 1217 4606; x_wconf 86' lang='lat' dir='ltr'>patris</span> <span class='ocrx_word' id='word_1_238' title='bbox 1232 4514 1269 4576; x_wconf 88' lang='lat' dir='ltr'>et</span> <span class='ocrx_word' id='word_1_239' title='bbox 1285 4497 1429 4577; x_wconf 91' lang='lat' dir='ltr'>domini</span> <span class='ocrx_word' id='word_1_240' title='bbox 1445 4494 1588 4575; x_wconf 90' lang='lat' dir='ltr'>domini</span> <span class='ocrx_word' id='word_1_241' title='bbox 1602 4495 1689 4575; x_wconf 90' lang='lat' dir='ltr'>Cle-</span> 
     </span>
    </p>

    <p class='ocr_par' dir='ltr' id='par_1_10' title="bbox 263 4627 1687 4737">
     <span class='ocr_line' id='line_1_29' title="bbox 263 4627 1687 4737; baseline -0.001 -33"><span class='ocrx_word' id='word_1_242' title='bbox 263 4630 398 4706; x_wconf 85' lang='lat' dir='ltr'>mentis</span> <span class='ocrx_word' id='word_1_243' title='bbox 422 4630 545 4706; x_wconf 87' lang='lat' dir='ltr'>divina</span> <span class='ocrx_word' id='word_1_244' title='bbox 564 4631 805 4708; x_wconf 84' lang='lat' dir='ltr'>Providencia</span> <span class='ocrx_word' id='word_1_245' title='bbox 829 4657 949 4737; x_wconf 87' lang='lat' dir='ltr'>pappe</span> <span class='ocrx_word' id='word_1_246' title='bbox 974 4629 1096 4737; x_wconf 88' lang='lat' dir='ltr'>quinti</span> <span class='ocrx_word' id='word_1_247' title='bbox 1126 4656 1224 4707; x_wconf 90' lang='lat' dir='ltr'>anno</span> <span class='ocrx_word' id='word_1_248' title='bbox 1257 4627 1440 4717; x_wconf 88' lang='lat' dir='ltr'>secundo,</span> <span class='ocrx_word' id='word_1_249' title='bbox 1476 4628 1591 4705; x_wconf 81' lang='lat' dir='ltr'>tercia</span> <span class='ocrx_word' id='word_1_250' title='bbox 1626 4627 1687 4705; x_wconf 87' lang='lat' dir='ltr'>die</span> 
     </span>
    </p>

    <p class='ocr_par' dir='ltr' id='par_1_11' title="bbox 177 4757 1687 4870">
     <span class='ocr_line' id='line_1_30' title="bbox 177 4757 1687 4870; baseline 0 -35"><span class='ocrx_word' id='word_1_251' title='bbox 177 4785 183 4789; x_wconf 87' lang='lat'>·</span> <span class='ocrx_word' id='word_1_252' title='bbox 262 4759 489 4847; x_wconf 84' lang='lat' dir='ltr'>novembris,</span> <span class='ocrx_word' id='word_1_253' title='bbox 519 4761 557 4836; x_wconf 91' lang='lat' dir='ltr'>in</span> <span class='ocrx_word' id='word_1_254' title='bbox 580 4761 744 4870; x_wconf 85' lang='lat' dir='ltr'>religiosi</span> <span class='ocrx_word' id='word_1_255' title='bbox 769 4777 808 4838; x_wconf 90' lang='lat' dir='ltr'>et</span> <span class='ocrx_word' id='word_1_256' title='bbox 831 4761 980 4839; x_wconf 87' lang='lat' dir='ltr'>honesti</span> <span class='ocrx_word' id='word_1_257' title='bbox 1008 4761 1076 4838; x_wconf 82' lang='lat' dir='ltr'>viri</span> <span class='ocrx_word' id='word_1_258' title='bbox 1098 4760 1221 4839; x_wconf 84' lang='lat' dir='ltr'>fratris</span> <span class='ocrx_word' id='word_1_259' title='bbox 1245 4759 1386 4837; x_wconf 88' lang='lat' dir='ltr'>Nicolai</span> <span class='ocrx_word' id='word_1_260' title='bbox 1416 4759 1464 4837; x_wconf 90' lang='lat' dir='ltr'>de</span> <span class='ocrx_word' id='word_1_261' title='bbox 1489 4757 1687 4837; x_wconf 80' lang='lat' dir='ltr'>Anessiaco</span> 
     </span>
    </p>

    <p class='ocr_par' dir='ltr' id='par_1_12' title="bbox 264 4889 1687 5105">
     <span class='ocr_line' id='line_1_31' title="bbox 264 4889 1687 5000; baseline -0.002 -33"><span class='ocrx_word' id='word_1_262' title='bbox 264 4889 408 4969; x_wconf 84' lang='lat' dir='ltr'>ordinis</span> <span class='ocrx_word' id='word_1_263' title='bbox 423 4892 719 4982; x_wconf 83' lang='lat' dir='ltr'>Prodicatorum,</span> <span class='ocrx_word' id='word_1_264' title='bbox 738 4893 981 4972; x_wconf 83' lang='lat' dir='ltr'>commissarii</span> <span class='ocrx_word' id='word_1_265' title='bbox 1000 4892 1124 4972; x_wconf 79' lang='lat' dir='ltr'>fratris</span> <span class='ocrx_word' id='word_1_266' title='bbox 1144 4892 1338 4973; x_wconf 86' lang='lat' dir='ltr'>Guillelmi</span> <span class='ocrx_word' id='word_1_267' title='bbox 1357 4893 1404 4969; x_wconf 90' lang='lat' dir='ltr'>de</span> <span class='ocrx_word' id='word_1_268' title='bbox 1422 4890 1584 5000; x_wconf 87' lang='lat' dir='ltr'>Parisius</span> <span class='ocrx_word' id='word_1_269' title='bbox 1598 4889 1687 4965; x_wconf 87' lang='lat' dir='ltr'>dicti</span> 
     </span>
     <span class='ocr_line' id='line_1_32' title="bbox 1453 5037 1504 5105; baseline -0.196 0"><span class='ocrx_word' id='word_1_270' title='bbox 1453 5037 1504 5105; x_wconf 67' lang='lat' dir='ltr'>bd.</span> 
     </span>
    </p>
   </div>
   <div class='ocr_carea' id='block_1_8' title="bbox 0 0 2139 5940">
    <p class='ocr_par' dir='ltr' id='par_1_13' title="bbox 0 0 2139 5940">
     <span class='ocr_line' id='line_1_33' title="bbox 0 0 2139 5940; baseline 0 0"><span class='ocrx_word' id='word_1_271' title='bbox 0 0 2139 5940; x_wconf 95' lang='lat' dir='ltr'> </span> 
     </span>
    </p>
   </div>
  </div>
 </body>
</html>
