4236 5948
596 555 795 646 raeces
821 571 917 645 uas
942 572 1246 645 rsurnlnas.
1615 576 1635 644 7

207 715 306 795 dinis
332 733 370 791 et
399 713 558 792 barbam
588 714 787 804 defferens,
816 714 883 822 qui
905 713 977 791 luit
1000 730 1228 820 protestatus
1252 713 1358 820 quod
1375 741 1453 791 non
1474 713 1638 792 intendit

206 847 421 927 recederea
445 847 688 954 deposicione
709 876 778 955 per
798 877 888 926 eum
912 846 1008 926 sacta
1027 875 1154 927 coram
1175 846 1333 925 domino
1354 847 1636 955 archiepiscopo

206 980 460 1070 Xantouensi,
489 1009 698 1090 perquem
717 980 914 1059 absolutus
939 998 977 1058 et
1000 978 1264 1060 reconciliatus
1289 978 1412 1058 fuerat
1435 982 1537 1087 apud
1561 984 1638 1060 Ru-

206 1113 367 1220 pellam‚
389 1114 605 1223 octuaginta
624 1142 812 1191 annorum
831 1113 890 1191 vel
913 1113 1023 1203 circa,
1045 1111 1153 1192 lectis
1173 1130 1211 1190 et
1232 1112 1434 1221 diligenter
1461 1114 1638 1220 expositis

208 1244 277 1322 sibi
298 1243 481 1322 omnibus
499 1261 538 1322 et
556 1242 716 1352 singulis
733 1244 916 1336 articulis,
939 1244 1137 1350 respondit
1149 1273 1188 1321 se
1213 1243 1461 1354 nicbil‘scire,
1481 1246 1638 1324 credere

207 1377 263 1454 vel
283 1377 471 1455 audivisse
497 1377 572 1454 diei
594 1378 641 1454 de
669 1377 856 1456 contentis
878 1377 919 1453 in
946 1377 1000 1455 eis
1019 1377 1091 1454 nisi
1112 1377 1218 1483 quod
1241 1377 1639 1484 sequitur.'Videlicet

209 1511 312 1616 quod
327 1510 408 1616 ipse
428 1511 470 1586 in
488 1510 710 1616 recepcione
724 1538 791 1588 sua
812 1510 859 1587 de
878 1508 986 1587 nullo
1006 1509 1140 1587 illicito
1154 1508 1214 1587 vel
1227 1509 1432 1588 inhonesto
1446 1508 1570 1588 luerat
1581 1538 1640 1588 re-

210 1642 370 1748 quisitus
386 1642 446 1720 vel
460 1642 685 1733 solicitatus,
708 1670 778 1719 nee
797 1658 883 1748 post
901 1642 1180 1749 recepcionem‚
1204 1669 1275 1719 nec
1298 1641 1393 1719 vidit
1410 1640 1494 1718 fieri
1514 1634 1560 1718 in*
1578 1672 1640 1721 re·

210 1774 451 1879 cepciouibus
476 1763 640 1853 aliorum
668 1773 810 1880 quibus
830 1773 1004 1853 adfuerat
1030 1802 1101 1851 nec
1124 1791 1220 1880 post.
1246 1775 1330 1882 Ipse
1356 1790 1484 1850 autem
1513 1773 1638 1852 fuerat

208 1923 393 2012 receptus,
408 1906 446 1983 in
458 1907 600 2014 vigillia
613 1906 820 1984 Natiuitatis
833 1906 986 1983 Domini
1002 1906 1175 2012 proximo
1189 1905 1359 2013 preteriti
1372 1905 1526 1982 fuerunt
1536 1934 1640 1983 sera-

209 2038 309 2143 ginta
325 2039 404 2116 duo
421 2040 510 2115 anni
529 2038 589 2118 vel
608 2039 721 2128 circa,
739 2040 779 2115 in
797 2038 939 2146 capella
961 2039 1100 2116 domus
1119 2039 1270 2145 Templi
1290 2037 1338 2115 de
1358 2038 1506 2116 Roches
1521 2039 1640 2116 Picta-

209 2170 330 2247 vensis
350 2169 526 2261 diocesis,
554 2199 624 2276 per
642 2169 796 2248 fratrem
818 2172 1020 2277 Hugonem
1041 2170 1210 2251 Grisardi
1233 2170 1396 2248 militem
1424 2170 1638 2279 quondam,

208 2318 469 2408 preceptorem
489 2319 582 2379 tune
598 2302 818 2410 Aquitanie,
840 2303 1080 2409 presentibus
1098 2302 1278 2381 iratribus
1300 2301 1467 2380 Roberto
1482 2301 1639 2411 Anglico

209 2449 429 2539 preceptore
452 2433 501 2510 de
527 2436 648 2511 Banes
672 2435 925 2514 Xantonensis
954 2434 1116 2514 diocesis
1132 2433 1347 2524 serviente,
1369 2433 1562 2511 Francoue
1591 2436 1640 2512 de

209 2567 299 2644 bort
331 2583 422 2644 tunc
447 2583 669 2674 preceptore
697 2568 745 2646 de
772 2567 1056 2659 Lemorucinio,
1096 2567 1262 2674 Symone
1290 2565 1338 2643 de
1372 2565 1516 2674 Nigella
1550 2584 1641 2644 tunc

210 2715 428 2804 preceptore
459 2698 506 2776 de
539 2698 666 2776 Insula
697 2699 906 2787 Bochardi,
938 2699 1140 2787 militibus,
1175 2717 1213 2777 et
1240 2697 1416 2805 pluribus
1451 2697 1533 2776 aliis
1563 2696 1644 2777 def-

210 2825 363 2917 lunctis,
392 2829 432 2904 in
458 2831 562 2906 hunc
589 2828 777 2907 modumt
807 2858 896 2906 nam
931 2858 1019 2905 cum
1047 2830 1193 2935 pluries
1216 2830 1441 2933 interpolate
1468 2829 1644 2935 peciisset

210 2989 347 3067 panem
377 2977 416 3037 et
444 2988 601 3067 aquam,
638 2961 856 3038 societatem
884 2974 923 3035 et
946 2987 1152 3067 pauperem
1185 2958 1362 3035 vestitum
1396 2958 1567 3050 ordinis,
1605 2977 1644 3037 et

211 3091 435 3199 responsum
449 3091 584 3169 inisset
602 3093 636 3168 ei
654 3093 759 3198 quod
775 3090 876 3169 bene
894 3091 1124 3169 deliberaret
1141 3117 1255 3195 super
1269 3091 1359 3182 hoc,
1377 3103 1416 3166 et
1432 3088 1502 3195 ipsi
1523 3089 1642 3168 eciam

213 3223 491 3315 deliberarent,
526 3223 689 3305 finaliter
724 3251 901 3302 concesso
934 3223 1041 3331 quod
1071 3223 1258 3330 reciperet
1288 3249 1401 3311 eum,
1433 3198 1523 3299 lecit
1555 3250 1644 3300 eum

213 3384 344 3434 vovere
368 3373 408 3433 et
421 3356 551 3463 jurare
574 3383 689 3461 super
708 3355 905 3462 quoddam
930 3354 1080 3433 missale
1100 3373 1291 3463 apertum,
1317 3353 1482 3431 abierat
1508 3383 1643 3464 ymago

214 3488 407 3579 Crucifixi,
428 3507 467 3567 et
485 3515 675 3594 apponere
689 3516 826 3566 manus
843 3516 929 3565 suas
949 3514 1065 3594 prope
1086 3514 1269 3565 canonem
1285 3485 1340 3563 ibi
1360 3487 1411 3564 Te
1433 3492 1542 3591 ipitar
1559 3503 1639 3576 ete„

214 3621 314 3728 quod
336 3621 476 3698 viveret
494 3621 576 3698 sine
595 3621 770 3728 proprio,
788 3648 934 3698 servare
955 3619 1179 3712 castitatem,
1202 3618 1481 3706 obedienciam,
1501 3635 1539 3695 et
1555 3619 1646 3697 obe-

216 3752 295 3831 dire
313 3752 494 3830 omnibus
508 3751 796 3859 preceptoribus
816 3751 914 3841 suis,
934 3778 1078 3829 servare
1098 3750 1221 3829 bonos
1241 3778 1333 3828 usus
1351 3767 1390 3828 et
1411 3749 1531 3827 bonas
1557 3779 1647 3829 con-

217 3884 436 3962 suetudines
459 3884 620 3976 ordinis,
643 3900 682 3962 et
697 3883 804 3991 quod
823 3911 902 3961 non
922 3901 1020 3961 esset
1039 3883 1079 3960 in
1099 3883 1184 3960 loeo
1204 3882 1273 3960 uhi
1289 3883 1425 3988 aliquis
1441 3882 1646 3960 exhereda·

218 4034 320 4095 retur
342 4016 494 4124 injuste.
516 4017 698 4123 Postque
720 4016 903 4122 imposuit
921 4016 993 4093 sibi
1020 4013 1264 4105 mantellum,
1286 4030 1325 4091 et
1350 4016 1429 4121 ipse
1455 4032 1492 4092 et
1515 4014 1647 4092 fratres

219 4166 377 4226 astantes
411 4148 568 4226 luerunt
595 4176 683 4225 eum
715 4146 874 4227 osculati
904 4147 943 4224 in
969 4176 1047 4226 ore.
1078 4150 1210 4226 Postea
1236 4148 1413 4225 instruxit
1439 4175 1528 4225 eum
1553 4162 1648 4254 quot

219 4279 325 4358 Pater
338 4294 456 4359 noster
469 4281 614 4359 diceret
630 4307 701 4386 pro
721 4280 827 4358 boris
841 4281 934 4371 suis,
956 4279 1120 4387 qualiter
1134 4281 1298 4390 jaceret,
1320 4297 1358 4357 et
1377 4281 1482 4387 quod
1502 4294 1648 4357 caveret

220 4409 286 4487 sibi
306 4411 519 4518 specialiter
543 4441 563 4489 a
589 4412 748 4490 crimine
773 4411 1017 4506 sodomitico,
1048 4412 1139 4521 quia
1166 4413 1197 4490 si
1229 4412 1498 4502 committeret,
1527 4439 1649 4517 pone-

220 4558 320 4621 retur
329 4544 370 4621 in
381 4571 528 4623 carcere
538 4561 744 4655 perpetuo,
762 4561 801 4623 et
811 4545 918 4652 quod
933 4573 1011 4622 non
1026 4544 1210 4622 revelaret
1223 4559 1366 4623 secreta
1378 4543 1643 4651 capitulorum.

221 4668 273 4751 De
292 4673 401 4754 nullo
423 4691 553 4754 autem
575 4673 709 4756 illicito
734 4676 793 4755 vel
821 4675 1023 4755 inhonesto
1050 4675 1123 4752 fuit
1147 4674 1204 4752 illi
1235 4672 1330 4752 lacta
1356 4676 1506 4753 mencio
1529 4676 1569 4752 in
1592 4705 1651 4754 re·

223 4806 395 4912 cepcione
420 4837 488 4887 sua
510 4807 570 4888 vel
595 4824 701 4916 post3
722 4836 794 4886 nec
813 4808 893 4916 ipse
918 4807 1007 4886 fecit
1033 4807 1138 4897 fieri,
1160 4836 1231 4885 nec
1248 4807 1433 4916 precepit,
1455 4835 1526 4885 nec
1545 4807 1652 4884 scivit

223 4941 325 5044 quod
352 4941 490 5022 fierent
513 4942 553 5020 in
576 4940 866 5050 reeepcionibus
889 4941 1045 5021 illorum
1067 4968 1166 5050 quos
1189 4940 1271 5049 ipse
1297 4940 1441 5047 recepit
1458 4966 1528 5018 nec
1551 4953 1647 5045 post.
