4236 5948
340 554 390 626 ao
734 528 928 622 rsocus
954 545 1049 619 nus
1076 545 1377 618 rsupnmns.

341 693 509 770 hannem
533 690 673 769 Mathai
695 690 946 780 servientem,
973 688 1013 764 in
1037 686 1179 794 capella
1209 686 1348 765 domus
1370 684 1523 792 Templi
1553 685 1601 761 de
1623 669 1770 764 Votone

341 820 637 931 [ingolismensis
668 821 828 900 diocesis
861 847 910 898 xx
938 818 1025 896 anni
1053 835 1143 894 sunt
1173 817 1232 893 vel
1258 819 1370 904 circa,
1394 845 1465 922 per
1493 815 1645 894 fratrem
1679 819 1774 925 Ray-

342 955 534 1032 mundum
565 952 614 1030 de
642 951 800 1032 Merolio
828 951 991 1028 militem
1017 948 1230 1056 quondam,
1262 965 1523 1055 preceptorem
1552 965 1644 1025 tunc
1672 948 1773 1026 dicte

344 1086 484 1165 domus
502 1083 550 1162 de
570 1085 737 1172 Votone,
758 1082 999 1190 presentibus
1027 1078 1207 1156 lintribus
1232 1081 1344 1156 Petro
1372 1079 1515 1157 Mathei
1540 1071 1771 1186 presbitero,

344 1232 382 1295 ot
405 1216 574 1297 Gerardo
605 1214 642 1292 la
669 1214 822 1295 vemha
849 1212 1053 1301 serviente,
1082 1227 1175 1288 tunc
1206 1228 1428 1318 preceptore
1458 1213 1771 1319 Petragoricensi,

344 1346 558 1434 deffivncto,
580 1361 619 1423 et
635 1344 865 1452 quibusdam
885 1342 969 1421 aliis
986 1341 1034 1419 de
1059 1341 1201 1448 quibus
1218 1369 1295 1419 non
1312 1342 1553 1432 recordatur;
1574 1359 1613 1420 et
1628 1343 1773 1420 eisdem

345 1477 406 1556 die
426 1494 466 1554 ct
483 1475 590 1566 loco,
612 1493 652 1554 et
666 1506 735 1585 per
754 1473 954 1562 eumdem,
977 1492 1016 1551 ct
1036 1474 1181 1550 eisdem
1196 1474 1437 1580 presentibus
1450 1491 1489 1550 et
1503 1473 1640 1552 eodem
1658 1473 1775 1552 modo

342 1606 500 1688 fuerumt
523 1608 666 1715 recepti
696 1637 787 1685 cum
812 1607 915 1685 dicto
943 1605 1058 1683 fratre
1083 1606 1253 1683 Iohanne
1273 1606 1414 1684 Mathai
1435 1605 1568 1683 fratres
1588 1606 1776 1686 Geraldus

343 1741 464 1830 lauza,
488 1757 529 1818 et
546 1741 679 1818 Petrus
699 1737 888 1845 Sapientis
911 1736 1134 1826 servientes,
1157 1738 1352 1815 deffuncti.
1373 1738 1479 1817 Vidit
1495 1739 1609 1815 etiam
1628 1738 1776 1846 aliquos

250 1918 261 1935 ·
345 1870 438 1949 elios
464 1871 600 1979 recipi,
628 1868 842 1978 dequibus
867 1895 944 1945 non
969 1867 1210 1959 recordatur,
1232 1869 1272 1944 in
1298 1898 1465 1976 quorum
1488 1870 1777 1977 recepcionibus

345 2003 441 2082 vidit
457 2000 541 2081 lieri
562 2020 602 2081 et
621 2001 758 2080 servari
777 2002 938 2080 modum
958 2028 1027 2106 per
1045 2028 1161 2106 quem
1177 2001 1357 2108 deposuit
1374 2029 1413 2096 se
1431 1999 1546 2078 luisse
1560 2019 1775 2108 receptum,

347 2151 386 2213 ct
405 2133 511 2213 nulla
528 2133 660 2212 illicita
676 2133 736 2212 vel
755 2133 956 2211 inhonesta
971 2132 1258 2210 intervenerunt
1271 2133 1311 2209 in
1328 2161 1463 2210 eorum
1473 2134 1694 2239 recepcione
1708 2162 1777 2211 nec

347 2281 453 2372 post,
473 2264 579 2372 quod
599 2264 679 2373 ipse
696 2264 846 2343 sciverit
863 2263 925 2341 vel
941 2263 1139 2342 audiverit.
1156 2261 1289 2343 Credit
1303 2264 1542 2341 sacramentis
1557 2264 1778 2343 ecclesiasti—

347 2396 417 2484 cis,
438 2413 477 2477 et
499 2397 621 2474 credit
638 2397 745 2503 quod
765 2395 830 2473 alii
850 2393 984 2473 fratres
1009 2396 1209 2473 crederent
1230 2412 1270 2472 et
1287 2396 1395 2502 quod
1413 2424 1547 2474 eorum
1567 2398 1779 2475 sacerdotes

349 2527 478 2607 debite
493 2526 745 2606 celebrarent.
763 2526 970 2605 Dicebatur
985 2527 1040 2605 eis
1053 2529 1160 2634 quod
1176 2527 1303 2604 statim
1314 2557 1383 2634 pro
1397 2526 1573 2636 professis
1587 2528 1779 2607 habeban-

348 2676 432 2747 tur,
455 2677 495 2737 et
521 2659 627 2767 quod
650 2660 826 2739 ordinem
852 2659 952 2737 exire
977 2687 1054 2737 non
1079 2676 1255 2766 poterant
1273 2660 1416 2767 absque
1435 2661 1592 2738 licencia
1611 2662 1780 2769 superio-

349 2818 447 2869 rum.
471 2790 713 2870 Clandcstine
741 2790 1022 2898 recipiebantur
1047 2807 1085 2867 et
1109 2819 1241 2868 corum
1267 2792 1444 2898 capitulis
1467 2792 1714 2882 tenebantur,
1737 2821 1781 2870 ex

350 2951 427 3030 quo
447 2924 569 3002 credit
592 2925 699 3031 quod
719 2940 819 3001 esset
842 2922 1006 3027 suspicio
1031 2937 1160 2998 contra
1184 2950 1260 2999 eos.
1280 2922 1459 3000 Cordulis
1483 2925 1586 3001 unde
1605 2923 1781 3002 volebant

351 3053 552 3162 assumptis
572 3053 822 3161 cingebantur
844 3079 959 3158 supra
978 3052 1148 3129 camisias
1172 3082 1260 3129 cum
1279 3053 1422 3160 quibus
1443 3052 1627 3160 jacebant.
1654 3056 1782 3164 lnjuu-

351 3185 510 3294 gebatur
530 3185 585 3262 eis
603 3184 709 3292 quod
726 3212 802 3261 non
822 3182 1033 3260 revelarent
1051 3201 1193 3261 secreta
1212 3185 1465 3290 capitulorum
1486 3201 1525 3264 et
1543 3214 1586 3264 ea
1602 3214 1676 3293 que
1697 3217 1783 3295 age-

351 3316 491 3395 bantur
518 3316 559 3392 in
586 3315 678 3421 ipsis
703 3314 891 3421 capitulis,
913 3315 985 3391 nisi
1012 3332 1138 3394 essent
1157 3317 1385 3410 communia,
1413 3317 1489 3396 illis
1511 3317 1692 3397 fratribus
1714 3321 1781 3427 qui

353 3474 430 3526 non
451 3445 660 3526 adfuissent
678 3448 719 3524 in
737 3447 809 3537 eis,
833 3463 871 3524 et
891 3447 921 3525 si
941 3446 1186 3536 revelassent,
1209 3448 1355 3555 audivit
1374 3449 1449 3526 dici
1468 3451 1573 3557 quod
1594 3451 1783 3556 perdidis

353 3595 438 3658 sent
457 3579 628 3657 domum.
656 3578 925 3686 lujungebatur
952 3578 1006 3656 eis
1029 3580 1156 3685 quod,
1178 3579 1361 3686 quamdiu
1384 3599 1538 3687 possent
1561 3580 1700 3660 habere
1725 3611 1784 3660 sa-

354 3712 527 3788 cerdotes
548 3710 708 3799 ordinis,
736 3738 814 3788 non
838 3709 1117 3788 confiterentur
1143 3710 1236 3788 aliis.
1265 3711 1398 3790 Credit
1416 3713 1522 3818 quod
1546 3713 1784 3791 uniformiter

354 3841 613 3949 reciperentur
622 3841 662 3919 in
677 3842 824 3933 ordine,
837 3842 934 3920 sicut
952 3842 1129 3949 deposuit
1145 3871 1185 3920 se
1201 3841 1316 3920 luisse
1331 3860 1537 3952 receptum.
1555 3846 1597 3921 ln
1610 3845 1784 3952 capitulis

354 3972 497 4051 audivit
518 3974 659 4081 precipi
677 3973 1028 4081 quodeleemosine
1049 3974 1179 4053 debito
1200 3975 1317 4053 modo
1342 3973 1497 4064 fierent,
1520 3995 1558 4055 et
1574 4005 1635 4054 eas
1657 4006 1698 4054 ac
1715 3978 1784 4054 ho-

354 4103 594 4211 spitalitatem
609 4104 704 4183 vidit
722 4105 989 4183 convenienter
1008 4103 1090 4182 lieri
1106 4124 1146 4184 et
1164 4107 1300 4185 servari
1320 4107 1359 4183 iu
1381 4107 1560 4185 domibus
1579 4107 1724 4219 ordinis
1743 4109 1782 4183 in

353 4235 493 4342 quibus
518 4235 592 4314 luit
615 4253 881 4315 commoratus.
907 4237 1188 4342 Precipiebatur
1215 4238 1269 4315 eis
1296 4240 1401 4345 quod
1427 4239 1558 4317 debito
1583 4236 1699 4317 modo
1724 4268 1784 4315 ac·
1813 4304 1826 4333 ,

353 4366 548 4471 quirerent
568 4368 705 4446 ordini.
725 4368 854 4445 Januis
874 4367 1024 4457 clausis,
1047 4368 1162 4447 nullis
1177 4372 1415 4476 presentibus
1433 4371 1505 4448 nisi
1525 4370 1703 4448 fratribus
1724 4400 1784 4448 or-

356 4495 473 4589 dinis,
503 4526 635 4576 eorum
667 4499 844 4606 capitolia
868 4499 1116 4593 tenebantur,
1142 4501 1290 4608 proviso
1315 4503 1422 4609 quod
1451 4532 1528 4582 non
1560 4504 1784 4582 audirentur

355 4625 518 4706 exterius
545 4656 620 4733 que
645 4629 791 4708 fiebant
815 4647 853 4707 et
871 4629 1106 4709 dicebantur
1131 4624 1301 4710 interius.
1329 4636 1450 4712 Totus
1481 4634 1575 4712 ordo
1604 4652 1784 4712 servasset

353 4756 459 4866 quod
478 4787 636 4867 magnus
655 4762 831 4871 Magister
851 4790 938 4840 cum
958 4781 1145 4842 conventu
1165 4764 1366 4843 statuisset.
1383 4767 1490 4843 Nunc
1506 4767 1660 4874 grandia
1680 4794 1784 4844 scan-

354 4888 455 4979 dala,
477 4891 640 4998 suspicio
661 4910 700 4971 et
719 4893 870 4973 infamia
889 4911 979 4972 suut
999 4913 1125 4975 exorta
1145 4914 1274 4974 contra
1294 4897 1489 4988 ordinem,
1511 4915 1641 4979 contra
1666 4927 1781 5007 quem
