4236 5948
486 556 558 629 crs
873 537 1191 633 processus
1220 553 1529 657 rnurnrsss
1637 538 1646 549 “’

422 752 426 759 -
540 698 599 774 Ad
614 697 732 774 lxxxvi
755 694 953 793 articulum
972 696 1239 803 interrogatus,
1262 693 1355 772 dixit
1372 724 1412 774 se
1432 695 1546 773 luisse
1562 712 1756 801 receptum
1776 694 1817 773 in
1838 696 1910 773 fra-

484 848 581 905 trem
607 827 696 905 dicti
721 826 866 903 ordinis
893 827 1040 933 Templi
1066 854 1134 935 per
1153 825 1305 905 fratrem
1327 826 1590 936 Raymundum
1615 824 1666 919 dd
1690 827 1788 907 Baro
1822 842 1914 907 tunc

485 974 741 1065 preceptorem
758 957 893 1035 domus
907 956 1025 1035 Mansi
1039 956 1127 1048 Dei,
1142 957 1181 1033 in
1196 954 1350 1036 ecclesia
1365 957 1481 1063 ipsius
1491 956 1646 1046 domus,
1670 954 1735 1035 obi
1750 957 1832 1063 ipss
1847 960 1912 1066 qni

485 1084 1119 1196 loquiturviditaliospluresrecipi
1135 1088 1357 1195 ultraquam
1373 1090 1505 1165 decem
1518 1105 1719 1195 stempas
1728 1089 1823 1175 citra
1835 1116 1913 1197 quo

485 1220 602 1298 lactus
626 1228 681 1297 est
698 1218 809 1296 lrater
828 1219 946 1324 ipsius
963 1219 1121 1311 ordinie
1144 1237 1182 1296 et
1197 1218 1269 1299 luit
1283 1237 1456 1326 receptus
1469 1219 1509 1296 in
1525 1219 1586 1295 die
1600 1218 1797 1313 Dominica
1815 1204 1911 1299 circa

484 1348 621 1429 festum
637 1350 751 1439 sancti
768 1336 921 1429 Martini
939 1351 1107 1459 proxime
1126 1350 1293 1457 preteriti
1310 1350 1466 1429 fuerunt
1477 1376 1577 1429 mv
1602 1350 1686 1431 anni
1712 1348 1771 1427 vel
1798 1348 1910 1438 circa,

486 1482 720 1586 presentibus
731 1481 922 1567 etibidem
932 1481 1133 1559 astantibus
1144 1480 1306 1561 Amaldo
1318 1483 1446 1561 Rocba
1459 1480 1680 1573 cambrerio‚
1690 1480 1912 1587 Raymundo

484 1612 652 1718 anucti,
669 1612 839 1688 Jobunne
859 1612 1029 1719 Suquott
1047 1613 1211 1718 Symone
1225 1613 1326 1719 Agus
1336 1668 1457 1690 .....
1479 1612 1590 1688 Petro
1605 1611 1653 1686 de
1664 1608 1857 1691 villanova
1873 1630 1913 1688 et

484 1742 656 1851 pluribus
675 1742 756 1819 aliis
771 1740 957 1821 fratribus·
969 1743 1110 1820 ordinis
1131 1743 1220 1820 dicti
1239 1741 1401 1849 Templi.
1412 1742 1471 1821 De
1491 1742 1607 1819 modo
1624 1759 1749 1819 autem
1768 1771 1836 1821 sus
1852 1770 1913 1819 re·

484 1874 670 1979 esperone
688 1891 727 1950 er
745 1852 907 1957 eroum
923 1901 1018 1979 que
1036 1873 1152 1981 recipi
1171 1872 1263 1951 um
1280 1874 1319 1951 in
1341 1871 1525 1949 sacrem
1543 1870 1640 1951 dica
1660 1871 1779 1951 domo
1793 1872 1910 1951 utne

483 2005 571 2096 Dei,
589 2003 683 2081 dirit
697 2002 798 2080 idem
812 2004 850 2080 in
864 2004 1044 2082 omnibus
1059 2004 1100 2081 in
1113 2003 1251 2083 effectu
1265 2003 1368 2109 quod
1387 2003 1531 2109 primus
1549 2003 1652 2080 testis
1676 2002 1852 2108 deposuit
1874 2004 1911 2079 in

485 2135 619 2212 eodem
640 2132 811 2221 articulo,
837 2148 873 2209 'et
893 2152 936 2213 ut
953 2135 1164 2211 continetur
1185 2133 1223 2209 in
1235 2131 1339 2211 libro
1359 2132 1524 2210 exhibito
1542 2131 1672 2240 regrde
1693 2132 1911 2211 ordinis-cu·

485 2264 655 2368 predicti.
1251 2336 1276 2359 ,¹
1713 2338 1716 2343 .

543 2395 600 2471 Ad
622 2395 762 2474 lxxxvu
787 2413 825 2475 et
849 2395 997 2475 lxxxvrrr
1021 2413 1058 2473 et
1082 2395 1256 2473 ultimum
1284 2395 1461 2474 articulos
1487 2391 1736 2500 respondens,
1751 2392 1851 2473 dixit
1870 2425 1910 2473 se

485 2552 559 2602 non
581 2524 734 2605 credere
759 2553 905 2605 errores
928 2525 977 2604 dc
1000 2526 1140 2633 quibus
1159 2527 1279 2633 agitur
1300 2528 1341 2605 in
1358 2527 1503 2605 eisdem
1518 2552 1714 2633 nunquam
1735 2525 1910 2604 habuisse

485 2656 638 2749 inicium
658 2656 705 2735 ab
731 2656 887 2747 homine
904 2656 1225 2751 Christianqesnec
1247 2657 1442 2765 abaliquo
1462 2655 1554 2747 slim
1582 2658 1766 2764 quianon
1790 2658 1911 2737 credit

487 2766 604 2863 dictos
625 2812 770 2865 errores
794 2787 919 2892 aliquo
942 2802 1124 2893 temporo·
1141 2786 1255 2867 luisse
1280 2787 1459 2867 comissos
1483 2815 1553 2864 nec
1577 2814 1599 2864 a
1624 2785 1801 2866 fratribus
1820 2787 1909 2875 dini

486 2917 652 3025 Templi,
675 2946 745 2995 nec
762 2919 882 2997 eciem
897 2938 918 2995 t
932 2938 1191 3025 quocumque.
1208 2918 1481 3025 Grpitauutem
1496 2918 1554 2995 rel
1572 2917 1687 3025 ydola
1703 2917 1752 2995 ds
1772 2916 1911 3025 quibus

485 3048 607 3153 agitur
622 3049 661 3123 in
675 3046 787 3135 dictis
802 3048 966 3129 articulis
981 3077 1051 3125 nec
1068 3048 1177 3137 vidit,
1193 3076 1263 3127 nec
1282 3048 1386 3126 scivit
1403 3046 1638 3154 temporibus
1652 3048 1726 3126 vite
1738 3074 1824 3138 suc,
1841 3074 1910 3125 nec

485 3205 713 3287 quemquam
734 3178 958 3257 confratrem
976 3179 1169 3258 vodolium
1188 3179 1322 3271 deeis,
1340 3178 1406 3257 ubi
1426 3178 1502 3256 sint
1520 3178 1579 3257 vel
1598 3178 1752 3267 fuerint,
1770 3176 1910 3255 audivit

486 3307 701 3415 loquentem
715 3336 789 3387 nee
806 3308 1042 3417 mencionem
1064 3307 1226 3416 aliquam
1243 3309 1456 3400 facientem
1472 3308 1854 3417 ymomegatqrcnitus
1872 3324 1910 3384 et

486 3465 560 3543 noq
576 3438 874 3543 eredipredida
895 3455 1065 3523 concute
1079 3440 1118 3516 in
1137 3439 1302 3519 articulis
1315 3440 1395 3518 lore
1410 3468 1509 3519 vers.
1522 3440 1645 3546 Super
1661 3438 1741 3517 diis
1759 3464 1850 3519 vcro
1862 3438 1911 3517 de

386 3602 388 3606 ·
486 3565 625 3672 quibus
639 3568 844 3674 precipitur
859 3567 943 3647 lieri
961 3569 1153 3676 inquisitio
1164 3568 1364 3683 generalis,
1378 3587 1493 3676 prout
1503 3570 1625 3649 visum
1641 3566 1714 3647 luit
1731 3568 1832 3663 dicto
1849 3567 1912 3646 do

485 3698 588 3775 mino
601 3698 959 3806 episcopcdllnensi,
972 3717 1011 3776 et
1023 3700 1199 3808 predictis
1207 3700 1294 3781 aliis
1306 3700 1470 3781 dominis
1483 3697 1911 3805 unonicisstreligiosis

485 3830 571 3907 viris
587 3829 862 3936 inquirentibus
881 3830 1018 3936 pariter
1031 3858 1117 3909 cnm
1137 3831 1291 3921 eodem,
1309 3832 1510 3939 requisitus
1532 3828 1621 3911 dixit
1640 3858 1679 3909 se
1690 3828 1911 3929 nichilom-

483 3959 585 4063 plius
604 3960 727 4036 scire·

542 4093 648 4168 Anno
665 4120 742 4197 quo
755 4120 883 4196 supra,
902 4112 972 4171 nvn
990 4090 1162 4170 kalendas
1171 4092 1373 4173 februarii.
1532 4126 1557 4151 2·

1754 4246 1795 4295 τ’·

541 4354 616 4430 llll.
638 4354 766 4431 Frater
779 4354 990 4432 Bernardus
1007 4354 1198 4435 Guerrerii
1221 4352 1362 4434 ordinis
1381 4353 1663 4460 diou'ss'smpli,
1682 4372 1728 4431 ct
1757 4342 1914 4459 capdffss

485 4512 561 4561 nus
568 4483 708 4590 capelle
724 4484 861 4575 domus
875 4485 994 4565 Mansi
1006 4486 1094 4573 Dei,
1109 4486 1275 4597 juratus,
1295 4503 1339 4564 ut
1352 4485 1568 4592 principalis
1580 4482 1683 4563 dese
1700 4485 1803 4593 ipso,
1819 4501 1858 4561 et
1872 4502 1913 4561 ut
1942 4559 1945 4565 .

484 4614 589 4691 testis
613 4615 661 4691 de
681 4614 777 4704 eliis,
795 4644 908 4722 super
928 4612 1226 4723 articuliffloper
1244 4615 1383 4724 quibus
1401 4614 1857 4722 intemogubiturplemm
1873 4632 1911 4691 et

485 4773 616 4850 puram
629 4746 753 4824 dicere
772 4748 980 4835 veritatem,
1004 4747 1346 4857 dirlt'etdeposuit
1364 4764 1407 4825 ut
1427 4747 1622 4854 sequiturc
1678 4820 1681 4825 ,
1713 4818 1718 4827 ,
1741 4816 1749 4827 ,
1774 4800 1786 4823 .-
1808 4774 1815 4787 ·

543 4876 725 4983 Expositis
744 4880 867 4985 primo
890 4878 960 4957 §bi
981 4876 1144 4956 articulis
1163 4881 1201 4955 in
1222 4879 1378 4986 vulgari,
1400 4877 1649 4986 adprimitur,
1676 4877 1912 4965 etms-m·
