4236 5948
735 475 930 597 moces
957 525 1053 596 nus
1078 527 1383 600 rummiens,
1692 539 1762 609 123

346 668 510 745 munitor
537 668 574 742 in
602 666 885 772 recepcionibus
912 665 1072 743 aliorum
1101 667 1256 746 fratrum
1287 670 1430 747 ordinis
1456 672 1514 748 vel
1540 691 1644 779 post,
1677 678 1764 782 quia

345 798 434 874 vidit
464 798 578 903 recipi
611 797 882 903 infrascriptos,
912 796 951 871 in
978 825 1144 902 quorum
1168 800 1456 906 recepcionibus
1480 803 1764 882 intervenerunt

344 930 508 1036 predicta
534 928 679 1015 illicita,
708 945 860 1034 excepto
886 927 958 1003 hoc
982 928 1087 1032 quod
1110 927 1166 1004 illi
1186 932 1252 1037 qui
1280 960 1355 1009 non
1383 931 1454 1009 luit
1476 933 1662 1039 presbiter
1686 965 1762 1013 non

344 1060 413 1136 luit
432 1075 652 1166 preceptum
672 1058 777 1165 quod
796 1058 1014 1136 obmitteret
1034 1059 1131 1136 dicta
1153 1062 1263 1138 verba
1282 1063 1449 1151 canonis;
1471 1064 1672 1143 videlicet:
1693 1068 1765 1143 fra-

344 1208 438 1266 trem
459 1190 670 1268 Gerardum
692 1190 738 1266 de
761 1192 867 1297 Rupe
895 1187 984 1294 Apis
1003 1190 1279 1268 Lemovicensis
1299 1193 1474 1280 diocesis,
1497 1195 1563 1300 qui
1582 1224 1683 1273 nunc
1709 1217 1764 1274 est

344 1319 526 1425 presbiter
546 1337 584 1396 et
604 1317 795 1396 detinetur
822 1318 858 1393 in
884 1318 1156 1407 Lemovicinio‚
1185 1350 1299 1426 quem
1326 1325 1467 1429 recepit
1493 1322 1606 1402 frater
1633 1328 1763 1404 Petrus

345 1451 389 1527 de
416 1450 559 1528 Madito
588 1449 800 1555 quondam,
836 1465 1032 1554 preceptor
1055 1466 1146 1525 tunc
1167 1451 1357 1541 Alvernie‚
1388 1453 1427 1527 in
1457 1454 1596 1560 capella
1626 1457 1762 1533 domus

344 1580 492 1686 Templi
519 1580 566 1655 de
586 1579 675 1656 Bela
695 1579 907 1657 Chassanha
934 1580 1209 1658 Lemoviccnsis
1229 1583 1408 1671 diocesis,
1433 1586 1669 1688 presentibus
1692 1586 1763 1663 sra-

340 1688 461 1786 'tribus
482 1709 687 1787 Guillelmo
709 1710 756 1786 (le
777 1709 912 1786 Arzaco
930 1727 1148 1815 preceptore
1175 1725 1266 1788 tunc
1291 1713 1438 1798 domus,
1461 1715 1661 1807 serviente,
1680 1717 1762 1792 Ste-

344 1840 466 1945 phano
483 1840 518 1916 la
531 1841 681 1918 Vemha
699 1839 907 1927 deffuncto‚
930 1839 1106 1918 Gnidone
1128 1840 1299 1919 d'drsaco
1319 1843 1518 1930 serviente,
1534 1845 1599 1949 qui
1618 1844 1760 1952 aufugit

343 1970 381 2045 in
401 1972 575 2076 capcione
597 1971 778 2056 aliorum,
800 1970 893 2044 circa
915 1969 1055 2046 instans
1074 1967 1212 2046 lestum
1233 1970 1452 2078 Magdalene
1473 1990 1584 2049 erunt
1604 2000 1652 2049 xu
1673 1976 1760 2049 anni

343 2099 397 2175 vel
419 2101 533 2188 circa,
561 2117 598 2176 et
623 2099 777 2204 insuper
802 2098 1049 2177 Guillelmum
1074 2098 1277 2206 Aymerici,
1306 2101 1526 2177 servientem
1552 2102 1696 2191 vivum,
1718 2121 1761 2180 ut

344 2228 478 2318 credit,
506 2231 570 2336 qui
603 2229 676 2307 fuit
705 2247 896 2337 receptus,
923 2247 1011 2306 sunt
1039 2247 1184 2335 septem
1210 2231 1296 2306 anni
1320 2231 1380 2307 vel
1410 2232 1523 2322 circa,
1549 2232 1587 2307 in
1620 2232 1761 2338 capella

343 2359 477 2436 domus
496 2359 644 2464 Templi
660 2359 707 2435 de
724 2359 882 2436 Lobertz
896 2360 1170 2436 Lemovicensis
1185 2360 1359 2446 diocesis,
1380 2388 1449 2465 per
1466 2358 1619 2438 lratrem
1642 2365 1761 2439 llum-

342 2488 491 2565 hertum
506 2488 553 2563 de
565 2488 796 2567 Comborino
816 2488 976 2565 militem
996 2490 1202 2594 quondam,
1216 2489 1452 2596 presentibus
1465 2489 1641 2567 fratribus
1659 2491 1762 2569 Guil-

342 2615 458 2693 lclmo
473 2615 658 2723 Aymerici
681 2618 864 2694 avunculo
884 2615 971 2693 dicti
996 2617 1208 2705 Guillelmi,
1225 2635 1442 2724 preceptore
1463 2618 1511 2694 de
1529 2620 1758 2726 Champeus,

342 2746 404 2851 qui
426 2745 618 2823 detinetur
633 2747 671 2822 in
689 2746 959 2834 Lemovicinio,
975 2746 1152 2824 Guidone
1173 2748 1219 2824 de
1240 2750 1411 2854 Preyssac
1433 2747 1571 2839 milite,
1588 2748 1653 2855 qui
1665 2766 1762 2826 tem-

342 2904 431 2981 pore
453 2877 639 2982 capcionis
665 2905 796 2955 eorum
818 2893 897 2954 erat
916 2877 956 2951 in
975 2876 1132 2982 Chipro,
1153 2894 1191 2952 et
1210 2875 1417 2955 Guillelmo
1432 2877 1478 2953 de
1499 2879 1671 2983 Prcyssac
1692 2879 1763 2953 mi-

342 3005 405 3083 lite
425 3007 635 3112 quondam,
650 3023 743 3083 tunc
760 3025 978 3113 preceptore
999 3006 1097 3082 dicte
1117 3006 1272 3096 domus3
1289 3005 1458 3112 plurium
1477 3004 1761 3111 recepcionibus

344 3162 419 3212 non
440 3135 627 3225 adsuerat,
650 3137 747 3212 sicut
761 3136 864 3212 dixit.
886 3137 999 3223 ltem,
1023 3135 1116 3211 dixit
1133 3135 1237 3240 quod
1258 3137 1305 3211 de
1320 3135 1401 3212 aliis
1421 3134 1560 3211 illicitis
1575 3134 1634 3210 vel
1653 3133 1763 3213 inho-

343 3264 460 3341 nestis
473 3293 550 3342 non
570 3264 642 3343 luit
657 3265 827 3344 locutum
848 3265 972 3343 eidem
994 3266 1033 3341 in
1052 3295 1118 3342 sua
1137 3266 1355 3371 recepcione
1374 3265 1437 3367 vel
1449 3282 1551 3372 post,
1569 3292 1639 3341 nec
1654 3264 1762 3342 dictis

343 3393 494 3473 duobus
513 3423 610 3502 quos
627 3396 721 3473 vidit
740 3397 874 3502 recipi,
896 3397 1000 3502 quod
1025 3397 1103 3501 ipse
1125 3395 1228 3471 scivit
1244 3395 1302 3472 vel
1323 3386 1465 3472 andins
1484 3395 1569 3472 dici.
1591 3395 1763 3499 Requisi·

342 3539 402 3600 tus
422 3524 453 3600 si
479 3525 646 3629 predicta
670 3524 798 3601 illicita
818 3527 1115 3611 intervenerunt,
1142 3526 1181 3600 in
1202 3527 1420 3630 recepcione
1444 3553 1510 3601 sua
1538 3542 1575 3600 et
1600 3524 1761 3600 aliorum

345 3680 438 3757 quos
467 3653 561 3731 vidit
586 3654 722 3760 recipi,
755 3672 839 3730 ante
869 3655 1118 3732 tradicionem
1148 3653 1316 3731 mantelli
1343 3653 1401 3730 vel
1432 3671 1535 3759 post,
1567 3654 1764 3758 respondit

343 3782 447 3887 quod
470 3801 556 3861 ante
577 3783 824 3862 tradicionem
842 3783 1025 3860 mantelli.
1052 3784 1165 3873 ltem,
1188 3785 1281 3862 dixit
1302 3783 1404 3890 quod
1426 3811 1620 3889 nunquam
1643 3782 1763 3859 obmi-

343 3929 439 3988 serat
464 3914 578 3991 verba
602 3915 754 3992 canonis
780 3913 1005 3990 celebrando
1035 3915 1204 4000 missam,
1234 3942 1304 3989 nec
1330 3914 1399 3988 scit
1425 3941 1494 3988 nec
1520 3910 1663 3987 audivit
1689 3910 1761 3985 dici

342 4041 446 4146 quod
465 4043 528 4119 alii
549 4045 746 4150 presbiteri
767 4044 911 4121 ordinis
931 4043 1193 4133 obmitterent,
1214 4072 1284 4119 nec
1301 4043 1406 4148 quod
1425 4042 1488 4118 alii
1508 4041 1639 4116 fratres
1659 4039 1763 4115 ordi-

343 4170 401 4251 nis
422 4190 547 4249 essent
571 4173 756 4250 increduli
784 4172 1039 4251 ecclesiasticis
1066 4173 1320 4258 sacramentis,
1349 4200 1418 4248 nec
1442 4170 1549 4276 quod
1567 4165 1764 4243 carnaliter

343 4303 686 4380 commiscerentur.
714 4303 867 4380 audivit
890 4303 964 4379 dici
989 4319 1073 4408 post
1098 4302 1315 4407 capcionem
1336 4328 1468 4377 eorum
1488 4316 1526 4375 et
1544 4297 1675 4373 fratres
1694 4296 1763 4371 ali-

342 4459 437 4536 quos
461 4432 605 4510 ordinis
631 4431 801 4509 confiteri
830 4432 934 4537 quod
964 4431 1164 4537 aliquando
1195 4432 1335 4535 recepti
1367 4429 1633 4507 osculabantur
1660 4454 1763 4501 rece-

341 4577 467 4661 ptores
482 4562 522 4638 in
537 4592 621 4640 ano.
639 4564 744 4650 Item,
765 4563 857 4639 dixit
872 4591 910 4639 se
926 4562 1060 4638 vidisse
1082 4579 1120 4637 et
1139 4559 1339 4646 audivisse,
1359 4560 1397 4634 in
1416 4555 1685 4635 terminacione
1706 4583 1764 4630 ca-

341 4692 568 4795 pitulorum,
586 4696 691 4799 quod
712 4691 825 4769 frater
844 4692 960 4769 laicus
980 4709 1112 4767 tenens
1132 4689 1338 4794 capitulum
1361 4686 1615 4765 dicebat-talia
1634 4685 1761 4773 rerba,

342 4823 496 4925 quando
515 4821 633 4928 aliqui
649 4822 777 4900 l'ratres
797 4820 1073 4899 confitebantur
1088 4819 1145 4897 vel
1163 4819 1529 4897 commendabantur
1542 4817 1582 4893 in
1593 4814 1763 4920 capitulis

1563 4951 1614 5014 16.
