4236 5948
727 531 924 623 ruccas
947 549 1044 623 nas
1069 550 1361 633 restaurans.
1676 588 1740 655 n:

342 689 409 765 nisi
427 688 474 765 sit
491 687 680 779 sacerdos,
702 705 827 795 potest
848 687 1011 796 aliquem
1036 690 1225 768 absolvere
1246 723 1266 770 a
1287 707 1459 802 peccatis,
1479 730 1517 787 et
1533 698 1567 791 'si
1593 748 1746 825 ηιμ

340 819 516 926 Magister
533 818 621 896 dicti
644 818 788 896 ordinis
803 818 994 897 confessus
1007 819 1080 898 fuit
1094 806 1133 897 se
1154 849 1263 926 posse
1276 826 1366 907 alios
1384 832 1513 917 iratres
1526 846 1748 927 ubuum„

342 951 517 1055 peccatis,
535 950 629 1027 sicut
645 950 684 1025 in
705 950 861 1029 articulo
883 950 1030 1040 dicitur,
1053 949 1243 1029 consessus
1260 971 1316 1031 est
1331 979 1455 1039 contra
1472 998 1611 1053 amm,

398 1082 491 1158 Item
513 1080 604 1156 dixit
623 1081 725 1187 quod
744 1079 928 1186 recipiens
948 1098 985 1157 et
1005 1099 1178 1187 receptus
1197 1080 1455 1167 deosculantur
1472 1124 1511 1173 ae
1533 1102 1572 1177 in
1591 1135 1654 1187 «m,
1676 1136 1737 1189 w,

343 1228 438 1302 tum,
469 1229 506 1286 et
529 1211 607 1316 ipse
632 1229 802 1318 receptus
825 1211 969 1289 noviter
993 1211 1181 1288 osculatur
1203 1213 1241 1288 in
1268 1241 1332 1290 ore
1351 1233 1492 1298 tantum
1516 1225 1642 1309 fratres
1662 1242 1752 1319 atus

345 1341 512 1446 ejusdem
530 1341 671 1418 ordinis
691 1340 835 1448 aliquos
847 1341 1142 1431 circumstantes,
1158 1341 1214 1418 vel
1232 1371 1362 1420 omnes
1380 1346 1435 1423 vel
1451 1348 1593 1459 aliquos
1610 1362 1659 1439 de
1675 1396 1752 1469 pst„

343 1470 462 1548 dictis.

399 1602 501 1678 Dixit
521 1601 637 1677 eciam
658 1601 763 1707 quod
784 1599 923 1708 recepti
944 1601 981 1677 in
999 1600 1130 1678 ordine
1153 1601 1365 1706 supradicto
1389 1608 1610 1709 promittunt
1634 1618 1669 1695 in
1691 1651 1755 1705 urs

344 1732 560 1836 recepcione
577 1733 674 1808 inter
690 1730 758 1807 alia
771 1731 877 1837 quod
890 1759 967 1807 non
980 1731 1132 1808 exibunt
1143 1759 1212 1807 nec
1225 1731 1575 1840 relinquentipsum
1589 1744 1758 1831 ordinum

344 1888 412 1966 pro
433 1860 569 1936 minori
588 1860 646 1936 vel
663 1861 812 1968 majori,
833 1861 911 1938 sine
933 1861 1088 1938 licencia
1106 1861 1309 1967 superioris
1328 1862 1393 1966 qui
1415 1861 1548 1941 dictam
1571 1868 1758 1959 licenciam

342 1991 459 2094 possit
479 1991 584 2079 dare3
612 2007 649 2065 at
673 1990 920 2067 incontinenti
944 2008 1029 2097 post
1047 2018 1179 2068 eorum
1204 1991 1462 2096 recepcionem
1485 1992 1673 2076 habentur
1696 2036 1762 2109 pro

345 2119 538 2223 professis,
555 2124 659 2230 juxta
674 2137 807 2196 statuta
822 2118 965 2197 ordinis
981 2119 1068 2196 dicti
1081 2119 1243 2227 Templi.
1261 2120 1346 2213 Que
1360 2120 1516 2225 quidem
1529 2130 1763 2231 recepcioner

345 2248 441 2325 fiunt
457 2249 572 2325 nullis
585 2249 822 2354 presentibus
835 2249 906 2325 nisi
922 2249 1098 2327 fratribus
1117 2250 1260 2328 ordinis
1280 2249 1494 2355 supradicti.

400 2379 460 2457 Ad
474 2379 676 2455 xla-lxxxu
692 2379 867 2456 articulos
881 2378 1079 2467 inclusive,
1097 2378 1297 2484 diligenter
1310 2396 1348 2454 et
1361 2378 1547 2485 sigillatim
1561 2381 1764 2495 interroga.

345 2527 421 2596 tus,
436 2507 666 2613 respondens
680 2508 823 2614 negavit
837 2510 939 2613 ipsos
953 2507 1129 2584 articulos
1143 2526 1180 2583 et
1195 2507 1322 2584 omnia
1338 2524 1376 2584 et
1389 2509 1535 2614 singula
1547 2518 1763 2595 conteutain

347 2640 418 2729 eis,
436 2656 589 2743 excepto
607 2639 709 2744 quod
730 2637 918 2714 consessus
934 2656 991 2714 est
1007 2637 1111 2742 quod
1127 2637 1197 2743 ipsi
1217 2637 1347 2714 fratres
1367 2639 1567 2745 cinguntur
1583 2669 1694 2745 super
1709 2674 1767 2721 ca-

347 2771 492 2846 misiam
517 2768 680 2844 cordulis
707 2768 753 2843 da
779 2766 856 2843 lino
882 2766 941 2844 vel
966 2768 1014 2844 de
1041 2767 1124 2843 lana
1150 2766 1208 2844 vel
1229 2764 1275 2841 de
1296 2795 1451 2872 canape;
1476 2769 1621 2874 negavit
1644 2788 1767 2851 tamen

346 2898 450 3004 quod
465 2898 544 3003 ipse
556 2898 708 2976 cordula
720 2926 796 2974 non
805 2898 1082 3004 cingamturnec
1092 2913 1296 3004 tanguntur
1307 2896 1346 2972 in
1360 2896 1543 3003 capitibus
1554 2898 1766 3004 ydolorum.

401 3031 492 3105 ltem
514 3028 701 3106 confessus
721 3028 895 3136 estquod
914 3028 985 3134 ipsi
999 3027 1129 3104 fratres
1149 3028 1372 3133 promittunt
1388 3027 1488 3104 inter
1507 3026 1577 3103 ulia
1601 3045 1769 3134 tempore

347 3187 411 3234 sue
431 3158 671 3263 receptionis,
692 3158 796 3264 quod
814 3159 970 3236 modum
989 3157 1212 3262 receptionis
1232 3185 1298 3233 sue
1318 3184 1395 3234 non
1411 3156 1572 3233 debeant
1590 3157 1768 3252 revelare,

347 3316 421 3394 que
437 3287 532 3364 liunt
543 3304 581 3365 et
595 3287 773 3365 dicuntur
792 3288 831 3364 iu
844 3288 933 3393 ipsis
947 3287 1131 3395 capitulis,
1152 3316 1222 3364 nec
1236 3286 1340 3393 loqui
1356 3286 1474 3364 eciam
1493 3315 1580 3363 cum
1598 3285 1771 3365 iratribus

348 3416 520 3524 ejusdem
541 3417 685 3494 ordinis
704 3418 753 3494 de
776 3417 849 3495 hiis
869 3446 943 3524 que
962 3433 1121 3523 aguntur
1140 3419 1179 3493 in
1199 3417 1288 3521 ipsis
1308 3415 1492 3522 capitulis,
1517 3417 1588 3492 nisi
1613 3416 1686 3493 biis
1705 3420 1769 3522 qui

347 3546 594 3623 interfuerunt
610 3547 650 3622 in
667 3546 821 3624 eisdem.

404 3676 463 3751 Ad
483 3676 621 3762 lxxxru,
643 3674 778 3753 lxxxuu
799 3693 838 3753 et
850 3675 955 3753 lxxxv
970 3674 1143 3753 articulos
1163 3676 1355 3765 inclusiva,
1372 3676 1572 3783 diligenter
1586 3696 1624 3753 et
1638 3676 1772 3784 sigilla-

348 3808 417 3883 tim
434 3806 699 3911 interrogatus,
721 3805 951 3911 respondens
970 3804 1061 3881 dixit
1079 3805 1184 3910 quod
1201 3804 1254 3880 illi
1275 3803 1404 3881 fratres
1417 3805 1487 3910 qui
1507 3806 1665 3884 confessi
1686 3823 1773 3881 sunt

350 3937 515 4043 predicta
535 3935 594 4011 vel
617 3935 763 4042 aliquos
787 3963 947 4022 errores.
969 3952 1082 4041 prout
1103 3934 1141 4011 in
1165 3935 1253 4041 ipsis
1273 3933 1434 4011 articulis
1454 3934 1675 4021 continetur,
1696 3963 1773 4011 non

352 4066 525 4143 dixerunt
535 4094 682 4155 verum,
695 4093 783 4173 ymo
793 4064 944 4154 falsum,
960 4083 997 4143 et
1009 4065 1158 4142 mentiti
1174 4081 1261 4142 aunt
1274 4091 1387 4169 super
1399 4064 1520 4169 capud
1536 4088 1663 4151 auum,
1678 4063 1772 4139 salua

351 4195 568 4273 excellentia
586 4192 694 4275 Sedis
714 4195 928 4303 apostolice.

407 4326 464 4403 Ad
485 4327 604 4405 lxxxvr
619 4327 817 4408 articulum
831 4327 1029 4433 diligenter
1043 4326 1305 4431 interrogatus,
1321 4324 1656 4432 respondensdixit
1667 4325 1773 4431 quod

350 4457 464 4533 frater
482 4455 705 4535 Guillelmus
720 4432 943 4535 de‘Abelars
960 4472 1158 4563 preceptor
1174 4455 1265 4532 olim
1288 4455 1386 4532 dicte
1404 4453 1541 4531 domus
1553 4453 1670 4531 Marsi
1682 4454 1773 4545 Dei,

351 4588 391 4663 in
411 4585 549 4692 capella
570 4586 739 4693 ejusdem
761 4588 914 4676 domus,
937 4587 975 4663 in
996 4586 1116 4692 prima
1134 4586 1331 4664 Dominica
1351 4583 1570 4689 Camiprivii
1590 4583 1775 4691 Cadrago-

352 4719 445 4794 sime
460 4716 614 4794 Domini
634 4735 743 4794 crunt
757 4745 793 4794 xr
807 4719 892 4794 anni
909 4716 1041 4821 elapsi,
1055 4733 1098 4792 ut
1118 4716 1252 4807 credit,
1274 4715 1415 4822 recepit
1432 4713 1555 4821 ipsum
1570 4713 1637 4819 qui
1652 4713 1776 4820 loqui-

352 4866 412 4925 tur
432 4849 470 4927 in
489 4848 640 4927 fratrem
663 4848 806 4926 ordinis
830 4849 1048 4955 supradicti,
1078 4846 1314 4955 presentibus
1340 4863 1377 4923 et
1401 4846 1543 4924 ibidem
1571 4843 1775 4922 auanubus
