4236 5948
729 521 925 614 rnocns
952 541 1048 612 nus
1074 540 1371 614 rennuens.
1691 539 1763 614 aas

342 683 419 761 suis
435 698 572 788 aparte
588 681 780 772 anteriori,
798 682 963 789 precepit
978 680 1047 758 sibi
1059 679 1162 787 quod
1176 680 1405 758 oscularetur
1415 708 1502 757 eum
1515 679 1555 755 in
1567 679 1763 769 umbilico,

342 831 380 891 et
395 813 468 889 hoc
484 812 563 917 ipse
576 810 675 889 fecit.
691 815 941 920 Interrogatus
956 831 1084 891 utrum
1096 812 1147 901 vi,
1162 813 1219 888 vel
1234 829 1339 889 metu
1350 812 1506 888 carceris
1523 826 1588 888 aut
1599 827 1766 888 tormen-

341 961 484 1033 torum,
500 971 566 1020 seu
575 941 680 1032 alias,
705 944 742 1019 in
755 944 948 1048 premissis
961 943 1204 1020 immiscuerit
1220 960 1283 1019 aut
1303 942 1436 1018 dixerit
1450 940 1614 1048 aliquam
1631 942 1768 1018 salsita-

341 1091 435 1163 tem,
449 1090 512 1149 aut
522 1070 743 1150 subticuerit
752 1075 960 1162 veritatem,
974 1073 1066 1149 dixit
1080 1101 1148 1177 per
1156 1073 1413 1179 juramentum
1428 1101 1538 1151 suum
1551 1073 1656 1178 quod
1672 1101 1764 1158 non,

345 1222 382 1280 et
402 1203 504 1310 quod
521 1233 653 1308 puram
674 1204 867 1281 veritatem
889 1204 979 1281 dixit
1000 1218 1037 1279 et
1057 1231 1212 1279 meram.

369 1372 372 1377 ·
400 1334 489 1410 Acta
511 1351 597 1410 sunt
617 1333 687 1409 hec
705 1335 744 1409 in
764 1333 872 1412 dictis
897 1333 1073 1412 domibus
1085 1331 1250 1438 Templi,
1266 1331 1504 1438 presentibus
1524 1333 1572 1410 ad
1589 1336 1767 1439 premissa

345 1465 441 1541 dicta
469 1464 612 1540 decima
637 1492 737 1541 nona
768 1465 829 1542 die
859 1464 1069 1542 novembris
1094 1481 1187 1552 acta,
1215 1463 1398 1569 religiosis
1423 1479 1460 1539 et
1488 1462 1655 1541 honestis
1680 1465 1767 1541 viris

343 1593 455 1672 fratre
491 1593 661 1671 lobanne
696 1595 743 1670 de
772 1595 957 1672 Dinancio
995 1612 1032 1672 et
1063 1593 1215 1671 Alberto
1248 1594 1554 1671 Cathalaunensis
1589 1594 1763 1682 diocesis,

345 1742 382 1800 et
408 1742 613 1802 conventus
631 1723 785 1802 fratrum
806 1727 1086 1804 Predicatorum
1105 1725 1384 1814 Parisiensium,
1402 1723 1558 1801 testibus
1576 1725 1713 1803 vocatis
1731 1742 1768 1802 et

343 1856 489 1962 rogatis.

399 2117 491 2193 Item
513 2144 629 2206 anna,
652 2116 856 2207 indicione,
871 2115 1104 2224 pontificatu,
1130 2145 1228 2194 anno
1248 2135 1284 2194 et
1304 2117 1365 2193 die
1384 2130 1430 2193 xx
1451 2115 1663 2195 novembris
1682 2146 1768 2222 pre·

345 2246 474 2337 dictis,
495 2247 644 2322 indicti
668 2248 811 2324 domini
833 2248 1080 2353 inquisitoris,
1105 2265 1276 2325 nostrum
1289 2247 1433 2337 Amisii,
1450 2245 1634 2337 Gaufridi,
1653 2249 1767 2325 Eveni

262 2377 265 2386 ’
344 2393 382 2454 et
402 2375 528 2453 Jacobi
556 2378 787 2454 notariorum
813 2377 1071 2483 publicorum,
1100 2394 1137 2453 et
1160 2377 1311 2454 testium
1338 2377 1651 2483 subscriptorum,
1683 2408 1769 2484 per-

344 2505 520 2583 sonaliter
539 2507 779 2595 constitutus,
805 2507 953 2613 juratus
975 2525 1011 2583 et
1040 2507 1243 2612 requisitus
1265 2534 1334 2612 per
1348 2507 1605 2613 juramentum
1633 2508 1768 2584 eodem

343 2635 459 2713 modo
472 2635 585 2712 frater
597 2636 768 2713 Nicolaus
783 2638 831 2713 de
844 2637 987 2725 Trecis,
1008 2636 1116 2713 etatis
1130 2663 1262 2714 xxxvnt
1281 2664 1466 2713 annorum
1478 2635 1536 2713 vel
1548 2637 1655 2725 circa,
1678 2637 1769 2715 dixit

344 2794 412 2871 per
435 2769 690 2873 juramentum
711 2797 822 2844 sunm
850 2767 952 2874 quod
985 2765 1056 2843 luit
1083 2783 1255 2873 receptus
1284 2767 1323 2842 in
1356 2765 1469 2844 domo
1499 2768 1546 2844 de
1577 2767 1770 2845 Cbeuruto

346 2896 505 2974 diocesis
529 2899 754 2987 Meldensis,
782 2926 850 3002 per
873 2896 1024 2972 fratrem
1053 2895 1262 2975 Gerardum
1291 2896 1337 2972 de
1357 2895 1509 2985 Villers,
1535 2913 1624 2973 tunc
1645 2897 1770 3003 jacen-

344 3045 422 3104 tem
448 3047 486 3104 et
516 3029 732 3106 infirmitate
761 3027 956 3105 detentum
979 3028 1018 3103 in
1040 3026 1153 3118 lecto,
1175 3054 1208 3104 v1
1225 3028 1313 3103 anni
1333 3027 1392 3103 vel
1417 3027 1512 3103 circa
1533 3045 1617 3104 sunt
1635 3029 1767 3136 elapsi,

330 3160 582 3263 presentibus
613 3158 723 3235 fratre
748 3157 947 3263 Radulpho
973 3158 1020 3234 de
1044 3157 1209 3246 Gisiaco,
1242 3174 1279 3234 et
1301 3156 1413 3234 fratre
1437 3156 1639 3236 Guillelmo
1659 3158 1769 3235 fratre

345 3289 526 3365 serviente
554 3289 644 3366 dicti
671 3288 794 3366 fratris
817 3287 986 3366 Gerardi.
1020 3288 1123 3364 Dixit
1152 3288 1268 3363 eciam
1292 3315 1360 3392 per
1378 3289 1638 3394 juramentum
1660 3318 1769 3366 suum

344 3419 464 3525 quod,
486 3436 570 3525 post
584 3419 720 3496 multas
738 3420 1004 3524 promissiones
1020 3421 1067 3496 de
1088 3419 1234 3495 statutis
1255 3436 1292 3496 et
1310 3419 1461 3495 secretis
1481 3418 1623 3495 ordinis
1643 3421 1770 3499 obser-

345 3548 474 3625 vandis
494 3549 541 3625 ab
563 3578 607 3626 eo
627 3549 757 3637 lactas,
783 3567 820 3625 et
839 3549 1017 3626 mantello
1038 3548 1108 3624 sibi
1129 3549 1177 3624 ad
1198 3549 1336 3626 collum
1355 3549 1494 3656 posito,
1518 3550 1640 3628 dictus
1659 3550 1771 3628 frater

345 3681 505 3755 serviens
519 3678 607 3754 dicti
628 3678 749 3754 fratris
761 3679 936 3768 Gerardi,
954 3679 1046 3756 dixit
1064 3679 1136 3757 sibi
1157 3679 1261 3784 quod
1276 3679 1474 3784 oportebat
1493 3682 1597 3786 quod
1613 3681 1770 3790 abnega-

345 3825 403 3885 ret
420 3809 559 3898 Deum,
583 3825 620 3885 et
643 3808 716 3885 boc
740 3809 881 3886 diceret
915 3811 962 3886 de
988 3837 1066 3886 ore.
1090 3812 1136 3886 Et
1161 3810 1239 3915 ipse
1265 3811 1330 3916 qui
1357 3811 1528 3916 loquitur
1557 3812 1649 3896 dixit
1667 3814 1769 3917 quod

344 3934 446 4015 nullo
473 3938 587 4015 modo
615 3937 768 4029 laceret,
798 3956 923 4017 tamen
952 3938 1115 4015 finaliter
1146 3938 1338 4047 abnegavit
1358 3970 1442 4031 ore,
1473 3959 1510 4018 et
1534 3971 1609 4019 non
1641 3944 1767 4020 corde.
1839 4007 1840 4011 ,

345 4069 445 4149 Dixit
470 4070 587 4146 eciam
606 4070 711 4176 quod
735 4087 862 4176 postea
887 4071 1067 4175 aportavit
1088 4070 1160 4148 sibi
1185 4072 1385 4176 quamdam
1412 4100 1558 4148 crucem
1581 4073 1628 4148 de
1648 4076 1769 4150 cruci·

345 4199 513 4305 busque
537 4200 658 4277 solent
683 4228 762 4278 esse
791 4201 830 4276 in
853 4200 1034 4289 ecclesiis,
1063 4218 1099 4277 et
1122 4201 1289 4308 precepit
1317 4202 1387 4279 sibi
1411 4203 1515 4309 quod
1535 4220 1687 4308 spueret
1706 4234 1769 4282 su-

345 4359 410 4436 pra
426 4360 525 4423 eam3
547 4348 583 4407 et
603 4332 769 4437 hocipse
783 4331 904 4408 lacere
925 4332 1144 4438 aliquandiu
1161 4334 1360 4422 recusavit,
1387 4333 1515 4411 dicens
1535 4335 1639 4439 quod
1663 4336 1767 4413 nullo

345 4462 461 4538 modo
485 4478 655 4568 spueret,
682 4480 807 4541 tamen
829 4461 991 4541 finaliter
1016 4462 1120 4540 finxit
1145 4492 1183 4540 se
1212 4490 1347 4569 spuere
1368 4492 1477 4569 supra
1503 4492 1669 4553 crucem,
1702 4467 1768 4542 sed

346 4619 419 4668 non
440 4593 556 4698 spuit,
580 4593 694 4669 immo
715 4594 813 4700 spuit
828 4594 874 4670 ad
890 4610 1039 4671 terram.

401 4723 615 4827 Requisitus
626 4741 753 4800 utrum
770 4724 913 4830 aliquos
933 4723 1063 4802 fratres
1076 4726 1208 4803 viderit
1223 4726 1354 4831 recipi,
1370 4726 1461 4803 dixit
1472 4727 1576 4834 quod
1591 4730 1644 4805 sic
1658 4730 1765 4815 duos,

345 4869 385 4930 et
402 4872 487 4930 sunt
508 4855 646 4961 recepti
667 4881 735 4960 per
761 4856 869 4934 illum
890 4859 1046 4935 modum
1070 4886 1138 4964 per
1166 4857 1318 4936 fratrem
1346 4857 1584 4967 Radulpbum
1610 4861 1656 4938 de
1687 4859 1766 4937 Gisi
