4236 5948
642 632 646 641 ,
730 534 926 629 esoces
951 552 1046 628 nes
1073 552 1374 631 TEMPLIERS.
1689 567 1757 635 177

343 695 519 804 capitulia
546 696 641 772 clem
668 695 810 788 teneri,
831 695 949 774 nullis
974 696 1213 801 presentibus
1238 698 1310 778 nisi
1338 696 1514 776 fratribus
1539 699 1704 794 ordinis,
1722 705 1760 780 in

342 856 417 935 quo
443 842 631 904 servatum
665 825 795 904 fuisset
830 824 936 933 quod
962 851 1121 932 magnus
1145 826 1321 936 Magister
1352 856 1438 904 cum
1473 847 1660 907 conventu
1688 850 1761 910 sta-

340 957 490 1046 tuissem
510 973 639 1034 contra
665 983 779 1063 quem
805 954 963 1062 quidem
991 955 1165 1033 ordinem
1192 984 1294 1033 nunc
1318 957 1471 1065 grandia
1491 959 1680 1049 scandala,
1705 989 1762 1039 su·

340 1087 456 1194 spicio
474 1102 513 1164 et
540 1083 692 1162 infamia
716 1101 804 1162 sunt
832 1100 973 1175 exorta,
1000 1100 1038 1162 et
1059 1086 1179 1163 credit
1196 1086 1340 1164 dictum
1360 1088 1579 1194 Magistrum
1607 1108 1645 1167 et
1668 1091 1761 1171 alios

340 1217 453 1296 fuisse
481 1215 670 1294 confessos
698 1213 828 1292 illicita
854 1213 1059 1293 confessata
1084 1244 1152 1322 per
1171 1244 1276 1308 eum3
1295 1236 1332 1296 et
1354 1245 1432 1294 non
1447 1217 1634 1297 obtulerat
1653 1248 1692 1300 se
1714 1223 1760 1298 ad

342 1338 612 1426 deffensionem
628 1344 784 1423 ordinis.

396 1476 611 1584 Requisitus
645 1474 676 1551 si
703 1475 756 1553 sic
789 1473 1014 1580 deposuerat
1041 1503 1174 1582 prece,
1201 1494 1397 1583 precepto,
1425 1478 1582 1572 timore,
1611 1509 1757 1573 amore,

341 1605 449 1695 odio,
470 1602 529 1682 vel
556 1592 755 1711 temporali
783 1605 946 1683 comodo
970 1602 1100 1682 habito
1122 1603 1182 1682 vel
1208 1604 1408 1695 babendo,
1432 1606 1629 1715 respondit
1655 1611 1761 1716 quod

341 1765 436 1824 non,
456 1736 523 1814 sed
548 1763 618 1840 pro
639 1733 793 1811 veritate
821 1733 998 1824 dicenda;
1017 1733 1077 1811 cui
1101 1732 1173 1812 fuit
1197 1735 1409 1843 injunctum
1435 1739 1538 1844 quod
1559 1766 1637 1816 non
1661 1767 1760 1818 reve

340 1866 433 1943 taret
456 1866 553 1942 hanc
575 1892 682 1943 suam
703 1863 1006 1970 deposicionem,
1023 1892 1222 1972 quousque
1249 1865 1508 1945 attestaciones
1530 1867 1673 1947 fuerint
1695 1897 1761 1976 pu-

341 1994 495 2084 blicate3
516 2011 555 2071 et
577 1992 650 2071 suit
671 2009 917 2100 protestatus,
940 2020 1027 2069 cum
1053 1992 1279 2100 deponeret,
1306 1996 1411 2100 quod
1437 2025 1514 2075 non
1539 1997 1762 2077 intendebat

340 2124 517 2203 recedere
537 2153 557 2201 a
578 2122 818 2230 deposicione
844 2152 912 2230 per
931 2151 1019 2200 eum
1039 2123 1131 2201 sacta
1153 2150 1277 2203 coram
1306 2124 1407 2202 dicto
1438 2126 1593 2207 domino
1619 2126 1761 2206 archie-

340 2254 493 2363 piscopo
513 2253 737 2334 Turonensi.
920 2264 925 2273 '

396 2519 526 2595 Frater
554 2515 716 2595 Parisios
747 2515 794 2595 de
826 2514 936 2594 Ruris
962 2513 1144 2608 serviens,
1177 2517 1424 2627 lingonensis
1452 2516 1631 2606 diocesis,
1657 2522 1762 2599 testis

341 2677 452 2753 supra
480 2647 643 2755 juratus,
675 2646 1019 2755 quinquagenarius
1044 2645 1102 2722 vel
1141 2646 1252 2739 circa,
1280 2648 1366 2754 qui,
1391 2647 1439 2724 ad
1468 2649 1760 2756 requisicionem

341 2778 455 2856 unius
473 2777 667 2856 servientis
692 2775 858 2855 custodis
884 2775 961 2865 sui,
990 2775 1214 2852 mantellum
1245 2776 1438 2856 dimiserat
1465 2796 1503 2855 et
1526 2780 1607 2857 radi
1625 2762 1762 2857 feceret

341 2908 411 2987 sibi
430 2907 604 2999 barbam,
630 2935 716 2984 cum
735 2933 812 3015 quo
841 2905 1064 3014 inquisitum
1099 2903 1236 2994 fuerat,
1261 2906 1458 2985 absolutus
1487 2925 1525 2985 et
1548 2910 1764 2987 reconcilia·

342 3056 401 3118 tus
419 3068 489 3147 per
503 3037 703 3117 dominum
718 3039 935 3146 episcopum
948 3036 1274 3131 Aurelianensem,
1297 3038 1458 3118 Senonis
1478 3040 1567 3118 sede
1588 3057 1760 3131 vacante,

341 3170 447 3249 lectis
478 3186 517 3248 et
553 3167 754 3278 diligenter
790 3167 966 3276 expositis
1000 3165 1072 3245 sibi
1107 3168 1284 3247 omnibus
1315 3186 1353 3247 et
1387 3168 1544 3278 singulis
1576 3169 1759 3261 articulis,

341 3299 536 3406 respondit
555 3300 661 3407 quod
692 3298 844 3377 nullum
871 3297 987 3375 alium
1014 3296 1159 3375 viderat
1182 3299 1297 3405 recipi
1328 3298 1367 3375 in
1398 3299 1552 3388 ordine,
1579 3317 1616 3376 et
1642 3299 1763 3378 fuerat

342 3431 380 3507 in
400 3457 477 3507 una
504 3430 619 3507 domo
644 3429 790 3507 ordinis
818 3427 980 3507 solitaria
1006 3427 1135 3537 viginti
1163 3429 1286 3507 tribus
1313 3430 1421 3506 annis
1444 3429 1634 3509 continuis
1658 3459 1763 3509 com·

342 3576 531 3647 moratus,
564 3559 667 3636 unde
701 3558 906 3649 nesciebat,
940 3586 1010 3634 nec
1044 3557 1237 3647 credebat,
1271 3587 1342 3636 nec
1376 3559 1567 3636 audiverat
1599 3559 1672 3636 dici
1716 3561 1762 3639 de

342 3689 528 3767 contentis
549 3690 589 3766 in
607 3689 661 3766 cis
686 3690 758 3767 nisi
773 3688 879 3795 quod
894 3688 1088 3794 sequitur:
1109 3687 1213 3766 Dixit
1235 3688 1337 3765 enim
1363 3717 1402 3766 se
1419 3687 1534 3766 fuisse
1549 3706 1760 3795 receptum,

342 3819 381 3895 in
405 3818 500 3897 festo
523 3819 803 3897 Purificacionis
821 3816 931 3894 beate
953 3817 1069 3894 Marie
1088 3816 1258 3922 proximo
1278 3817 1458 3924 preterito
1479 3803 1635 3895 fuerunt
1655 3820 1762 3897 circi-

341 3967 398 4028 ter
418 3975 502 4028 xxvr
522 3950 631 4038 anni,
654 3949 693 4025 in
710 3947 851 4055 capella
873 3936 1009 4024 domus
1023 3946 1173 4053 Templi
1195 3946 1242 4024 de
1265 3949 1294 4024 F
1296 3947 1488 4024 averniaco
1518 3947 1764 4056 Lingonensis

343 4078 521 4168 diocesis,
545 4107 613 4185 per
630 4077 784 4157 fratrem
799 4076 1026 4157 Gaufridum
1047 4074 1094 4151 de
1110 4076 1298 4186 Lugduno
1314 4075 1585 4182 presbiterum,
1610 4105 1764 4182 presen-

342 4208 443 4287 tibus
471 4207 648 4309 iratribus
665 4208 823 4287 Diderio
851 4207 898 4285 de
918 4206 1045 4298 Buris,
1072 4204 1199 4285 Guido
1225 4206 1364 4288 Cbiflet
1386 4205 1433 4283 de
1454 4204 1624 4296 Volenis,
1652 4206 1763 4285 Petro

342 4338 534 4430 bocharii,
559 4356 598 4416 et
615 4338 817 4418 Dominico
845 4338 953 4446 cujus
984 4362 1193 4443 cognomen
1219 4336 1384 4448 ignorat,
1411 4334 1659 4412 servientibus
1683 4335 1764 4412 def-

343 4465 496 4559 iunctis,
521 4470 561 4545 in
582 4470 685 4547 hunc
711 4468 896 4547 modurn:
919 4494 1007 4544 nam
1029 4495 1117 4543 cum
1145 4467 1398 4575 requisivisset
1415 4493 1551 4572 panem
1575 4482 1613 4542 et
1629 4493 1763 4572 aquam

343 4597 505 4689 ordinis,
532 4616 571 4676 et
600 4597 877 4677 deliberacione
903 4596 1030 4675 habita
1056 4596 1220 4674 finaliter
1249 4599 1283 4675 ei
1317 4595 1480 4674 concessi
1501 4593 1677 4685 fuissent,
1704 4597 1763 4675 di-

344 4745 425 4805 ctus
450 4746 624 4835 receptor
643 4728 732 4806 iecit
759 4756 848 4805 eum
873 4754 1005 4806 vovere
1029 4742 1067 4801 et
1083 4725 1210 4833 jurare
1234 4726 1460 4811 castitatem,
1481 4724 1762 4818 obedienciam,

345 4875 381 4935 et
410 4859 517 4965 quod
544 4887 620 4936 non
643 4861 825 4937 retineret
844 4857 1040 4966 proprium
1073 4856 1172 4936 ultra
1195 4872 1359 4965 quatuor
1385 4843 1575 4945 denarios,
1609 4883 1679 4935 nec
1698 4884 1764 4935 au-

429 4998 537 5058 enocss
559 5016 611 5061 nrs
631 5017 802 5060 rennuens.
815 5031 857 5046 -
870 5019 903 5060 rr.
1418 4994 1425 5005 '
1575 4993 1615 5054 as
