4236 5948
730 531 929 624 raocts
955 550 1052 622 nus
1079 548 1383 621 ruurtums.
1698 547 1767 620 tm

398 694 456 771 Ad
471 693 584 771 lxxuu
606 692 802 770 articxdum
818 692 1016 801 diligenter
1036 692 1299 799 interrogatus,
1320 689 1548 797 respondens
1568 689 1660 766 dixit
1679 691 1773 768 sicut

342 827 379 901 in
400 853 500 902 xxuu
521 822 675 902 articulo
695 853 804 932 supra
826 823 934 913 dixit,
956 822 1120 900 adiciens
1141 822 1243 930 quod
1263 822 1429 929 quandiu
1448 821 1578 900 lratres
1600 823 1687 899 dicti
1714 852 1775 900 or-

342 956 438 1032 dinis
458 955 596 1033 habere
616 974 770 1062 possunt
790 955 999 1033 facultatem
1016 955 1177 1032 adeundi
1199 954 1349 1032 fratrem
1365 953 1593 1062 capellanum
1606 954 1774 1063 ejusdem

341 1086 483 1166 ordinis
501 1087 647 1194 sibique
669 1087 870 1165 confitendi
899 1117 964 1165 sua
984 1106 1150 1195 peccata,
1170 1089 1273 1196 juxta
1295 1104 1426 1165 statuta
1452 1087 1539 1163 dicti
1567 1088 1708 1164 ordinis
1728 1087 1776 1165 ad

342 1221 528 1296 neminem
546 1219 658 1297 alium
676 1238 775 1297 extra
791 1220 932 1297 dictum
949 1220 1119 1297 ordinem
1137 1221 1190 1296 ire
1203 1218 1357 1309 debent,
1373 1219 1442 1296 nisi
1458 1220 1494 1295 in
1511 1218 1673 1297 dellectu
1687 1220 1774 1296 dicti

342 1352 461 1429 liatris
482 1351 659 1458 capellani
687 1352 854 1431 confiteri
881 1352 993 1439 velint
1017 1353 1232 1430 auctoritate
1259 1352 1410 1459 propria
1438 1351 1613 1457 religioso
1637 1353 1775 1458 presbi-

341 1502 420 1560 tero
444 1502 507 1560 aut
526 1484 587 1560 alii
609 1485 815 1590 presbitero
834 1484 1002 1562 seculari.

398 1614 456 1692 Ad
475 1614 574 1703 lxxv,
597 1615 690 1693 lxxvi
708 1633 744 1691 et
763 1615 872 1694 lxxvu
897 1614 1070 1693 articulos
1095 1614 1287 1703 inclusive,
1312 1613 1508 1721 diligenter
1528 1632 1565 1691 et
1589 1613 1775 1722 sigillatim

343 1747 601 1853 interrogatus,
624 1747 852 1854 respondens
876 1747 1023 1854 negavit
1048 1747 1147 1854 ipsos
1167 1745 1341 1823 articulos
1364 1765 1401 1823 et
1426 1747 1550 1824 omnia
1577 1764 1613 1822 et
1634 1746 1776 1854 singula

342 1896 510 1956 contenta
528 1879 566 1955 in
588 1879 655 1969 eis,
683 1879 847 1956 adiciens
865 1879 969 1986 quod
996 1879 1083 1956 dicti
1107 1904 1251 1956 errores
1274 1878 1475 1984 dequibus
1499 1879 1537 1954 in
1559 1878 1665 1954 dictis
1691 1879 1777 1955 arti-

342 2010 433 2089 culis
451 2011 493 2087 fit
512 2011 652 2089 mentio
671 2039 748 2088 non
761 2011 911 2089 fuerunt
926 2012 964 2088 in
984 2012 1065 2118 ipso
1085 2011 1151 2116 qui
1167 2010 1334 2116 loquitur
1346 2039 1416 2087 nec
1429 2011 1466 2085 in
1482 2008 1607 2117 aliquo
1622 2011 1775 2086 lratrum

342 2142 482 2219 ordinis
502 2142 703 2250 supradicti
719 2172 832 2251 quem
849 2142 927 2249 ipse
941 2160 1073 2220 notum
1088 2141 1279 2232 habuerit;
1302 2159 1339 2218 et
1353 2141 1456 2217 idem
1472 2141 1589 2217 credit
1603 2141 1706 2248 quod
1730 2142 1775 2218 de

341 2304 379 2349 se
401 2275 482 2379 ipso
508 2274 599 2349 dixit
629 2273 675 2350 de
705 2274 859 2382 singulis
889 2274 1063 2352 fratribus
1093 2272 1236 2351 ordinis
1260 2271 1478 2379 supradicti,
1502 2272 1776 2379 propterquod

341 2433 417 2481 non
431 2401 502 2481 luit
516 2403 739 2510 negligentia
754 2433 823 2481 nec
840 2404 911 2481 suit
929 2434 1080 2482 necesse
1096 2405 1197 2512 ipsos
1213 2432 1356 2481 errores
1373 2404 1505 2509 corrigi
1527 2433 1595 2479 nec
1610 2405 1776 2481 nunciari

342 2537 521 2625 Ecclesia,
540 2565 623 2612 cum
640 2564 714 2613 non
731 2555 862 2615 essent.

399 2669 456 2744 Ad
466 2668 589 2746 lxxvut
601 2685 638 2744 et
652 2667 750 2746 lxxtx
763 2667 936 2746 articulos
952 2668 1139 2757 inclusive,
1158 2667 1355 2775 diligenter
1367 2685 1403 2744 et
1417 2666 1604 2773 sigillatim
1622 2668 1777 2743 interro-

341 2818 460 2906 gatus,
483 2800 712 2905 respondens
732 2801 877 2908 negavit
891 2801 990 2907 ipsos
1010 2800 1184 2877 articulos
1200 2818 1239 2877 et
1252 2801 1376 2879 omnia
1393 2817 1429 2876 et
1449 2799 1590 2906 singula
1606 2817 1776 2876 contenta

343 2934 380 3008 in
402 2934 470 3019 eis,
492 2933 632 3009 addens
653 2932 756 3039 quod
772 2933 869 3009 inter
884 2932 953 3008 alia
974 2949 1107 3008 statuta
1121 2933 1179 3008 sui
1192 2933 1334 3010 ordinis
1344 2961 1418 3038 que
1422 2931 1549 3038 jurant
1563 2933 1634 3038 ipsi
1648 2932 1777 3007 fratres
1903 2935 1907 2946 '

343 3095 484 3141 servare
505 3082 704 3153 altenare,
726 3083 781 3141 est
798 3064 903 3171 quod
917 3092 992 3142 non
1013 3063 1174 3141 debeant
1194 3063 1336 3170 aliquid
1354 3062 1488 3171 injuste
1508 3065 1706 3171 adquirere
1720 3063 1777 3139 vel

343 3199 403 3275 alii
420 3198 636 3275 subtrahere
658 3227 811 3305 quoquo
827 3199 963 3288 modo;
986 3215 1022 3274 et
1041 3198 1105 3304 qui
1122 3216 1248 3275 contra
1262 3197 1401 3274 faceret
1412 3198 1608 3304 quisquam
1625 3196 1671 3273 de
1688 3197 1776 3303 ipsis

342 3330 533 3418 fratribus
551 3332 655 3438 juxta
669 3331 792 3408 statuti
810 3330 968 3437 predicti
985 3328 1121 3407 seriem
1136 3331 1295 3437 graviter
1312 3331 1519 3436 puniretur.

398 3461 457 3538 Ad
476 3462 557 3539 lxxx
575 3480 612 3539 et
630 3462 726 3540 lxxx1
746 3462 920 3540 articulos
934 3461 1122 3552 inclusive,
1142 3460 1339 3568 diligenter
1359 3480 1395 3539 et
1415 3461 1599 3569 sigillatim
1620 3463 1778 3539 interro·

341 3612 462 3699 gatus,
481 3594 712 3699 respondens
730 3595 875 3700 negavit
895 3594 995 3700 ipsos
1011 3593 1184 3670 articulos
1201 3611 1237 3669 et
1252 3595 1376 3669 omnia
1393 3611 1430 3670 et
1444 3593 1586 3699 singula
1607 3611 1778 3670 contenta

344 3728 380 3800 in
398 3726 450 3801 eis
466 3754 544 3801 esse
566 3753 659 3801 vera.

399 3856 456 3932 Ad
477 3856 586 3934 lxxxu
607 3856 804 3934 articulum
824 3858 1021 3965 diligenter
1039 3859 1300 3964 interrogatus,
1319 3858 1550 3966 respondens
1568 3858 1660 3934 dixit
1674 3858 1778 3963 quod

343 3990 371 4063 si
390 3986 503 4093 aliqui
525 3987 654 4065 fratres
677 3970 766 4065 dicti
788 3990 930 4067 ordinis
958 3990 995 4064 in
1019 4018 1152 4098 magna
1175 3988 1412 4066 multitudine
1433 3989 1489 4065 vel
1510 3989 1548 4064 in
1567 4016 1678 4093 parva
1695 4018 1778 4065 con·

343 4121 426 4195 lessi
448 4138 534 4196 sunt
559 4149 703 4198 errores
727 4121 775 4198 de
802 4122 940 4228 quibus
965 4123 1002 4197 in
1027 4120 1192 4198 articulis
1212 4122 1347 4229 agitur,
1364 4119 1521 4199 confessi
1542 4136 1644 4207 sunt,
1666 4139 1775 4223 prout

343 4251 478 4340 credit,
501 4270 627 4330 contra
641 4282 773 4359 puram
790 4255 998 4342 veritatem,
1017 4271 1054 4330 et
1076 4252 1220 4330 mentiti
1237 4271 1322 4330 sunt
1339 4254 1378 4328 iu
1398 4272 1507 4360 caput
1531 4280 1639 4329 suum
1659 4269 1696 4327 et
1710 4280 1777 4357 per

341 4382 444 4488 gulas
465 4412 596 4460 eorum
611 4383 730 4463 salsas.

399 4514 458 4589 Ad
468 4514 609 4603 lxxxux,
624 4516 760 4594 lxxxuu
777 4535 814 4594 et
828 4517 935 4596 lxxxv
946 4516 1121 4597 articulos
1129 4517 1319 4606 inclusive,
1334 4516 1530 4623 diligenter
1539 4534 1576 4593 et
1588 4515 1776 4621 sigillatim

344 4648 602 4752 interrogatus,
631 4648 860 4755 respondens
878 4648 971 4725 dixit
989 4648 1093 4755 quod
1113 4648 1242 4725 fratres
1265 4649 1331 4754 qui
1352 4647 1509 4725 confessi
1530 4665 1615 4724 sunt
1634 4675 1777 4724 errores

343 4806 465 4853 coram
487 4775 640 4853 domino
656 4796 782 4855 nostro
797 4807 891 4884 papa
907 4795 943 4857 et
958 4778 1120 4856 dominis
1138 4777 1385 4856 cardinalibus
1406 4779 1446 4856 in
1466 4778 1684 4855 consistorio
1706 4806 1776 4884 pu-

341 4908 440 4988 blico
450 4911 582 5017 jurati,
605 4911 651 4987 de
673 4911 810 5018 quibus
830 4910 983 5019 quidem
1006 4911 1195 4992 erroribus
1210 4911 1248 4987 in
1267 4911 1431 4991 articulis
1444 4910 1585 4989 mentio
1601 4909 1775 4998 habetur,
