4236 5948
358 518 428 598 nt
740 498 935 599 Paucis
962 512 1057 591 ons
1084 510 1386 599 sauctitas,

354 664 459 770 quod
479 663 556 739 sic:
578 659 730 739 fratrem
759 659 954 742 Matheum
975 657 1122 742 Gauant
1149 651 1311 741 militem
1336 661 1547 768 quondam,
1576 664 1778 743 Turonen-

355 823 453 882 sem.
480 793 520 870 in
548 791 644 871 dicta
669 789 809 896 capella
832 789 1010 879 d’Aumu,
1043 805 1131 871 sunt
1157 788 1305 868 circiter
1331 789 1462 868 decem
1489 807 1527 867 et
1552 809 1637 873 octo
1667 795 1777 888 anui,

354 953 422 1031 per
444 922 662 1029 magistrum
691 919 848 1003 Pictavie
869 919 1081 1027 quondam,
1108 935 1145 999 et
1169 920 1291 999 credit
1313 922 1418 1027 quod
1439 937 1536 999 esset
1555 921 1669 1001 irater
1687 923 1779 1003 Am·

354 1055 525 1142 Mardus,
541 1051 794 1159 presentibus,
816 1069 857 1133 ut
876 1051 946 1132 sibi
968 1050 1128 1139 videtur,
1145 1051 1323 1131 fratribus
1340 1051 1547 1173 Guillelmo
1568 1054 1645 1134 deu
1664 1056 1779 1166 Liege

356 1202 573 1293 preceptore
607 1183 786 1288 Rupelle.
821 1200 917 1261 teste
950 1210 1062 1288 supra
1087 1184 1317 1274 examinato,
1352 1202 1390 1262 et
1417 1183 1592 1290 pluribus
1621 1185 1703 1265 aliis
1731 1187 1780 1266 de

356 1316 494 1423 quibus
509 1342 586 1397 nou
601 1315 834 1393 recordatur.
854 1313 957 1391 Alios
975 1341 1052 1394 non
1065 1312 1201 1391 recolit
1215 1343 1260 1393 se
1280 1314 1415 1392 vidisse
1433 1314 1563 1422 recipi.
1581 1344 1653 1394 uec
1669 1318 1793 1409 vidit.

357 1475 425 1523 nec
453 1444 595 1525 audivit
621 1443 715 1535 dici,
745 1471 816 1522 nec
847 1443 951 1522 scivit
977 1441 1083 1550 quod
1101 1442 1146 1521 iu
1176 1445 1395 1550 recepcione
1432 1444 1521 1524 dicti
1548 1443 1673 1524 fratris
1700 1474 1782 1525 mo·

358 1576 467 1657 urchi
491 1574 549 1653 vel
569 1591 654 1681 post
674 1574 916 1656 intervenerit
939 1572 1086 1680 aliquid
1111 1573 1297 1656 illicitum.
1315 1577 1428 1665 Item,
1454 1575 1547 1654 dixit
1564 1604 1606 1654 se
1624 1578 1781 1655 credere

357 1707 461 1814 quod
496 1705 630 1785 fratres
664 1704 811 1783 ordinis
839 1703 1038 1784 crederent
1073 1704 1333 1785 ecclesiasticis
1360 1706 1615 1798 sacramentis,
1640 1706 1783 1814 quibus

358 1839 436 1943 ipse
466 1835 659 1926 credebat,
675 1851 719 1912 et
745 1834 851 1941 quod
880 1862 1015 1918 eorum
1040 1834 1253 1914 sacerdotes
1279 1835 1409 1914 debite
1437 1835 1683 1919 celebrarent.
1704 1836 1784 1914 Sta-

358 1969 426 2045 tim
449 1994 519 2071 pro
542 1963 718 2071 professis
747 1963 1001 2045 habebantur.
1032 1965 1212 2043 Jurabant
1229 1966 1407 2045 ordinem
1439 1995 1515 2045 non
1539 1968 1651 2045 exire.
1672 1967 1784 2046 Clam

361 2096 505 2173 destina
528 2093 815 2200 recipiebantur,
835 2094 952 2177 nutis
965 2094 1209 2206 presentibus
1233 2095 1306 2174 nisi
1326 2095 1502 2174 iratribus
1515 2096 1669 2175 ordinis.
1687 2097 1784 2176 Cor·

361 2225 463 2305 dulis
494 2226 596 2304 unde
628 2225 804 2304 volebant
834 2228 1034 2332 assumptis
1060 2253 1102 2304 se
1133 2225 1335 2333 cingebant
1359 2256 1473 2333 super
1499 2227 1667 2305 camisias
1690 2256 1783 2306 cum

361 2357 500 2463 quibus
526 2355 711 2463 jacebant.
743 2355 923 2435 iurabant
955 2383 1032 2434 non
1059 2355 1226 2441 revelans
1254 2373 1397 2435 secreta
1428 2357 1702 2463 capitulorum,
1730 2359 1784 2437 de

363 2489 477 2565 medo
510 2485 737 2591 recepcionis
776 2484 926 2593 speciali
952 2514 1030 2565 non
1062 2484 1188 2565 babitu
1211 2487 1424 2567 mancione.
1451 2487 1530 2581 Qui
1559 2487 1786 2566 revelassent

361 2618 484 2722 puniti
502 2616 678 2708 luissent,
702 2617 774 2694 sed
799 2616 917 2696 nescit
931 2615 1112 2724 qualiter.
1142 2617 1336 2712 Quamdiu
1358 2635 1536 2725 poteraut
1560 2618 1699 2697 babere
1730 2648 1786 2697 sa·

362 2748 531 2827 cerdotes
559 2746 720 2839 ordinis,
749 2776 827 2824 nou
854 2763 1026 2853 poterant
1045 2745 1127 2824 aliis
1152 2747 1342 2825 confiteri.
1363 2749 1405 2826 si
1433 2749 1499 2854 qui
1526 2767 1632 2827 erant
1649 2746 1785 2827 fratres

361 2879 518 2956 scientes
539 2904 687 2955 errores
703 2873 858 2953 fuerunt
875 2874 1127 2983 negligentes,
1147 2877 1236 2984 quia
1260 2905 1338 2955 non
1360 2893 1604 2955 correxerunt
1626 2905 1692 2955 eos
1714 2906 1784 2956 nec

363 3008 684 3087 denunciaverunt
707 3005 883 3088 Ecclesia.
916 3005 1150 3084 Elemosines
1182 3023 1220 3084 et
1250 3006 1542 3113 hospitalitatem
1573 3007 1668 3085 vidit
1692 3036 1785 3086 cou-

363 3141 555 3220 venienter
570 3137 653 3215 lieri
673 3152 711 3213 et
724 3135 860 3213 servari
880 3135 919 3213 in
936 3133 1113 3214 domibus
1133 3135 1276 3215 ordinis
1303 3137 1503 3243 inquibus
1523 3138 1661 3216 exstitit
1679 3165 1785 3216 com·

363 3284 547 3358 moratus‚
573 3283 611 3344 et
629 3264 806 3373 capitulis
827 3264 922 3344 clam
948 3267 1088 3357 teneri,
1117 3266 1233 3344 nullis
1251 3268 1491 3373 presentibus
1508 3268 1580 3345 nisi
1604 3265 1786 3346 fratribus

364 3397 524 3489 ordinis,
548 3396 755 3501 aliquando
782 3412 867 3474 ante
896 3396 1009 3475 diem.
1035 3395 1221 3475 Ordiuata
1246 3425 1315 3504 per
1341 3397 1559 3506 Magistrum
1589 3425 1677 3474 cunr
1700 3423 1787 3477 con·

365 3545 477 3604 ventu
506 3541 684 3607 servasset
711 3542 813 3607 totas
846 3525 958 3611 ordo,
985 3542 1119 3604 contra
1145 3556 1259 3634 quem
1289 3556 1390 3604 nunc
1415 3526 1572 3635 grandia
1591 3525 1783 3615 semble,

365 3657 526 3761 suspicio
551 3673 590 3735 et
609 3654 762 3737 infamia
784 3672 874 3734 sunt
896 3671 1042 3743 exorta,
1070 3674 1107 3735 et
1130 3657 1253 3739 credit
1272 3658 1377 3764 quod
1400 3657 1518 3763 aliqui
1541 3684 1586 3761 er
1605 3654 1787 3733 fratribus

366 3786 509 3870 ordinis
539 3788 677 3866 scirent
701 3803 843 3867 secreta
872 3785 1002 3871 illicita
1027 3786 1230 3866 consemata
1258 3816 1327 3894 per
1345 3815 1453 3879 eum,
1481 3803 1519 3864 et
1542 3785 1657 3893 aliqui
1688 3813 1785 3874 nom

367 3932 403 3991 et
420 3916 514 3993 uidit
529 3916 711 4022 quasdam
730 3914 877 3999 liuteras
906 3915 1141 4021 apostolicas,
1160 3918 1202 3995 in
1227 3918 1367 4024 quibus
1396 3916 1612 3994 continetur
1639 3913 1787 3992 dictum

366 4046 582 4154 Magistrum
605 4063 642 4124 et
661 4046 754 4125 alios
774 4044 898 4152 aliqua
916 4062 1044 4127 contra
1062 4047 1238 4126 ordinem
1254 4047 1370 4127 tuisse
1387 4046 1596 4134 omlessom
1617 4042 1665 4122 ad
1678 4043 1787 4152 cujus

366 4173 637 4258 deffensionem
656 4203 696 4256 se
715 4203 792 4259 non
807 4174 1006 4258 obtulerat.

422 4305 636 4411 Requisitus
665 4305 695 4383 si
725 4305 777 4382 sic
806 4304 1031 4411 deposuerat
1064 4333 1195 4412 prece,
1223 4326 1422 4414 precepto,
1454 4306 1609 4393 umore,
1635 4331 1785 4397 amora,

367 4434 473 4523 odio,
490 4435 549 4513 vel
576 4435 774 4542 temporali
804 4437 966 4517 comodo
992 4435 1126 4518 babitu
1142 4436 1204 4515 rel
1232 4438 1427 4524 habendo,
1452 4434 1650 4544 respondit
1682 4433 1790 4541 quod

367 4592 461 4652 non,
483 4565 550 4645 sed
569 4593 637 4672 pro
659 4565 810 4647 ueritate
832 4565 1007 4659 dicenda;
1034 4566 1094 4647 cui
1116 4566 1189 4645 fuit
1212 4568 1426 4676 injunctum
1452 4567 1557 4674 quod
1583 4593 1663 4646 non
1683 4591 1788 4642 reue·

367 4693 461 4769 leret
481 4695 577 4778 hanc
604 4723 709 4780 suam
741 4695 1022 4802 (inposicionem
1040 4724 1238 4805 quousque
1263 4698 1522 4777 attestaciones
1548 4696 1690 4774 luerim
1713 4722 1788 4801 pu,

368 4823 514 4901 blicate.
