4236 5948
732 569 927 668 rnocns
954 590 1049 661 nus
1079 591 1380 666 rnurcruns.
1696 600 1768 671 sos

346 756 476 831 eorum
497 729 667 834 capitulis
681 728 835 807 luerunt
850 757 999 836 semper
1016 731 1224 809 secundum
1240 734 1310 810 Dei
1327 733 1621 839 beneplacitum,
1639 755 1677 813 et
1691 766 1769 816 non

344 860 383 934 in
397 852 657 966 ''derogacione
684 860 742 937 vel
773 860 1029 938 diminucione
1060 889 1127 938 seu
1152 862 1525 1099 immutaobnafidei
1547 865 1767 945 orthodoxe.

344 988 446 1065 Dixit
473 990 589 1066 eciam
616 991 748 1067 fratres
773 991 861 1067 dicti
889 989 1034 1067 ordinis
1059 1019 1098 1068 se
1128 991 1281 1105 credere
1304 990 1360 1069 n⁴
1430 994 1521 1070 ''sse
1541 1022 1610 1071 nec
1630 1024 1710 1074 esse
1731 1000 1769 1072 in

344 1119 572 1228 negligencia
604 1120 813 1229 corrigendi
840 1121 896 1198 vel
923 1122 1151 1227 corripiendi
1179 1108 1325 1201 eirores
1350 1118 1401 1199 dl}
1422 1124 1560 1228 quibus
1584 1126 1707 1232 agitur
1731 1129 1770 1205 in
1825 1168 1831 1178 ·

343 1250 577 1351 preambulis·
591 1252 772 1342 articulis,
789 1280 859 1329 nec
873 1279 1022 1329 necesse
1039 1251 1155 1330 fuisse
1170 1253 1288 1331 dictos
1307 1278 1451 1330 errores
1466 1256 1633 1331 nunciari
1647 1258 1770 1334 Eccle-

344 1382 397 1454 sie
417 1381 504 1469 Dei,
527 1409 572 1458 eo
592 1384 791 1487 quodnon
805 1399 912 1488 putat
932 1411 1001 1459 nec
1021 1383 1142 1459 credit
1161 1384 1308 1489 aliquos
1330 1383 1460 1460 fratres
1479 1383 1609 1462 dictos·
1624 1413 1770 1464 errores

345 1537 414 1586 nec
437 1512 547 1617 ydola
574 1541 642 1588 nec
661 1513 780 1618 capita
801 1541 967 1618 unquam
991 1513 1136 1590 scivisse
1157 1514 1216 1589 vel
1232 1513 1383 1602 vidisse,
1416 1542 1486 1590 nec
1510 1516 1650 1592 essein
1669 1517 1769 1594 dicto

344 1641 474 1718 ordine
496 1671 564 1719 nec
590 1644 630 1718 in
654 1643 777 1748 aliqua
797 1660 900 1748 parte
928 1644 1009 1750 ejus
1034 1644 1193 1750 ydolum
1213 1643 1271 1720 vel
1291 1644 1401 1749 ydola
1426 1645 1620 1734 custodiri,
1642 1648 1769 1723 necin

344 1775 583 1851 veneracione
604 1773 682 1850 ulla
705 1775 851 1862 haberi,
880 1802 948 1879 pro
979 1803 1024 1851 eo
1049 1776 1137 1880 quia
1165 1803 1350 1881 nusquam
1377 1775 1425 1851 de
1452 1773 1560 1851 dictis
1580 1777 1769 1853 erroribus

344 1904 401 1979 vel
416 1903 537 2009 ydolis
553 1906 592 1981 in
607 1906 688 2010 ipso
704 1906 837 1982 ordine
852 1906 994 1981 mentio
1014 1904 1110 1982 facta
1127 1904 1214 1990 luit,
1229 1923 1349 2010 -prout
1368 1906 1447 2010 ipse
1468 1905 1601 1994 credit,
1624 1924 1662 1983 et
1682 1907 1768 1985 ideo

344 2061 414 2108 nec
434 2035 568 2140 corrigi
588 2064 658 2111 neo
674 2035 841 2111 nuncisri
862 2036 1026 2112 Ecclesie
1044 2053 1256 2140 potuerunt
1271 2065 1348 2141 que
1370 2064 1563 2140 nunquam
1586 2038 1769 2142 originem

345 2163 401 2238 vel
420 2163 574 2240 inicium
594 2165 632 2241 in
653 2166 734 2269 ipso
755 2165 887 2242 ordine
908 2165 1135 2257 babuerunt,
1151 2183 1193 2242 ut
1208 2166 1338 2242 credit.
1383 2196 1384 2200 ¹

400 2294 457 2370 Ad
477 2295 772 2383 lxxx111‚--lxxxrn1
786 2295 939 2374 cclxxxv
954 2296 1128 2373 articulos
1144 2295 1322 2372 inclusive
1331 2294 1560 2402 :diligenter
1575 2313 1613 2372 et
1631 2297 1770 2403 sigilla-

343 2425 413 2500 tim
433 2425 696 2532 interrogatus,
719 2427 950 2530 respondens
963 2427 1054 2503 dixit
1073 2425 1176 2533 quod
1197 2425 1328 2503 fratres
1348 2427 1414 2530 qui
1428 2426 1587 2504 confessi
1607 2444 1696 2504 sunt
1707 2428 1770 2504 illa

345 2583 418 2658 que
431 2556 471 2629 in
485 2556 652 2632 articulis
667 2556 917 2644 continentur,
932 2554 1090 2633 confessi
1104 2571 1191 2633 sunt
1199 2553 1289 2630 falsa
1306 2571 1344 2630 et
1357 2556 1503 2631 mentiti
1517 2572 1618 2643 sunt,
1634 2574 1677 2632 ut
1691 2586 1771 2633 cre·

345 2683 417 2770 dit,
434 2713 502 2789 per
516 2684 621 2791 gulas
641 2714 740 2774 suas,
762 2685 857 2762 salva
871 2685 1086 2761 excellentia
1108 2701 1145 2761 et
1161 2686 1351 2761 sanctitate
1370 2684 1515 2761 domini
1537 2686 1654 2761 nostri
1676 2714 1768 2789 pape

344 2831 382 2889 et
396 2816 478 2919 ejus
496 2815 708 2891 beatissime
729 2814 838 2894 Sedis
857 2844 900 2891 ac
918 2815 1122 2891 reverentia
1142 2813 1298 2891 lratrum
1320 2814 1412 2919 ejus.

401 2943 459 3019 Ad
468 2944 587 3023 lxxxvi
601 2943 800 3021 articulum
823 2943 1020 3051 diligenter
1036 2945 1299 3050 interrogatus,
1316 2943 1547 3047 respondens
1559 2943 1651 3019 dixit
1664 2945 1767 3048 quod

345 3073 457 3149 lrater
476 3074 521 3152 G.
541 3076 588 3150 de
609 3074 761 3153 Abelars
785 3092 877 3151 tunc
899 3091 1096 3180 preceptor
1121 3075 1218 3149 dicte
1245 3072 1381 3150 domus
1400 3073 1518 3149 Mansi
1539 3072 1609 3150 Dei
1629 3074 1770 3179 recepit

346 3203 467 3306 ipsum
478 3203 629 3280 fratrem
646 3205 711 3308 qui
727 3203 897 3310 loquitur
912 3204 950 3279 in
963 3203 1115 3280 fratrem
1126 3202 1214 3279 dicti
1224 3202 1389 3313 ordinis,
1409 3202 1449 3278 in
1462 3201 1588 3278 medio
1599 3203 1770 3278 instantis

345 3335 484 3409 mensis
495 3334 622 3430 marcii
644 3351 753 3411 erunt
772 3360 808 3410 x1
828 3335 913 3410 anni
927 3333 1120 3439 .elapsi‚in
1139 3332 1276 3437 capella
1294 3333 1430 3408 domus
1445 3331 1562 3408 Mansi
1577 3333 1664 3420 Dei,
1687 3360 1772 3438 pre-

344 3461 512 3540 sentibus
533 3481 569 3538 et
590 3463 734 3541 ibidem
754 3465 958 3541 astantibus
977 3463 1146 3541 Arnoldo
1167 3461 1401 3547 Cambrerio,
1424 3461 1531 3574 2³¹⁰
1550 3461 1766 3551 Castilione4

344 3593 564 3699 Raymundo
580 3595 732 3698 Saqueti
749 3611 787 3674 et
802 3594 1007 3672 Guillelmo
1021 3592 1242 3681 Marturelli‚
1259 3610 1295 3669 et
1306 3592 1482 3696 pluribus
1497 3593 1578 3678 aliis
1593 3591 1771 3669 fratribus

255 3815 264 3828 .
345 3722 436 3798 dicti
456 3722 683 3799 ordinis-De
703 3722 819 3800 modo
839 3740 965 3799 autem
981 3750 1046 3798 sue
1067 3722 1311 3825 recepcionis‚
1331 3721 1424 3796 dixit
1452 3722 1554 3797 idem
1573 3722 1614 3798 in
1634 3721 1771 3798 ellectu

344 3853 440 3928 sicut
456 3849 569 3927 frater
583 3838 869 3926 Bartholomeus
888 3849 935 3926 de
951 3850 1080 3938 Turni,
1101 3849 1205 3954 testis
1221 3849 1380 3953 primus,
1400 3848 1538 3925 dixitin
1549 3850 1622 3928 hoc
1632 3850 1767 3926 eodem

345 3981 520 4068 articulO,
541 3997 578 4057 et
590 3998 703 4086 prout
724 3980 762 4056 in
783 3981 926 4057 statutis
946 3979 1118 4086 ejusdem
1137 3979 1281 4058 ordinis
1301 3979 1536 4055 continetur„

400 4111 458 4187 Ad
473 4112 606 4189 lxxxvu
623 4128 664 4188 et
683 4111 831 4189 lxxxvru
854 4127 892 4187 et
913 4110 1088 4193 ultimum
1102 4109 1277 4187 articulos
1292 4107 1486 4195 inclusive,
1509 4107 1710 4214 diligenter
1731 4126 1767 4185 et

330 4242 530 4350 vsigillatim
542 4245 806 4349 interrogatus,
828 4243 1061 4348 respondens
1076 4241 1168 4318 dixit
1180 4268 1219 4316 se
1240 4268 1310 4316 nec
1325 4239 1417 4316 scire
1431 4268 1501 4315 nec
1519 4238 1672 4315 credere
1683 4264 1771 4343 pro·

343 4372 461 4449 dictos
481 4401 626 4450 errores
646 4374 693 4450 de
718 4374 858 4478 quibus
873 4374 912 4448 in
931 4371 1096 4449 articulis
1117 4371 1237 4476 agitur
1255 4398 1421 4476 unquam
1439 4369 1615 4449 habuisse
1640 4384 1767 4445 ortum

342 4500 398 4578 vel
417 4503 572 4578 inicium
593 4504 631 4578 in
647 4504 728 4608 ipso
744 4503 876 4580 ordine
892 4502 951 4579 vel
969 4505 1065 4579 inter
1084 4501 1216 4578 fratres
1230 4499 1373 4607 aliquos
1394 4499 1539 4576 ordinis
1558 4498 1766 4574 memorati.

343 4633 417 4707 Nec
440 4633 508 4709 scit
527 4661 597 4709 nec
616 4632 734 4709 credit
743 4634 908 4739 ydolum
928 4632 985 4709 vel
1004 4632 1116 4740 ydola
1143 4659 1221 4708 esse
1243 4628 1301 4706 vel
1319 4628 1436 4706 luisse
1448 4628 1581 4733 aliquo
1595 4645 1768 4734 tempore

344 4762 381 4837 in
396 4761 477 4866 ipso
498 4762 638 4839 ordine>
650 4764 707 4841 vel
726 4764 809 4842 loco
825 4779 897 4857 aut¹
908 4780 1012 4869 parte
1032 4762 1155 4868 aliqua
1171 4759 1319 4838 ordinis
1334 4758 1554 4866 supradicti3
1569 4786 1638 4835 nec
1657 4786 1773 4835 vene·
1870 4841 1872 4845 ‚

345 4891 417 4966 rari
432 4874 536 4997 putat
549 4893 705 4999 ydolum
719 4923 788 4970 nec
803 4894 983 4972 custodiri
995 4894 1041 4972 ab
1054 4893 1181 5000 aliquo
1194 4889 1305 4966 fratre
1316 4889 1374 4967 vel
1387 4888 1459 4968 alio
1468 4889 1507 4967 in
1520 4889 1601 4996 ipso
1615 4888 1765 4975 ordine,

432 5051 537 5108 Phocis
552 5068 605 5110 MS
621 5068 795 5110 runcinus.
803 5083 846 5096 ···
855 5069 888 5109 11.
1560 5042 1600 5110 fill
