4236 5948
239 417 316 492 sss
619 393 814 486 procus
844 410 941 483 ons
970 406 1278 485 raucisona
1306 344 1342 409 ⁸⁶
1432 342 1485 429 '⁴¹'

240 575 278 635 et
306 580 469 642 asrcsre,
493 530 530 629 et
552 551 645 630 dixit
667 552 774 659 quod
798 551 916 660 magis
937 550 1131 641 voluisset,
1154 551 1193 626 in
1220 548 1662 659 omitinmsue‘reoep-

238 686 373 777 dono,
396 684 509 762 luisse
529 701 720 771 mortuus,
736 710 851 788 quam
871 681 958 789 quia
977 679 1114 758 fecerat
1133 679 1263 759 illicita
1280 681 1505 786 supradicta:
1527 698 1530 703 '
1588 714 1650 743 ψ

258 866 269 887 .
293 815 509 923 Requisitus
524 812 553 890 si
572 812 625 890 sic
637 814 864 920 deposuerat
876 841 1001 918 prece,
1017 829 1207 921 precepto,
1223 812 1376 903 timore,
1392 838 1533 905 amore,
1551 812 1658 900 odio,

238 946 297 1025 vel
312 944 509 1052 temporali
528 943 691 1021 comodo
712 943 842 1021 habito
861 943 918 1020 vel
934 943 1124 1034 babendo,
1146 942 1342 1049 respondit
1356 942 1464 1050 quod
1482 970 1577 1036 non,
1592 945 1660 1022 sed

237 1104 307 1183 pro
331 1075 484 1153 veritate
510 1074 686 1166 dicenda;
715 1074 775 1186 coi
800 1074 872 1151 luit
896 1073 1106 1181 injunctum
1129 1073 1236 1179 quod
1261 1101 1339 1151 non
1361 1072 1541 1150 revelaret
1562 1073 1659 1151 hanc

237 1237 343 1287 suam
359 1207 657 1314 deposicionem,
676 1233 875 1312 quousque
890 1204 1148 1282 attestaciones
1162 1203 1303 1281 luerint
1318 1202 1523 1308 publicate3
1534 1220 1573 1282 et
1581 1230 1658 1282 non

238 1338 426 1418 obtulerat
446 1364 484 1414 se
505 1337 553 1413 ad
575 1336 848 1413 deffensionem
867 1333 1010 1412 ordinis
1030 1334 1239 1410 memorati.

263 1468 265 1472 ’
293 1462 560 1545 Acta’fuerunt
579 1466 649 1542 hec
667 1464 846 1570 predictis
867 1463 929 1540 die
955 1479 993 1540 et
1014 1463 1114 1553 loco,
1142 1481 1181 1539 et
1199 1463 1389 1570 predictus
1410 1463 1590 1541 dominus
1609 1493 1661 1542 ar

237 1596 482 1674 cbidiaconus
493 1594 740 1672 Tridentinus
757 1595 879 1701 quiin
899 1621 1008 1670 mane
1027 1593 1247 1670 interfuerat
1261 1593 1528 1670 examinacioni
1543 1595 1659 1670 trium

235 1727 408 1814 testium,
433 1724 616 1802 excusavit
645 1753 684 1802 se
708 1727 796 1832 quia
820 1742 906 1831 post
928 1725 1198 1809 dormicionem
1222 1751 1304 1824 non
1328 1725 1451 1831 potuit
1477 1724 1659 1802 interesse

237 1855 504 1933 examinacioni
519 1854 679 1931 aliorum
700 1855 865 1932 duorum
885 1852 1020 1931 ultimo
1039 1855 1346 1942 examinatorum,
1368 1872 1406 1931 et
1418 1853 1538 1931 voluit
1554 1856 1659 1961 quod

237 1985 537 2063 examinarentur
564 2014 633 2089 per
659 1985 752 2063 alios
782 1987 957 2063 dominos
983 1985 1275 2074 commissarios,
1306 2001 1420 2089 prout
1445 1982 1660 2062 retulerunt

236 2116 368 2193 Petrus
383 2113 561 2193 Cavalerii
579 2129 617 2190 et
627 2115 761 2192 Petrus
775 2115 822 2191 de
836 2116 974 2204 Brenn,
997 2113 1187 2190 domicelli
1205 2114 1395 2190 dictorum
1415 2113 1658 2190 dominorum

237 2244 501 2350 opiscoporum
528 2243 630 2320 missi
658 2261 812 2350 propter
836 2243 908 2320 boc
937 2243 1146 2348 specialiter
1169 2243 1218 2319 ad
1248 2270 1364 2332 eum3
1398 2242 1437 2319 in
1467 2226 1659 2348 presencia

237 2373 404 2480 magistri
427 2372 558 2451 Amisii
583 2400 626 2451 ac
651 2372 728 2449 mei
752 2372 1016 2463 Floriamonti,
1043 2388 1082 2449 et
1103 2371 1266 2451 aliorum
1289 2373 1659 2479 notariorum-supra

237 2503 373 2582 ultimo
393 2504 683 2584 nominatorum.

293 2772 381 2850 Post
409 2773 480 2850 hec
509 2772 570 2851 die
596 2771 738 2852 sabbati
767 2772 956 2880 sequenti,
987 2796 1062 2880 que
1092 2771 1262 2850 britann
1292 2773 1372 2850 dies
1398 2770 1487 2849 dicti
1519 2772 1659 2848 mensis

237 2902 342 2989 maii,
364 2900 436 2980 luit
454 2903 639 2980 adductus
664 2904 712 2981 ad
730 2904 960 3008 presenciam
982 2904 1205 2981 eorumdem
1226 2903 1468 2980 dominorum
1491 2902 1661 2980 commis

157 3036 164 3056 ⁸
237 3032 437 3124 sariomm,
460 3034 500 3110 in
521 3034 637 3111 domo
660 3033 827 3140 predicta
852 3033 996 3110 domini
1021 3034 1120 3112 Petri
1149 3036 1197 3111 de
1226 3034 1429 3120 Sabaudia,
1456 3031 1570 3110 frater
1594 3033 1659 3110 Mi·

239 3160 344 3238 chael
359 3162 407 3238 de
420 3162 538 3238 Podio
550 3163 724 3251 serviens,
737 3162 1055 3242 Claromontensis
1069 3165 1239 3254 diocesis,
1255 3164 1361 3241 testis
1375 3191 1485 3269 supra
1495 3162 1656 3268 juratus,

239 3291 583 3396 quinquagenarius
610 3308 648 3367 et
676 3292 795 3380 ultra,
823 3294 887 3399 qui
917 3293 1139 3372 mantellum
1165 3293 1373 3371 voluntarie
1405 3291 1596 3368 dimiserat
1619 3307 1659 3368 et

238 3418 319 3495 radi
342 3417 480 3496 lecerat
497 3420 567 3498 sibi
581 3421 765 3512 barbam
793 3450 879 3499 cum
899 3451 975 3530 quo
999 3422 1221 3529 inquisitum
1243 3423 1379 3514 luerat,
1405 3420 1601 3499 absolutus
1619 3437 1660 3498 et

237 3548 500 3627 reconciliatus
514 3577 581 3656 per
594 3551 792 3628 dominum
810 3552 1028 3658 episcopum
1050 3553 1415 3642 Claromontensemt
1430 3569 1468 3628 et
1481 3551 1555 3629 luit
1577 3578 1660 3657 pm

236 3694 392 3755 testatus
413 3679 518 3785 quod
541 3707 620 3757 non
640 3680 861 3759 intendebat
880 3682 1056 3758 recedere
1072 3711 1093 3758 a
1113 3681 1355 3789 deposicione
1374 3709 1442 3787 per
1458 3709 1545 3758 eum
1563 3680 1659 3759 lacta

237 3836 361 3885 coram
383 3810 484 3887 dicto
497 3810 656 3890 domino
671 3811 847 3919 episcopo
873 3811 1189 3890 Claromontensi.
1216 3812 1339 3889 Lectis
1366 3828 1492 3888 autem
1518 3827 1557 3887 et
1578 3808 1659 3888 dili

236 3957 368 4045 genter
393 3940 569 4046 expositis
592 3940 665 4021 sibi
689 3942 867 4020 omnibus
886 3959 924 4018 et
943 3942 1099 4050 singulis
1119 3941 1300 4032 articulis,
1322 3939 1518 4047 respondit
1536 3968 1576 4018 se
1594 3968 1660 4019 oe·

237 4069 342 4162 scire,
369 4097 438 4146 nec
461 4071 630 4163 credere,
645 4099 716 4149 nec
735 4071 917 4150 audivisse
938 4072 1012 4149 dici
1038 4072 1086 4151 de
1107 4073 1291 4149 contentis
1314 4072 1353 4148 in
1381 4071 1435 4147 eis
1457 4071 1528 4147 nisi
1553 4071 1660 4177 quod

236 4200 433 4308 sequitur:
450 4200 624 4279 videlicet
642 4203 748 4309 quod
768 4202 848 4310 ipse
868 4219 1040 4308 receptus
1055 4202 1175 4280 luerat
1192 4203 1231 4278 in
1248 4202 1411 4309 quadam
1428 4229 1573 4279 camera
1592 4202 1660 4281 do·

238 4361 324 4409 mus
343 4332 493 4437 Templi
519 4332 567 4409 de
587 4333 684 4410 ste
704 4332 1021 4411 Claromontensis
1039 4333 1216 4419 diocesis.
1243 4335 1338 4409 circa
1363 4335 1503 4410 instans
1522 4331 1659 4410 festum

238 4461 436 4538 nativitatis
453 4461 553 4540 beati
572 4463 752 4540 lobannis
766 4464 930 4570 Baptista
951 4480 1063 4541 erunt
1078 4462 1225 4540 circiter
1244 4490 1355 4543 xxvru
1377 4464 1482 4552 anni,
1504 4490 1574 4568 per
1594 4461 1663 4539 lra-

236 4608 332 4668 trem
351 4590 559 4670 Geraldum
580 4594 628 4671 de
649 4594 795 4673 Sslzeto
818 4595 978 4672 militem
1000 4594 1209 4702 quondam,
1231 4593 1468 4700 presentibus
1483 4591 1661 4670 lrstribus

235 4720 346 4797 Petro
359 4720 492 4810 Vince,
508 4722 716 4802 Guillelmo
730 4724 881 4800 Amaldi
895 4725 1161 4816 servientibus,
1177 4724 1393 4810 dellunctis,
1414 4740 1452 4800 et
1469 4721 1661 4828 Stephano
