4236 5948
731 542 1369 636 enocnsnasrsummns.
1551 555 1555 561 ·
1688 563 1760 632 arn

342 709 548 796 veritatem,
566 707 657 782 dixit
671 734 738 810 per
751 707 1007 812 juramentum
1022 704 1126 809 quod
1142 731 1235 790 non,
1259 718 1296 777 et
1308 701 1412 806 quod
1427 729 1557 805 puram
1572 703 1760 778 veritatem

343 839 437 917 dixit
456 866 522 944 pro
544 837 660 914 salute
675 837 796 912 anime
813 864 889 911 sue.

399 973 507 1048 Facta
520 987 645 1045 autem
661 967 731 1044 luit
745 966 928 1043 consessio
944 995 1010 1042 seu
1026 965 1213 1071 deposicio
1227 967 1296 1040 bec
1310 993 1327 1039 a
1343 964 1441 1041 dicto
1452 964 1561 1040 lratrc
1571 963 1755 1053 lohanne,

338 1103 550 1209 juramento
571 1100 616 1175 ab
633 1099 769 1175 eodem
788 1100 906 1204 prius,
919 1115 961 1174 ut
973 1097 1209 1204 premittitur,
1230 1096 1401 1200 prestito,
1424 1122 1536 1182 anno,
1555 1094 1758 1213 indicione,

344 1230 576 1336 pontificatu,
600 1258 695 1305 anno
717 1247 753 1306 et
774 1229 835 1305 die
857 1229 1048 1333 predictis,
1070 1226 1307 1333 presentibus
1330 1225 1511 1330 religiosis
1537 1242 1573 1301 et
1597 1227 1763 1301 honestis

343 1361 431 1437 viris
448 1360 621 1437 fratribus
638 1359 842 1437 Guillelmo
862 1359 910 1435 de
927 1356 1075 1464 Capella
1092 1375 1128 1432 et
1143 1356 1346 1434 Guillelmo
1364 1356 1409 1430 de
1427 1357 1506 1432 Boz'
1522 1354 1664 1432 ordinis
1678 1357 1763 1430 Pre-

346 1491 552 1568 dicatorum
567 1492 614 1567 de
636 1508 819 1565 conventu
839 1488 1049 1575 Parisiensi,
1071 1487 1228 1563 testibus
1248 1487 1380 1563 adhoc
1396 1485 1533 1561 vocatis
1554 1501 1590 1559 et
1614 1485 1762 1590 rogatis.

402 1752 446 1826 Et
463 1778 531 1855 ego
547 1748 694 1822 Evenus
712 1745 819 1851 Phily
835 1746 881 1821 de
898 1747 1032 1823 Sancto
1053 1746 1197 1822 Nicasio
1213 1742 1367 1820 clericus
1385 1745 1672 1851 Corisopitensis
1693 1746 1769 1820 dio·

270 1915 275 1925 ,
346 1879 454 1967 cesis,
476 1877 676 1983 apostolica
695 1875 869 1980 publicus
889 1876 1104 1952 auctoritate
1125 1876 1306 1962 notarius,
1328 1875 1515 1980 premissis
1537 1873 1708 1950 omnibus
1729 1892 1766 1948 et

346 2009 500 2115 singulis
519 2009 558 2083 in
575 2008 735 2112 presenti
757 2023 852 2082 carta
874 2035 939 2082 seu
955 2007 1058 2111 pecia
1080 2024 1115 2083 et
1138 2007 1217 2082 aliis
1235 2008 1342 2082 cartis
1357 2007 1644 2112 precedentibus
1661 2009 1765 2112 signo

347 2166 432 2214 meo
449 2137 598 2243 signatis
618 2136 768 2213 interlui
794 2165 960 2242 presens,
984 2154 1020 2212 et
1040 2134 1214 2213 unacum
1234 2138 1339 2244 signo
1356 2155 1392 2214 et
1412 2137 1687 2242 subscripsione
1707 2167 1770 2214 no-

346 2268 429 2344 tarii
450 2268 686 2371 suprascripti
707 2267 754 2342 ad
773 2268 951 2371 premissa
972 2268 1152 2371 presentis
1168 2267 1315 2373 signum
1329 2295 1457 2343 meum
1472 2285 1693 2345 consuetum
1709 2298 1770 2344 ro—

348 2415 454 2504 gatus
474 2398 644 2502 apposui,
671 2425 731 2471 me
752 2396 997 2472 subscribens.

405 2662 445 2735 ln
467 2659 619 2736 nomine
636 2658 789 2734 Domini
809 2686 929 2735 amen.
949 2658 1057 2734 Anno
1073 2659 1274 2735 Nativitatis
1295 2659 1463 2763 ejusdem
1483 2659 1681 2735 millesimo
1697 2676 1774 2734 tre-

351 2791 554 2868 centesimo
572 2791 749 2895 septimo,
763 2789 950 2866 indicione
966 2807 1080 2876 sexta,
1097 2818 1227 2865 mense
1244 2790 1471 2878 novembris,
1488 2790 1656 2896 ejusdem
1669 2819 1772 2866 men-

350 2922 400 2999 sis
412 2949 475 2999 ruu
489 2920 566 3008 die,
584 2919 820 3026 pontificatus
840 2921 1061 2997 sanctissimi
1076 2921 1190 3025 patris
1202 2937 1239 2996 et
1254 2920 1396 2997 domini
1413 2920 1556 2997 domini
1568 2919 1772 2997 Clementis

352 3052 473 3128 divina
495 3052 731 3158 providencia
751 3079 844 3156 pape
862 3051 982 3157 quinti
1003 3078 1100 3127 anno
1120 3052 1303 3140 secundo,
1326 3053 1364 3126 in
1385 3052 1548 3158 religiosi
1562 3051 1630 3128 viri
1651 3051 1772 3127 fratris

351 3183 489 3259 Nicolai
509 3185 556 3258 de
577 3183 774 3258 Anessiaco
795 3182 1036 3258 commissarii
1056 3182 1174 3258 fratris
1189 3182 1380 3260 Guillelmi
1403 3183 1449 3258 de
1470 3183 1630 3258 Parisius
1651 3183 1775 3287 inqui-

352 3314 477 3389 sitoris
496 3314 660 3389 heretice
680 3313 866 3417 pravitatis
887 3315 925 3388 in
945 3341 1061 3419 regno
1082 3314 1233 3389 Francie
1254 3315 1469 3389 auctoritate
1490 3311 1687 3419 apostolica
1709 3311 1775 3387 de·

352 3443 484 3548 putati,
520 3461 688 3518 nostrum
723 3443 956 3520 notariorum
987 3461 1023 3519 et
1051 3444 1202 3520 testium
1234 3443 1551 3549 infrascriptorum
1581 3444 1774 3548 presencia

351 3572 594 3678 personaliter
614 3574 832 3648 constitutus
858 3573 968 3649 irater
991 3575 1178 3650 lohannes
1200 3574 1246 3648 de
1266 3576 1397 3650 Turno
1419 3575 1702 3651 elemosinarius
1721 3603 1776 3648 re-

351 3707 406 3809 gis
426 3700 629 3807 quondam,
665 3702 770 3776 etatis
790 3702 850 3778 lxx
870 3730 1051 3779 annorum
1080 3703 1137 3778 vel
1164 3704 1276 3791 circa,
1302 3704 1448 3807 juratus
1476 3704 1523 3779 ad
1550 3723 1671 3779 sancta
1703 3705 1774 3781 Dei

354 3830 548 3937 Evangelia
565 3831 687 3906 eidem
701 3832 903 3936 preposita,
923 3849 960 3906 et
975 3831 1022 3907 ab
1035 3861 1080 3908 eo
1092 3833 1332 3937 corporaliter
1345 3851 1456 3922 tacta,
1476 3835 1575 3911 dese
1591 3853 1627 3909 et
1638 3834 1720 3910 aliis
1734 3836 1772 3908 in

354 3991 462 4039 causa
484 3960 572 4037 fidei
589 3960 735 4066 plenam
755 3979 795 4036 et
819 3962 1000 4066 integram
1022 3960 1147 4039 dicere
1167 3963 1373 4050 veritatem,
1400 3979 1437 4037 et
1455 3963 1702 4069 interrogatus
1730 3961 1776 4038 de

320 4174 323 4179 ⁵
354 4109 522 4198 tempore
544 4109 580 4167 et
598 4091 713 4167 modo
734 4120 801 4166 sue
816 4091 1060 4195 recepciouis‚
1081 4091 1173 4166 dixit
1190 4119 1257 4196 per
1271 4092 1527 4197 juramentum
1548 4120 1656 4167 suum
1673 4094 1777 4198 quod

355 4219 427 4295 fuit
443 4240 614 4327 receptus
629 4251 696 4328 per
705 4221 855 4297 fratrem
868 4222 1078 4298 lobannem
1091 4221 1138 4297 de
1153 4225 1285 4298 Turno
1298 4208 1493 4328 quondam
1507 4220 1776 4298 thesaurarium

356 4353 505 4458 Templi
521 4354 749 4444 Parisiensis,
766 4353 804 4427 in
816 4353 929 4429 domn
944 4352 990 4430 de
1004 4352 1166 4460 Sauceya
1182 4383 1294 4459 super
1305 4341 1583 4442 Yanamrxrvr
1594 4355 1680 4429 anni
1693 4371 1779 4430 sunt

358 4483 488 4588 elapsi,
521 4483 755 4589 presentibus
783 4483 957 4561 fratribus
981 4477 1132 4562 Galtero
1153 4485 1310 4592 Dacolay
1335 4503 1373 4562 et
1392 4484 1592 4563 Guillelmo
1617 4486 1682 4590 qui
1709 4484 1779 4559 luit

358 4613 641 4690 elemosinarius
661 4632 745 4691 ante
762 4616 900 4721 ipsum,
920 4632 957 4690 et
977 4615 1200 4721 quibusdam
1222 4615 1301 4692 aliis
1318 4617 1366 4692 de
1379 4643 1541 4721 quorum
1561 4616 1779 4692 nominibus

358 4771 435 4819 non
451 4744 677 4821 recordatur.
694 4746 796 4823 Dixit
812 4749 925 4823 eciam
942 4775 1010 4851 per
1016 4748 1271 4854 juramentum
1288 4776 1398 4825 suum
1411 4750 1531 4853 quod,
1547 4763 1633 4853 post
1647 4747 1780 4825 multas

358 4875 624 4979 promissiones
645 4877 691 4953 ab
711 4905 758 4954 eo
783 4878 894 4956 lactas
916 4878 963 4955 de
985 4879 1132 4956 statutis
1155 4896 1192 4955 et
1212 4880 1363 4956 secretis
1381 4879 1469 4956 dicti
1492 4878 1634 4957 ordinis
1655 4880 1824 4975 observa„

1562 5026 1613 5094 [ιδ.
