4236 5948
726 543 922 638 exoche
947 562 1044 634 ons
1070 560 1368 634 reuertens
1682 559 1755 631 see

395 704 489 778 ltem
507 699 600 778 dixit
619 729 687 807 per
704 703 964 810 juramentum
986 730 1099 780 suum
1120 702 1243 808 quod,
1265 718 1351 807 post
1364 704 1623 809 juramentum
1644 699 1690 774 ab
1711 727 1756 774 eo

269 865 270 868 ¹
287 930 289 932 =
341 833 538 939 prestitum
549 830 596 908 de
609 833 774 922 statutis,
790 832 1141 922 consuetudinibus,
1159 830 1379 909 obediencia
1395 848 1432 908 et
1447 830 1599 908 secretis
1615 828 1758 905 ordinis

341 961 599 1051 observandis,
621 962 805 1068 recipiens
825 965 952 1070 posuit
967 961 1036 1039 sibi
1059 980 1096 1039 et
1113 962 1273 1039 firmavit
1287 962 1511 1040 mantellum
1528 960 1576 1038 ad
1596 959 1756 1047 collum,

342 1111 378 1173 et
397 1093 501 1200 quod
521 1094 599 1200 ipse
625 1095 690 1200 qui
716 1094 887 1201 loquitur
906 1093 1094 1172 osculatus
1119 1092 1191 1169 fuit
1210 1094 1453 1198 recipientem
1481 1092 1694 1198 predictum
1721 1107 1760 1166 et

342 1224 434 1301 alios
447 1222 596 1315 fratres,
619 1223 674 1299 de
688 1225 864 1301 mandato
884 1223 1102 1332 ejusdem(
1092 1252 1131 1298 rn
1152 1251 1229 1301 ore.
1251 1224 1298 1299 Et
1318 1240 1446 1330 postea
1465 1222 1656 1329 predictus
1673 1219 1759 1297 the-

342 1354 527 1433 saurarius
546 1353 611 1460 qui
628 1381 716 1430 eum
735 1355 892 1461 recepit,
906 1353 1017 1430 traxit
1032 1381 1120 1430 eum
1139 1353 1186 1429 ad
1205 1371 1370 1460 partem,
1389 1369 1427 1430 et
1439 1352 1528 1429 fecit
1544 1380 1583 1429 se
1600 1350 1759 1429 osculari

343 1484 449 1562 abeo
468 1484 506 1559 in
527 1483 708 1560 umbilico
730 1501 767 1560 et
790 1485 829 1561 in
857 1482 933 1560 fine
953 1484 1058 1590 spine
1079 1482 1192 1575 dorsi.
1215 1483 1261 1559 Et
1285 1499 1415 1590 postea
1439 1452 1605 1559 ostendit
1623 1481 1731 1558 sibi
1721 1510 1758 1556 1n

343 1614 507 1722 quodam
526 1613 628 1692 libro
647 1643 796 1691 crucem
818 1615 1004 1720 depictam
1019 1642 1106 1689 cum
1128 1610 1250 1719 effigie
1270 1612 1386 1690 Jhesu
1406 1612 1563 1703 Christi,
1584 1630 1622 1689 et
1634 1639 1762 1718 prece

343 1745 398 1850 pit
417 1743 515 1833 sibi,
529 1745 567 1820 in
592 1744 727 1821 virtute
751 1744 984 1835 obediencie,
1015 1747 1119 1851 quod
1145 1759 1298 1850 spueret
1324 1760 1382 1819 ter
1410 1771 1520 1849 supra
1548 1771 1697 1819 crucem
1724 1759 1762 1818 et

343 1875 551 1984 ymaginem
574 1875 776 1980 predictas,
799 1876 837 1951 in
863 1876 1043 1981 despectu
1068 1875 1253 1981 prophete
1274 1873 1338 1980 qui
1365 1872 1439 1949 fnit
1466 1874 1505 1949 in
1532 1873 1629 1950 dicta
1652 1901 1760 1949 cruce

344 2004 560 2095 crucifixus3
583 2022 622 2081 et
636 2021 725 2082 tunc
740 2006 818 2111 ipse
839 2006 904 2112 qui
920 2004 1091 2111 loquitur
1103 2035 1217 2111 super
1227 2005 1323 2110 ipsas
1336 2032 1485 2080 crucem
1499 2021 1537 2080 et
1551 2004 1761 2111 ymaginem

330 2136 445 2242 'spuit
457 2152 527 2223 ter,
547 2136 705 2212 credens
722 2135 794 2210 hoc
809 2162 889 2211 esse
906 2134 953 2211 de
973 2136 1120 2213 statutis
1139 2134 1297 2224 ordinis,
1319 2163 1394 2240 que
1414 2133 1538 2210 adhuc
1555 2133 1759 2242 ignorabat.

399 2266 492 2341 ltem
514 2264 606 2340 dixit
625 2263 729 2372 quod
754 2281 924 2369 receptor
944 2265 1135 2369 predictus
1154 2265 1224 2343 sibi
1244 2264 1414 2371 precepit
1433 2262 1538 2369 quod
1556 2262 1763 2341 abstineret

345 2421 366 2470 a
383 2394 625 2483 mulieribus,
647 2411 686 2471 et
705 2393 808 2499 quod
828 2394 859 2471 si
880 2393 980 2471 calor
999 2395 1176 2471 naturalis
1196 2410 1364 2471 moveret
1384 2420 1491 2481 eum,
1507 2393 1613 2498 quod
1628 2395 1707 2498 ipse
1727 2411 1763 2470 et

344 2522 475 2602 fratres
494 2524 552 2601 sui
572 2552 611 2601 se
632 2523 916 2599 commiscerent
936 2522 1141 2600 adinvicem
1161 2522 1367 2608 camaliter‚
1384 2521 1415 2597 si
1432 2539 1528 2598 esset
1542 2520 1677 2627 aliquis
1697 2523 1763 2629 qui

345 2653 416 2732 hoc
435 2655 547 2733 vellet
566 2654 703 2743 facere,
724 2654 829 2759 quod
840 2681 1033 2760 nunquam
1049 2650 1150 2742 fecit,
1169 2680 1238 2730 nec
1251 2651 1324 2727 fuit
1338 2650 1533 2757 superhoc
1548 2652 1761 2757 requisitus,

346 2799 390 2862 ut
408 2784 509 2862 dicit.

402 2917 495 2992 Item
522 2915 615 2992 dixit
638 2915 742 3019 quod
765 2914 882 2990 nichil
906 2915 974 2990 scit
993 2914 1040 2989 de
1066 2914 1184 3019 capite
1211 2913 1315 3020 quod
1334 2913 1489 2991 adorare
1517 2914 1704 3002 dicuntur,
1719 2931 1765 2990 ,et

347 3043 467 3122 credit
482 3046 586 3150 quod
606 3044 667 3122 alii
689 3043 819 3122 iratres
838 3045 927 3121 dicti
948 3043 1091 3121 ordinis
1106 3043 1219 3119 simili
1242 3045 1357 3122 modo
1370 3044 1610 3151 recipiantur.

401 3177 495 3252 Item
512 3175 621 3264 dixit,
643 3204 711 3281 per
727 3173 988 3321 juramentum
1011 3203 1123 3251 suum
1142 3203 1256 3281 super
1271 3177 1344 3253 hoc
1364 3176 1472 3253 abeo
1493 3175 1617 3251 adhuc
1632 3177 1765 3282 presti-

344 3323 443 3393 tum
462 3305 612 3410 quod
581 3334 632 3397 vr,
648 3305 707 3383 vel
724 3323 828 3383 metu
848 3306 1004 3383 carceris
1022 3323 1087 3383 aut
1106 3307 1300 3394 tormenti,
1323 3335 1400 3383 non
1420 3305 1514 3382 dixit
1532 3304 1636 3382 aliud
1652 3333 1765 3413 quam

345 3436 553 3524 veritatem,
566 3436 837 3541 necpremissis
847 3436 1220 3543 immiscuitaliquam
1236 3435 1450 3526 salsitatem,
1462 3453 1503 3514 et
1517 3437 1620 3543 quod
1634 3464 1765 3544 puram

345 3567 535 3643 veritatem
556 3566 648 3642 dixit
665 3595 734 3673 pro
755 3567 874 3644 salute
895 3567 1019 3644 anime
1039 3595 1117 3643 sue.

401 3831 493 3905 ltem
514 3828 626 3905 frater
644 3829 830 3905 Robertus
852 3829 899 3905 de
927 3830 1087 3906 Sarnaco
1118 3828 1348 3905 Belvacensis
1371 3830 1546 3918 diocesis,
1571 3849 1768 3939 preceptor

347 3957 481 4035 domus
498 3960 544 4035 de
564 3957 819 4036 Mortuolonte
840 3957 1119 4035 Suessionensis
1139 3957 1313 4047 diocesis,
1331 3960 1488 4065 predicti
1511 3959 1653 4036 ordinis
1670 3961 1769 4036 mili-

346 4089 402 4165 cie
414 4090 579 4194 Templi,
596 4090 909 4196 quadragenarius
926 4088 984 4165 vel
997 4090 1109 4177 circa,
1132 4089 1266 4166 eodem
1278 4090 1393 4166 modo
1408 4089 1647 4179 constitutus,
1663 4091 1768 4197 jura-

344 4234 404 4295 tus
425 4235 463 4294 et
482 4219 749 4327 interrogatus,
769 4217 863 4295 dixit
882 4249 950 4325 per
964 4219 1224 4326 juramentum
1238 4248 1348 4296 suum
1362 4217 1469 4325 quod
1483 4219 1521 4295 in
1537 4218 1632 4296 festo
1652 4221 1767 4297 sancti

345 4347 493 4426 Andree
519 4350 686 4426 instante
705 4367 814 4432 erunt
837 4377 972 4427 novem
1001 4349 1087 4425 anni
1106 4349 1165 4426 vel
1184 4349 1295 4439 circa,
1322 4348 1426 4456 quod
1448 4348 1521 4429 fuit
1539 4367 1711 4456 receptus
1730 4351 1769 4426 in

347 4478 460 4556 domo
488 4479 535 4556 de
559 4482 737 4557 Bemeval
765 4479 1025 4558 Ambianensis
1049 4480 1225 4569 diocesis,
1252 4506 1320 4586 per
1338 4479 1490 4556 fratrem
1516 4478 1695 4557 Garinum
1721 4480 1769 4556 de

347 4610 482 4716 Magno
514 4610 640 4688 Villari
669 4611 885 4718 magistrum
922 4611 968 4688 de
997 4611 1169 4701 Pontivo,
1200 4609 1436 4716 presentibus
1459 4609 1647 4689 defunctis
1668 4612 1769 4689 tde

348 4739 501 4849 Cernay,
523 4739 633 4818 fratrc
654 4740 859 4819 Laurencio
891 4741 1092 4818 senescallo
1108 4742 1205 4818 dicte
1223 4741 1374 4831 domus,
1396 4740 1507 4818 fratre
1525 4743 1635 4819 Petro
1648 4744 1697 4822 de
1715 4744 1772 4819 Li-

350 4887 537 4958 mecourt,
560 4888 596 4949 et
616 4870 697 4949 aliis
713 4872 760 4948 de
772 4899 935 4978 quorum
955 4870 1173 4949 nominibus
1191 4899 1267 4949 non
1286 4869 1425 4949 recolit.

435 5031 543 5089 esocis
558 5049 611 5089 ors
626 5048 799 5090 rrunnrrns.
814 5066 850 5076 -
866 5049 899 5088 u.
1562 5034 1600 5096 ta
