4236 5948
256 400 331 476 asc
645 377 840 474 proces
865 396 962 471 nus
987 396 1288 475 rennuens.

255 541 371 630 Tace,
391 555 493 630 tace3
514 538 612 617 bene
632 539 863 617 instruemus
880 567 968 617 eum
987 539 1076 617 alias
1097 539 1144 616 de
1166 538 1314 618 statutis
1331 537 1477 635 ordinis
1485 522 1619 621 nostrii
1633 541 1681 621 Et

255 671 376 751 credit
405 670 485 776 ipse
517 669 583 776 qui
616 668 786 776 loquitur
817 667 921 776 quod
957 667 1186 747 dimiserunt
1216 688 1306 748 tunc
1336 669 1511 777 detegere
1541 669 1624 751 sibi:
1642 689 1681 751 et

255 830 344 881 eum
372 802 555 878 instruere
588 816 740 906 propter
767 816 927 877 astantes
956 799 1051 876 circa
1075 799 1255 906 capellam
1277 800 1501 906 predictam,
1523 817 1561 879 et
1589 802 1678 909 quia

253 933 358 1012 tarde
378 948 473 1020 erat,
496 948 532 1008 et
557 930 609 1007 sic
629 946 872 1008 recesserunt.
898 931 944 1006 Et
969 929 1060 1007 dicit
1078 959 1148 1036 per
1162 932 1420 1039 juramentum
1443 960 1554 1010 suurn
1574 934 1679 1040 quod

252 1081 406 1171 propter
429 1061 527 1138 dicta
549 1061 662 1139 verba
685 1061 757 1139 sibi
778 1061 876 1139 dicta
903 1061 942 1137 in
969 1063 1190 1168 recepcione
1214 1062 1398 1168 predicta,
1426 1063 1506 1169 ipse
1530 1081 1676 1143 tantum

252 1194 324 1272 fuit
342 1193 532 1286 turbatus,
547 1192 651 1300 quod
665 1192 964 1270 nichilcomedit
980 1193 1019 1269 in
1034 1193 1193 1298 prandio
1208 1193 1271 1270 illa
1284 1194 1367 1282 die3
1384 1211 1423 1271 et
1443 1209 1571 1300 postea
1583 1195 1677 1274 intra

250 1342 328 1403 tres
348 1324 430 1401 dies
449 1338 649 1430 sequentes
667 1323 725 1400 vel
745 1322 840 1400 circa
860 1319 1055 1400 infirmitas
1069 1324 1202 1402 invasit
1217 1351 1325 1414 eum,
1348 1352 1422 1431 que
1443 1324 1589 1403 duravit
1606 1325 1678 1404 sibi

252 1483 373 1562 usque
389 1453 437 1531 ad
452 1451 680 1543 Adventum,
702 1452 753 1530 ita
770 1452 874 1560 quod
895 1452 1013 1529 nichil
1033 1453 1136 1531 aliud
1156 1455 1228 1532 sibi
1248 1471 1376 1561 postea
1391 1452 1562 1533 fecerimt
1575 1454 1676 1547 lieri,

250 1604 365 1694 prout
378 1586 483 1676 dicit,
506 1613 576 1662 nec
590 1584 780 1663 convaluit
794 1613 913 1692 usque
933 1602 1041 1676 tunc,
1066 1604 1103 1662 et
1117 1585 1283 1664 comedit
1296 1614 1425 1664 carnes
1443 1603 1599 1694 propter
1619 1587 1678 1664 de·

250 1717 434 1796 bilitatem
457 1744 526 1822 per
546 1733 669 1793 totum
689 1714 912 1793 Adventum.
938 1715 1040 1792 Dixit
1065 1718 1180 1794 eciam
1206 1745 1275 1823 per
1288 1719 1545 1833 juramentum
1565 1746 1676 1798 suurn

250 1849 355 1957 qnod
380 1876 424 1927 ea
442 1876 517 1955 que
537 1847 578 1924 in
597 1847 817 1952 recepcione
844 1874 910 1923 sua
930 1845 1001 1923 sihi
1022 1845 1115 1924 facta
1135 1827 1290 1925 fuerunt
1311 1866 1348 1926 et
1369 1847 1467 1926 dicta
1485 1849 1566 1955 ipse
1587 1878 1677 1929 con-

249 1978 370 2061 fessus
389 1979 460 2056 fuit
474 1995 603 2083 postea
623 1976 728 2053 fratri
744 1975 894 2054 Nicolao
916 1974 1062 2054 ordinis
1081 1978 1381 2067 Predicatorum,
1405 1981 1566 2057 moranti
1586 1996 1677 2058 tunc

249 2110 289 2187 in
314 2108 498 2187 conventu
524 2106 769 2212 Compendii,
791 2106 857 2212 qui
874 2105 1061 2197 habebat,
1083 2125 1125 2184 ut
1153 2108 1259 2198 dicit,
1286 2125 1509 2216 potestatem
1533 2110 1676 2189 domiui

249 2237 516 2345 archiepiscopi
543 2236 753 2325 Remensis,
775 2236 839 2341 qui
870 2236 942 2313 sibi
972 2236 1066 2314 dixit
1094 2237 1199 2344 quod
1223 2237 1445 2345 displicebat
1474 2239 1545 2318 sibi
1573 2241 1677 2348 quod

249 2370 352 2448 idern
368 2369 434 2477 qui
449 2367 617 2474 loquitur
630 2367 827 2444 intraverat
842 2366 986 2445 dictum
1001 2366 1174 2446 ordinem
1194 2368 1334 2448 milicie
1353 2370 1521 2477 Templi,
1543 2389 1583 2449 et
1596 2402 1677 2480 pro

248 2501 376 2607 posuit
394 2499 618 2578 multociens
636 2500 716 2604 ipse
734 2498 801 2606 qui
821 2497 1006 2606 loquitur,
1029 2515 1073 2576 ut
1087 2499 1196 2593 dicit,
1213 2501 1353 2582 inuare
1369 2501 1541 2582 ordinem
1558 2503 1677 2582 dicto·

248 2661 335 2710 rum
349 2631 508 2711 fratrum
528 2631 822 2710 Predicatorum.

303 2766 397 2842 Item
413 2763 506 2841 dixit
522 2792 589 2870 per
599 2764 860 2871 juramentum
875 2789 988 2841 suum
1003 2763 1109 2870 quod
1124 2791 1315 2872 nunquam
1332 2765 1439 2856 vidit,
1454 2791 1525 2843 nec
1534 2765 1677 2844 audivit

248 2894 323 2971 dici
337 2894 395 2974 vel
413 2894 485 3002 legi
502 2910 637 2972 statuta
650 2893 809 3001 predicti
826 2894 970 2971 ordinis
990 2894 1126 2973 milicie
1143 2895 1312 3001 Templi,
1330 2922 1458 2973 necea
1474 2895 1677 2975 volucrunt

247 3024 317 3102 sibi
338 3025 538 3103 ostendere
558 3023 615 3101 illi
635 3024 700 3130 qui
717 3051 761 3100 ea
778 3022 985 3113 habebant,
1008 3022 1097 3101 licet
1111 3026 1182 3102 hec
1195 3025 1338 3132 pluries
1355 3025 1589 3133 requisierit,
1603 3027 1675 3106 nisi

247 3155 426 3234 aduobus
445 3154 640 3232 mensibus
659 3154 767 3244 citra,
784 3153 960 3231 videlicet·
977 3155 1147 3244 Pictoris,
1169 3154 1237 3233 ubi
1258 3155 1505 3234 ostenderimt
1522 3156 1596 3234 sihi
1616 3185 1676 3236 so-

246 3284 329 3361 lum
348 3283 555 3391 capitulum
571 3282 711 3362 faciens
725 3283 963 3362 mencionem
981 3283 1030 3360 de
1044 3284 1281 3393 presbyteris.
1298 3285 1346 3363 Et
1361 3286 1457 3364 dixit
1470 3288 1578 3392 quod
1594 3286 1675 3393 ipse

246 3431 399 3521 propter
421 3414 589 3521 predicta
618 3414 732 3492 habet
755 3414 961 3491 vehemens
981 3433 1245 3522 argumentum
1277 3433 1314 3494 et
1342 3417 1674 3523 presumpcionem

245 3547 351 3654 quod
365 3545 420 3624 illi
437 3546 484 3623 de
505 3546 607 3624 dicto
620 3545 753 3626 ordine
769 3544 908 3623 milicie
920 3545 1069 3652 Templi
1084 3547 1151 3654 qui
1163 3546 1321 3626 confessi
1338 3565 1425 3626 sunt
1439 3575 1587 3626 errores
1603 3547 1673 3627 sibi

245 3676 440 3784 impositos
460 3677 636 3755 dixerunt
660 3693 700 3754 et
718 3677 978 3784 deposuerunt
996 3677 1202 3756 veritatem.

300 3809 395 3886 ltem
408 3808 502 3886 dixit
515 3835 584 3914 per
595 3809 853 3916 juramentum
873 3835 985 3885 suum
1004 3809 1109 3914 quod
1125 3808 1177 3898 ri,
1198 3807 1257 3885 vel
1271 3824 1377 3886 metu
1393 3824 1673 3887 tormentorum

244 3937 301 4016 vel
320 3938 410 4016 alias
428 3965 506 4016 non
527 3937 621 4016 dixit
640 3936 743 4016 aliud
757 3966 870 4046 quarn
884 3939 1094 4027 veritatem,
1114 3966 1185 4016 nec
1203 3939 1243 4016 in
1260 3938 1453 4044 premissis
1467 3938 1674 4019 immiscuit

244 4067 410 4176 aliquam
430 4067 643 4162 falsitatem,
666 4084 704 4145 et
723 4067 828 4177 quod
844 4098 977 4176 puram
995 4070 1189 4148 veritatem
1210 4068 1304 4146 dixit
1321 4097 1390 4175 pro
1411 4068 1534 4147 salute
1549 4068 1672 4146 anime

245 4228 322 4278 sue.

300 4332 409 4409 Facte
425 4348 514 4410 sunt
527 4332 599 4409 hec
611 4329 863 4412 confessiones
878 4360 946 4412 seu
956 4334 1217 4441 deposiciones
1232 4333 1423 4413 dictorum
1439 4349 1525 4412 octo
1543 4333 1674 4409 imme

246 4461 344 4538 diate
363 4463 653 4567 precedencium
668 4461 827 4542 fratrum
843 4465 987 4545 ordinis
1000 4465 1140 4544 milicie
1150 4464 1318 4572 Templi,
1331 4463 1560 4573 juramentis
1568 4462 1674 4570 prius

246 4591 292 4668 ab
304 4590 431 4680 eis,ut
439 4594 682 4699 premittitur,
697 4594 880 4700 prestitis,
902 4596 1064 4674 Parisios
1081 4596 1121 4673 in
1142 4595 1259 4675 domo
1279 4595 1451 4702 Templi,
1474 4620 1596 4687 anno,
1616 4593 1675 4669 in·

246 4719 427 4812 dictione,
455 4722 695 4828 pontificatu,
727 4753 825 4804 anno
854 4743 891 4803 et
920 4725 980 4805 die
1007 4726 1203 4833 predictis,
1232 4725 1470 4833 presentibus
1488 4722 1675 4831 religiosis
