4236 5948
349 558 396 629 60
739 554 932 628 PROCES
960 552 1053 623 DES
1079 545 1377 622 TEMPLIERS.

347 711 529 802 gaverunt
554 710 715 781 certum,
744 710 871 770 tamen
892 721 930 768 se
951 719 1029 767 esse
1056 690 1148 765 dixit
1171 688 1276 793 quod
1303 715 1436 763 eorum
1461 684 1621 762 alterum
1648 689 1769 763 dictus

348 843 518 931 receptor
544 824 765 912 nominavit,
793 843 831 899 et
855 822 924 929 ipsi
950 820 1238 925 abnegaverunt.
1268 819 1378 909 ltem,
1404 816 1496 892 dixit
1516 819 1621 921 qnod
1641 835 1769 924 postea

347 957 514 1062 precepit
534 956 586 1031 eis
605 955 708 1061 quod
729 972 909 1060 spuerent
927 981 1040 1058 super
1063 951 1200 1037 dictam
1223 977 1389 1038 crucem,
1416 949 1504 1053 quia
1527 949 1599 1025 hoc
1622 966 1700 1025 erat
1721 950 1768 1025 de

348 1087 495 1191 punctis
516 1085 604 1163 dicti
626 1085 784 1173 ordinis,
815 1102 853 1160 et
871 1102 960 1160 tunc
979 1083 1050 1186 ipsi
1071 1081 1209 1186 recepti
1235 1096 1418 1184 spuerunt
1433 1078 1539 1186 juxta
1559 1107 1637 1155 non
1657 1107 1769 1185 super

348 1216 485 1292 dictam
507 1242 671 1302 crucem3
699 1215 878 1319 premissa
898 1213 987 1289 lecit
1008 1212 1129 1287 dictus
1148 1210 1254 1287 testis
1274 1238 1340 1287 ore
1359 1237 1435 1285 non
1458 1209 1586 1296 corde,
1612 1209 1769 1286 credens

348 1345 447 1421 idem
467 1345 514 1421 de
541 1344 637 1434 aliis,
660 1361 814 1450 propter
836 1343 940 1450 signa
962 1342 1200 1448 displicencie
1221 1369 1294 1446 que
1323 1339 1608 1444 pretendebant.
1631 1340 1770 1444 Requi·

345 1475 439 1551 situs
459 1475 544 1580 quis
557 1502 688 1550 eorum
708 1474 831 1579 primo
852 1473 941 1549 lecit
960 1473 1252 1578 abnegacionem
1269 1487 1306 1546 et
1319 1469 1552 1574 spuicionem
1567 1469 1765 1574 predictas,

347 1605 438 1680 dixit
457 1605 562 1710 quod
583 1604 773 1708 predictus
792 1605 983 1680 lohannes
1008 1604 1055 1678 dc
1079 1601 1259 1678 Noviomo
1280 1599 1353 1675 luit
1371 1600 1515 1704 primus
1539 1600 1577 1674 in
1598 1598 1768 1674 faciendo
1798 1607 1805 1617 “

347 1735 529 1840 predicta,
554 1736 688 1840 etipse
709 1736 815 1811 testis
835 1735 1039 1825 secundus,
1062 1750 1099 1809 et
1113 1733 1207 1809 alter
1224 1733 1414 1809 lohannes
1431 1732 1581 1808 tercius.
1605 1732 1770 1807 Postmo-

347 1866 440 1941 dum
462 1866 584 1943 dictus
604 1882 776 1971 receptor
797 1864 889 1941 dixit
914 1865 967 1940 eis
986 1865 1106 1970 quod,
1129 1864 1158 1939 si
1184 1879 1425 1939 moverentur
1450 1861 1571 1938 calore
1590 1860 1765 1949 naturali,

347 2012 521 2099 poterant
541 1995 740 2074 carnaliter
762 1995 995 2071 commisceri
1017 2024 1102 2070 cum
1123 1993 1300 2070 fratribus
1320 1993 1464 2070 ordinis
1484 2010 1522 2069 et
1542 1992 1596 2068 illi
1617 2020 1763 2079 secum,

346 2142 383 2199 et
399 2125 505 2229 quod
528 2153 628 2200 unus
652 2125 699 2200 de
724 2124 797 2200 alio
821 2125 981 2201 debebat
1006 2125 1097 2230 pati,
1120 2124 1327 2200 secundum
1349 2141 1486 2228 puncta
1502 2122 1664 2209 ordinis,
1689 2124 1765 2227 ipse

344 2273 471 2331 tamen
490 2283 567 2330 non
589 2254 678 2330 lecit
695 2283 765 2330 nec
784 2254 857 2330 luit
878 2255 1096 2361 requisitus,
1117 2284 1186 2330 nec
1206 2253 1326 2330 credit
1346 2252 1452 2359 quod
1473 2253 1604 2330 fratres
1625 2253 1767 2331 ordinis

344 2401 537 2490 peccatum
553 2384 652 2461 illud
667 2385 956 2461 committerent.
975 2385 1123 2461 Deinde
1139 2374 1306 2491 precepit
1322 2384 1374 2461 eis
1389 2383 1494 2489 quod
1509 2383 1767 2460 oscularentur

346 2543 432 2591 eum
452 2515 491 2590 in
508 2542 597 2604 ano,
618 2515 686 2620 ipsi
709 2531 928 2592 tamennon
952 2513 1103 2591 suerunt
1122 2544 1210 2591 eum
1226 2514 1318 2590 inibi
1336 2512 1508 2604 osculati,
1530 2512 1596 2589 sed
1617 2514 1767 2591 elevatis

344 2646 476 2751 pannis
497 2646 708 2751 predictum
729 2663 961 2751 receptorem
984 2645 1139 2723 luerunt
1155 2643 1311 2723 osculati
1335 2645 1374 2721 in
1396 2645 1500 2749 spina
1522 2644 1623 2721 dorsi
1646 2648 1763 2734 nuda,

344 2793 382 2852 et
394 2777 466 2852 hoc
479 2764 663 2863 lecerunt,
677 2775 869 2881 quiadiait
882 2777 934 2851 eis
949 2776 1145 2881 quoderat
1161 2777 1208 2851 de
1221 2776 1369 2881 punctis
1382 2775 1536 2852 ordinis.
1552 2777 1766 2880 Requisitus

344 2906 427 3010 quis
443 2933 575 2982 eorum
591 2905 714 3010 primo
730 2903 819 2981 fecit
835 2905 1006 2983 osculum
1023 2907 1296 3012 supradictum,
1314 2905 1509 3011 respondit
1523 2906 1627 3011 quod
1644 2906 1767 2982 dictus

341 3038 531 3112 lohannes
553 3036 601 3112 de
621 3035 804 3112 Noviomo
822 3037 964 3141 primo,
990 3037 1069 3141 ipse
1088 3038 1195 3113 testis
1213 3037 1381 3113 secundo
1405 3054 1442 3113 et
1466 3036 1560 3112 alter
1579 3039 1767 3114 lohannes

343 3166 478 3243 ultimo
501 3167 670 3242 fecerunt
695 3166 866 3241 osculum
889 3166 1158 3271 supradictum.
1185 3167 1399 3272 Requisitus
1426 3168 1457 3244 si
1482 3168 1551 3243 scit
1568 3167 1627 3244 vel
1648 3169 1766 3245 credit

344 3298 449 3404 quod
471 3295 533 3371 alii
554 3296 813 3400 reciperentur
830 3296 869 3371 in
888 3296 1021 3372 ordine
1039 3326 1106 3402 per
1127 3298 1285 3374 modurn
1301 3326 1368 3402 per
1390 3326 1478 3375 eum
1496 3299 1763 3388 conlessatum,

344 3427 541 3534 respondit
553 3454 592 3503 se
608 3427 771 3518 nescire,
788 3428 875 3533 quia
891 3456 968 3504 non
984 3427 1075 3503 vidit
1090 3427 1235 3533 aliquos
1247 3428 1340 3506 alios
1355 3429 1488 3535 recipi3
1509 3430 1629 3505 credit
1640 3447 1765 3506 tamen

343 3558 448 3663 quod
469 3557 530 3633 alii
552 3558 805 3633 communiter
825 3559 1080 3664 reciperentur
1098 3559 1137 3633 in
1156 3559 1289 3635 ordine
1313 3559 1409 3635 sicut
1431 3588 1469 3635 se
1496 3577 1534 3635 et
1552 3558 1645 3636 alios
1670 3560 1766 3639 duos

344 3689 520 3793 deposuit
548 3687 660 3764 luisse
686 3706 867 3795 receptos.
894 3690 1025 3767 Credit
1047 3690 1303 3768 ecclesiasticis
1330 3693 1584 3777 sacramentis;
1611 3692 1768 3769 credens

344 3819 460 3894 eciam
477 3818 581 3923 quod
599 3818 662 3895 alii
678 3820 892 3908 crederent,
912 3839 948 3896 et
963 3822 1068 3926 quod
1083 3850 1214 3899 eorum
1234 3821 1445 3899 sacerdotes
1460 3820 1586 3897 debite
1603 3822 1767 3899 celebra-

343 3966 442 4024 rent.
465 3949 596 4027 Statim
619 3950 853 4028 habebantur
874 3980 944 4056 pro
963 3952 1148 4057 professis.
1178 3954 1428 4058 Recepciones
1450 3951 1592 4029 fiebant
1618 3953 1767 4030 clande-

341 4080 453 4168 stine,
475 4081 617 4158 scilicet
638 4081 753 4158 nullis
771 4081 1009 4186 presentibus
1028 4081 1100 4161 nisi
1118 4082 1296 4160 fratribus
1316 4083 1476 4172 ordinis,
1499 4112 1542 4160 ex
1557 4112 1633 4189 quo
1648 4086 1768 4163 credit

342 4212 448 4317 quod
478 4230 575 4289 esset
600 4213 698 4288 mala
726 4212 887 4318 suspicio
915 4197 1043 4290 contra
1073 4243 1148 4292 eos.
1180 4214 1357 4292 Cordulis
1386 4213 1631 4322 cingebantur
1654 4244 1768 4323 super

343 4341 527 4434 camisias,
550 4371 641 4448 quas
660 4341 891 4448 recipiebant
914 4345 1015 4420 unde
1038 4344 1225 4422 volebant.
1252 4346 1466 4454 lnjunctum
1490 4344 1560 4422 fuit
1587 4347 1639 4423 eis
1664 4348 1769 4453 quod

343 4500 419 4547 non
440 4472 649 4549 revelarent
664 4489 804 4550 secreta
825 4473 1093 4578 capitulorum,
1112 4494 1149 4551 et
1167 4476 1237 4552 sub
1257 4475 1332 4553 hoc
1350 4475 1613 4553 continebatur
1632 4477 1768 4554 modus

341 4601 587 4707 recepcionis,
605 4621 643 4679 et
657 4604 722 4709 qui
735 4604 961 4682 revelassent
975 4606 1133 4685 luissent
1147 4606 1288 4712 puniti,
1303 4607 1422 4684 nescit
1433 4606 1603 4713 qualiter.
1622 4609 1767 4685 Fratres

343 4730 502 4809 scientes
524 4760 668 4810 errores
688 4733 878 4839 predictos
898 4736 1128 4845 negligentes
1147 4735 1302 4815 fuerunt
1320 4737 1407 4845 quia
1425 4765 1502 4813 non
1526 4758 1768 4817 correxerunt

342 4891 405 4940 eos
425 4891 494 4940 nec
516 4862 837 4943 denunciaverunt
856 4867 1031 4946 Ecclesie.
1058 4870 1291 4949 Elemosinas
1309 4886 1349 4946 et
1368 4869 1658 4982 hospitalitatem
1678 4870 1768 4947 vidit
