<?xml version="1.0" encoding="UTF-8"?>
<!DOCTYPE html PUBLIC "-//W3C//DTD XHTML 1.0 Transitional//EN"
    "http://www.w3.org/TR/xhtml1/DTD/xhtml1-transitional.dtd">
<html xmlns="http://www.w3.org/1999/xhtml" xml:lang="en" lang="en">
 <head>
  <title>
</title>
<meta http-equiv="Content-Type" content="text/html;charset=utf-8" />
  <meta name='ocr-system' content='tesseract 3.04.00' />
  <meta name='ocr-capabilities' content='ocr_page ocr_carea ocr_par ocr_line ocrx_word'/>
</head>
<body>
  <div class='ocr_page' id='page_1' title='image "./procsdestemplie00defegoog/procsdestemplie00defegoog_0071.png"; bbox 0 0 4236 5948; ppageno 0'>
   <div class='ocr_carea' id='block_1_1' title="bbox 343 526 1376 603">
    <p class='ocr_par' dir='ltr' id='par_1_1' title="bbox 343 526 1376 603">
     <span class='ocr_line' id='line_1_1' title="bbox 343 526 1376 603; baseline -0.005 -2"><span class='ocrx_word' id='word_1_1' title='bbox 343 534 390 601; x_wconf 62' lang='lat' dir='ltr'>{itt</span> <span class='ocrx_word' id='word_1_2' title='bbox 730 526 928 603; x_wconf 73' lang='lat' dir='ltr'>l’ltOCES</span> <span class='ocrx_word' id='word_1_3' title='bbox 955 530 1050 601; x_wconf 66' lang='lat' dir='ltr'>urs</span> <span class='ocrx_word' id='word_1_4' title='bbox 1075 529 1376 600; x_wconf 72' lang='lat' dir='ltr'>Tssttt’ttfittS.</span> 
     </span>
    </p>
   </div>
   <div class='ocr_carea' id='block_1_2' title="bbox 340 668 1769 1427">
    <p class='ocr_par' dir='ltr' id='par_1_2' title="bbox 340 668 1769 1165">
     <span class='ocr_line' id='line_1_2' title="bbox 340 668 1765 777; baseline -0.004 -29"><span class='ocrx_word' id='word_1_5' title='bbox 340 674 488 749; x_wconf 72' lang='lat' dir='ltr'>cinisem</span> <span class='ocrx_word' id='word_1_6' title='bbox 505 700 610 748; x_wconf 76' lang='lat' dir='ltr'>visam</span> <span class='ocrx_word' id='word_1_7' title='bbox 630 672 734 777; x_wconf 73' lang='lat' dir='ltr'>qnod</span> <span class='ocrx_word' id='word_1_8' title='bbox 753 699 829 749; x_wconf 90' lang='lat' dir='ltr'>non</span> <span class='ocrx_word' id='word_1_9' title='bbox 844 670 1067 748; x_wconf 75' lang='lat' dir='ltr'><strong>intendebat</strong></span> <span class='ocrx_word' id='word_1_10' title='bbox 1082 669 1259 746; x_wconf 85' lang='lat' dir='ltr'>recedere</span> <span class='ocrx_word' id='word_1_11' title='bbox 1283 669 1332 744; x_wconf 89' lang='lat' dir='ltr'>ab</span> <span class='ocrx_word' id='word_1_12' title='bbox 1353 668 1422 743; x_wconf 87' lang='lat' dir='ltr'>alia</span> <span class='ocrx_word' id='word_1_13' title='bbox 1442 668 1683 771; x_wconf 85' lang='lat' dir='ltr'>deposicione</span> <span class='ocrx_word' id='word_1_14' title='bbox 1700 695 1765 772; x_wconf 89' lang='lat' dir='ltr'>per</span> 
     </span>
     <span class='ocr_line' id='line_1_3' title="bbox 342 794 1768 904; baseline -0.002 -29"><span class='ocrx_word' id='word_1_15' title='bbox 342 830 427 875; x_wconf 67' lang='lat' dir='ltr'>ctam</span> <span class='ocrx_word' id='word_1_16' title='bbox 456 800 546 875; x_wconf 78' lang='lat' dir='ltr'>lacta</span> <span class='ocrx_word' id='word_1_17' title='bbox 568 827 691 876; x_wconf 67' lang='lat' dir='ltr'>coram</span> <span class='ocrx_word' id='word_1_18' title='bbox 718 799 821 877; x_wconf 83' lang='lat' dir='ltr'>dicte</span> <span class='ocrx_word' id='word_1_19' title='bbox 846 800 1004 877; x_wconf 83' lang='lat' dir='ltr'>domino</span> <span class='ocrx_word' id='word_1_20' title='bbox 1026 800 1204 904; x_wconf 86' lang='lat' dir='ltr'>episcopo</span> <span class='ocrx_word' id='word_1_21' title='bbox 1222 797 1483 874; x_wconf 80' lang='lat' dir='ltr'>Ambianensi:</span> <span class='ocrx_word' id='word_1_22' title='bbox 1505 812 1544 870; x_wconf 89' lang='lat' dir='ltr'>et</span> <span class='ocrx_word' id='word_1_23' title='bbox 1559 794 1631 871; x_wconf 88' lang='lat' dir='ltr'>luit</span> <span class='ocrx_word' id='word_1_24' title='bbox 1652 797 1688 871; x_wconf 90' lang='lat' dir='ltr'>ei</span> <span class='ocrx_word' id='word_1_25' title='bbox 1708 798 1768 872; x_wconf 89' lang='lat' dir='ltr'>in·</span> 
     </span>
     <span class='ocr_line' id='line_1_4' title="bbox 343 928 1769 1035; baseline -0.001 -32"><span class='ocrx_word' id='word_1_26' title='bbox 343 934 512 1035; x_wconf 65' lang='lat' dir='ltr'>perustum</span> <span class='ocrx_word' id='word_1_27' title='bbox 532 928 635 1035; x_wconf 78' lang='lat' dir='ltr'>rprcnl</span> <span class='ocrx_word' id='word_1_28' title='bbox 654 957 728 1005; x_wconf 74' lang='lat' dir='ltr'>rivin</span> <span class='ocrx_word' id='word_1_29' title='bbox 751 929 932 1007; x_wconf 75' lang='lat' dir='ltr'>revelaret</span> <span class='ocrx_word' id='word_1_30' title='bbox 946 930 1043 1005; x_wconf 85' lang='lat' dir='ltr'>banc</span> <span class='ocrx_word' id='word_1_31' title='bbox 1060 956 1166 1005; x_wconf 85' lang='lat' dir='ltr'>suam</span> <span class='ocrx_word' id='word_1_32' title='bbox 1188 928 1491 1032; x_wconf 83' lang='lat' dir='ltr'>deposicionem,</span> <span class='ocrx_word' id='word_1_33' title='bbox 1512 945 1769 1032; x_wconf 77' lang='lat' dir='ltr'>quousqueat</span> 
     </span>
     <span class='ocr_line' id='line_1_5' title="bbox 344 1058 945 1165; baseline 0.003 -32"><span class='ocrx_word' id='word_1_34' title='bbox 344 1060 564 1136; x_wconf 69' lang='lat' dir='ltr'>testationes</span> <span class='ocrx_word' id='word_1_35' title='bbox 587 1058 726 1134; x_wconf 75' lang='lat' dir='ltr'>luerint</span> <span class='ocrx_word' id='word_1_36' title='bbox 746 1060 945 1165; x_wconf 78' lang='lat' dir='ltr'>publicate.</span> 
     </span>
    </p>

    <p class='ocr_par' dir='ltr' id='par_1_3' title="bbox 349 1186 1767 1427">
     <span class='ocr_line' id='line_1_6' title="bbox 403 1186 1767 1294; baseline -0.002 -27"><span class='ocrx_word' id='word_1_37' title='bbox 403 1194 488 1267; x_wconf 77' lang='lat' dir='ltr'>,leta</span> <span class='ocrx_word' id='word_1_38' title='bbox 512 1190 664 1265; x_wconf 75' lang='lat' dir='ltr'>ltrenrnt</span> <span class='ocrx_word' id='word_1_39' title='bbox 688 1190 757 1265; x_wconf 85' lang='lat' dir='ltr'>bec</span> <span class='ocrx_word' id='word_1_40' title='bbox 776 1189 887 1266; x_wconf 70' lang='lat' dir='ltr'>diem</span> <span class='ocrx_word' id='word_1_41' title='bbox 908 1190 971 1266; x_wconf 90' lang='lat' dir='ltr'>die</span> <span class='ocrx_word' id='word_1_42' title='bbox 992 1208 1030 1265; x_wconf 88' lang='lat' dir='ltr'>et</span> <span class='ocrx_word' id='word_1_43' title='bbox 1052 1189 1154 1279; x_wconf 89' lang='lat' dir='ltr'>loco,</span> <span class='ocrx_word' id='word_1_44' title='bbox 1178 1189 1417 1294; x_wconf 85' lang='lat' dir='ltr'>presentibus</span> <span class='ocrx_word' id='word_1_45' title='bbox 1431 1216 1493 1262; x_wconf 89' lang='lat' dir='ltr'>me</span> <span class='ocrx_word' id='word_1_46' title='bbox 1514 1186 1767 1264; x_wconf 75' lang='lat' dir='ltr'>floriamonte</span> 
     </span>
     <span class='ocr_line' id='line_1_7' title="bbox 349 1318 1446 1427; baseline -0.003 -31"><span class='ocrx_word' id='word_1_47' title='bbox 349 1319 558 1409; x_wconf 74' lang='lat' dir='ltr'>ltnridedei,</span> <span class='ocrx_word' id='word_1_48' title='bbox 581 1336 618 1395; x_wconf 89' lang='lat' dir='ltr'>et</span> <span class='ocrx_word' id='word_1_49' title='bbox 638 1318 720 1395; x_wconf 77' lang='lat' dir='ltr'>aliis</span> <span class='ocrx_word' id='word_1_50' title='bbox 736 1320 891 1396; x_wconf 84' lang='lat' dir='ltr'>notariis</span> <span class='ocrx_word' id='word_1_51' title='bbox 909 1349 1019 1427; x_wconf 87' lang='lat' dir='ltr'>supra</span> <span class='ocrx_word' id='word_1_52' title='bbox 1042 1320 1214 1425; x_wconf 79' lang='lat' dir='ltr'>proximo</span> <span class='ocrx_word' id='word_1_53' title='bbox 1232 1319 1446 1395; x_wconf 89' lang='lat' dir='ltr'>nominatis.</span> 
     </span>
    </p>
   </div>
   <div class='ocr_carea' id='block_1_3' title="bbox 344 1578 1772 4937">
    <p class='ocr_par' dir='ltr' id='par_1_4' title="bbox 344 1578 1772 4937">
     <span class='ocr_line' id='line_1_8' title="bbox 402 1578 1764 1686; baseline -0.001 -29"><span class='ocrx_word' id='word_1_54' title='bbox 402 1586 487 1659; x_wconf 84' lang='lat' dir='ltr'>l&#39;ovt</span> <span class='ocrx_word' id='word_1_55' title='bbox 508 1582 578 1657; x_wconf 87' lang='lat' dir='ltr'>bec</span> <span class='ocrx_word' id='word_1_56' title='bbox 593 1580 654 1655; x_wconf 79' lang='lat' dir='ltr'>ilie</span> <span class='ocrx_word' id='word_1_57' title='bbox 680 1582 785 1657; x_wconf 81' lang='lat' dir='ltr'>lune</span> <span class='ocrx_word' id='word_1_58' title='bbox 798 1581 992 1686; x_wconf 76' lang='lat' dir='ltr'>sequenti,</span> <span class='ocrx_word' id='word_1_59' title='bbox 1014 1608 1090 1685; x_wconf 86' lang='lat' dir='ltr'>que</span> <span class='ocrx_word' id='word_1_60' title='bbox 1106 1581 1175 1656; x_wconf 86' lang='lat' dir='ltr'>suit</span> <span class='ocrx_word' id='word_1_61' title='bbox 1193 1607 1236 1656; x_wconf 82' lang='lat' dir='ltr'>xv</span> <span class='ocrx_word' id='word_1_62' title='bbox 1252 1581 1334 1657; x_wconf 90' lang='lat' dir='ltr'>dies</span> <span class='ocrx_word' id='word_1_63' title='bbox 1355 1579 1445 1655; x_wconf 92' lang='lat' dir='ltr'>dicti</span> <span class='ocrx_word' id='word_1_64' title='bbox 1466 1580 1606 1654; x_wconf 87' lang='lat' dir='ltr'>mensis</span> <span class='ocrx_word' id='word_1_65' title='bbox 1617 1578 1764 1668; x_wconf 75' lang='lat' dir='ltr'>llarcii,</span> 
     </span>
     <span class='ocr_line' id='line_1_9' title="bbox 346 1710 1768 1816; baseline -0.001 -29"><span class='ocrx_word' id='word_1_66' title='bbox 346 1714 415 1788; x_wconf 88' lang='lat' dir='ltr'>luit</span> <span class='ocrx_word' id='word_1_67' title='bbox 441 1712 627 1789; x_wconf 80' lang='lat' dir='ltr'>adductus</span> <span class='ocrx_word' id='word_1_68' title='bbox 647 1711 693 1787; x_wconf 88' lang='lat' dir='ltr'>ad</span> <span class='ocrx_word' id='word_1_69' title='bbox 717 1710 947 1816; x_wconf 69' lang='lat' dir='ltr'>presenciam</span> <span class='ocrx_word' id='word_1_70' title='bbox 973 1711 1197 1788; x_wconf 88' lang='lat' dir='ltr'>eorumdem</span> <span class='ocrx_word' id='word_1_71' title='bbox 1225 1711 1468 1787; x_wconf 90' lang='lat' dir='ltr'>dominorum</span> <span class='ocrx_word' id='word_1_72' title='bbox 1493 1710 1768 1786; x_wconf 87' lang='lat' dir='ltr'>commissario-</span> 
     </span>
     <span class='ocr_line' id='line_1_10' title="bbox 345 1837 1770 1949; baseline -0.001 -31"><span class='ocrx_word' id='word_1_73' title='bbox 345 1858 488 1918; x_wconf 84' lang='lat' dir='ltr'>mmet</span> <span class='ocrx_word' id='word_1_74' title='bbox 512 1840 655 1917; x_wconf 81' lang='lat' dir='ltr'>‹lernini</span> <span class='ocrx_word' id='word_1_75' title='bbox 682 1841 840 1926; x_wconf 83' lang='lat' dir='ltr'>Mathei‚</span> <span class='ocrx_word' id='word_1_76' title='bbox 862 1841 1006 1948; x_wconf 82' lang='lat' dir='ltr'>Symon</span> <span class='ocrx_word' id='word_1_77' title='bbox 1033 1839 1072 1918; x_wconf 90' lang='lat' dir='ltr'>lo</span> <span class='ocrx_word' id='word_1_78' title='bbox 1100 1843 1225 1949; x_wconf 84' lang='lat' dir='ltr'>Begue</span> <span class='ocrx_word' id='word_1_79' title='bbox 1251 1842 1434 1926; x_wconf 88' lang='lat' dir='ltr'>serviens,</span> <span class='ocrx_word' id='word_1_80' title='bbox 1462 1837 1770 1918; x_wconf 82' lang='lat' dir='ltr'>Altisiodorensis</span> 
     </span>
     <span class='ocr_line' id='line_1_11' title="bbox 344 1969 1767 2079; baseline 0 -34"><span class='ocrx_word' id='word_1_81' title='bbox 344 1973 519 2061; x_wconf 83' lang='lat' dir='ltr'>diocesis,</span> <span class='ocrx_word' id='word_1_82' title='bbox 543 1972 648 2049; x_wconf 82' lang='lat' dir='ltr'>testis</span> <span class='ocrx_word' id='word_1_83' title='bbox 667 2001 778 2076; x_wconf 86' lang='lat' dir='ltr'>supra</span> <span class='ocrx_word' id='word_1_84' title='bbox 794 1973 959 2079; x_wconf 81' lang='lat' dir='ltr'>juratus,</span> <span class='ocrx_word' id='word_1_85' title='bbox 977 1989 1019 2047; x_wconf 89' lang='lat' dir='ltr'>ut</span> <span class='ocrx_word' id='word_1_86' title='bbox 1038 1971 1248 2076; x_wconf 82' lang='lat' dir='ltr'>deponeret</span> <span class='ocrx_word' id='word_1_87' title='bbox 1266 1970 1410 2048; x_wconf 91' lang='lat' dir='ltr'>dictum</span> <span class='ocrx_word' id='word_1_88' title='bbox 1430 1999 1565 2053; x_wconf 89' lang='lat' dir='ltr'>suum,</span> <span class='ocrx_word' id='word_1_89' title='bbox 1588 1998 1665 2044; x_wconf 91' lang='lat' dir='ltr'>non</span> <span class='ocrx_word' id='word_1_90' title='bbox 1685 1969 1767 2045; x_wconf 86' lang='lat' dir='ltr'>des-</span> 
     </span>
     <span class='ocr_line' id='line_1_12' title="bbox 344 2100 1765 2208; baseline -0.002 -29"><span class='ocrx_word' id='word_1_91' title='bbox 344 2106 468 2179; x_wconf 82' lang='lat' dir='ltr'>l&#39;erens</span> <span class='ocrx_word' id='word_1_92' title='bbox 488 2100 711 2181; x_wconf 87' lang='lat' dir='ltr'>mantellum</span> <span class='ocrx_word' id='word_1_93' title='bbox 732 2101 891 2192; x_wconf 82' lang='lat' dir='ltr'>ordinis,</span> <span class='ocrx_word' id='word_1_94' title='bbox 908 2103 996 2208; x_wconf 88' lang='lat' dir='ltr'>quia</span> <span class='ocrx_word' id='word_1_95' title='bbox 1017 2102 1141 2205; x_wconf 90' lang='lat' dir='ltr'>ipsum</span> <span class='ocrx_word' id='word_1_96' title='bbox 1161 2101 1372 2178; x_wconf 83' lang='lat' dir='ltr'>voluntarie</span> <span class='ocrx_word' id='word_1_97' title='bbox 1392 2100 1603 2190; x_wconf 87' lang='lat' dir='ltr'>dimiserat,</span> <span class='ocrx_word' id='word_1_98' title='bbox 1630 2117 1668 2179; x_wconf 90' lang='lat' dir='ltr'>et</span> <span class='ocrx_word' id='word_1_99' title='bbox 1685 2100 1765 2177; x_wconf 89' lang='lat' dir='ltr'>radi</span> 
     </span>
     <span class='ocr_line' id='line_1_13' title="bbox 345 2230 1767 2336; baseline -0.001 -28"><span class='ocrx_word' id='word_1_100' title='bbox 345 2236 481 2308; x_wconf 76' lang='lat' dir='ltr'>lecerat</span> <span class='ocrx_word' id='word_1_101' title='bbox 504 2232 575 2308; x_wconf 86' lang='lat' dir='ltr'>sibi</span> <span class='ocrx_word' id='word_1_102' title='bbox 600 2232 772 2320; x_wconf 85' lang='lat' dir='ltr'>barbam,</span> <span class='ocrx_word' id='word_1_103' title='bbox 799 2230 996 2311; x_wconf 87' lang='lat' dir='ltr'>absolutus</span> <span class='ocrx_word' id='word_1_104' title='bbox 1024 2249 1061 2308; x_wconf 91' lang='lat' dir='ltr'>et</span> <span class='ocrx_word' id='word_1_105' title='bbox 1085 2231 1349 2309; x_wconf 89' lang='lat' dir='ltr'>reconciliatus</span> <span class='ocrx_word' id='word_1_106' title='bbox 1373 2260 1441 2336; x_wconf 91' lang='lat' dir='ltr'>per</span> <span class='ocrx_word' id='word_1_107' title='bbox 1461 2230 1660 2307; x_wconf 91' lang='lat' dir='ltr'>dominum</span> <span class='ocrx_word' id='word_1_108' title='bbox 1689 2231 1767 2336; x_wconf 90' lang='lat' dir='ltr'>epi·</span> 
     </span>
     <span class='ocr_line' id='line_1_14' title="bbox 344 2361 1766 2469; baseline -0.001 -29"><span class='ocrx_word' id='word_1_109' title='bbox 344 2392 499 2469; x_wconf 80' lang='lat' dir='ltr'>scopum</span> <span class='ocrx_word' id='word_1_110' title='bbox 517 2361 841 2452; x_wconf 78' lang='lat' dir='ltr'>Aurelianensem,</span> <span class='ocrx_word' id='word_1_111' title='bbox 860 2361 1038 2450; x_wconf 74' lang='lat' dir='ltr'>senonis,</span> <span class='ocrx_word' id='word_1_112' title='bbox 1053 2362 1118 2468; x_wconf 85' lang='lat' dir='ltr'>qui</span> <span class='ocrx_word' id='word_1_113' title='bbox 1136 2363 1380 2468; x_wconf 82' lang='lat' dir='ltr'>inquisiverat</span> <span class='ocrx_word' id='word_1_114' title='bbox 1393 2389 1480 2436; x_wconf 89' lang='lat' dir='ltr'>cum</span> <span class='ocrx_word' id='word_1_115' title='bbox 1493 2361 1646 2451; x_wconf 90' lang='lat' dir='ltr'>eodem,</span> <span class='ocrx_word' id='word_1_116' title='bbox 1660 2389 1766 2465; x_wconf 20' lang='lat' dir='ltr'>‚sexa-</span> 
     </span>
     <span class='ocr_line' id='line_1_15' title="bbox 344 2490 1767 2600; baseline 0.001 -33"><span class='ocrx_word' id='word_1_117' title='bbox 344 2493 519 2595; x_wconf 71' lang='lat' dir='ltr'>genarius</span> <span class='ocrx_word' id='word_1_118' title='bbox 533 2493 588 2569; x_wconf 88' lang='lat' dir='ltr'>vel</span> <span class='ocrx_word' id='word_1_119' title='bbox 609 2492 714 2570; x_wconf 87' lang='lat' dir='ltr'>circa.</span> <span class='ocrx_word' id='word_1_120' title='bbox 739 2493 860 2569; x_wconf 85' lang='lat' dir='ltr'>Lectis</span> <span class='ocrx_word' id='word_1_121' title='bbox 880 2510 1007 2570; x_wconf 90' lang='lat' dir='ltr'>autem</span> <span class='ocrx_word' id='word_1_122' title='bbox 1027 2509 1065 2568; x_wconf 90' lang='lat' dir='ltr'>et</span> <span class='ocrx_word' id='word_1_123' title='bbox 1082 2491 1286 2600; x_wconf 83' lang='lat' dir='ltr'>diligenter</span> <span class='ocrx_word' id='word_1_124' title='bbox 1305 2491 1481 2598; x_wconf 85' lang='lat' dir='ltr'>expositis</span> <span class='ocrx_word' id='word_1_125' title='bbox 1497 2490 1567 2566; x_wconf 92' lang='lat' dir='ltr'>sibi</span> <span class='ocrx_word' id='word_1_126' title='bbox 1589 2490 1767 2568; x_wconf 87' lang='lat' dir='ltr'>omnihus</span> 
     </span>
     <span class='ocr_line' id='line_1_16' title="bbox 345 2621 1766 2731; baseline 0.001 -35"><span class='ocrx_word' id='word_1_127' title='bbox 345 2640 384 2697; x_wconf 86' lang='lat' dir='ltr'>et</span> <span class='ocrx_word' id='word_1_128' title='bbox 396 2622 553 2731; x_wconf 80' lang='lat' dir='ltr'>singulis</span> <span class='ocrx_word' id='word_1_129' title='bbox 566 2622 746 2711; x_wconf 87' lang='lat' dir='ltr'>articulis,</span> <span class='ocrx_word' id='word_1_130' title='bbox 764 2623 959 2729; x_wconf 89' lang='lat' dir='ltr'>respondit</span> <span class='ocrx_word' id='word_1_131' title='bbox 972 2651 1009 2698; x_wconf 90' lang='lat' dir='ltr'>se</span> <span class='ocrx_word' id='word_1_132' title='bbox 1027 2623 1188 2712; x_wconf 90' lang='lat' dir='ltr'>nescire,</span> <span class='ocrx_word' id='word_1_133' title='bbox 1209 2651 1278 2699; x_wconf 89' lang='lat' dir='ltr'>nec</span> <span class='ocrx_word' id='word_1_134' title='bbox 1294 2621 1478 2699; x_wconf 89' lang='lat' dir='ltr'>audivisse</span> <span class='ocrx_word' id='word_1_135' title='bbox 1501 2621 1592 2708; x_wconf 87' lang='lat' dir='ltr'>dici,</span> <span class='ocrx_word' id='word_1_136' title='bbox 1611 2649 1766 2699; x_wconf 89' lang='lat' dir='ltr'>necere·</span> 
     </span>
     <span class='ocr_line' id='line_1_17' title="bbox 346 2749 1765 2860; baseline 0.003 -37"><span class='ocrx_word' id='word_1_137' title='bbox 346 2752 435 2831; x_wconf 74' lang='lat' dir='ltr'>«lere</span> <span class='ocrx_word' id='word_1_138' title='bbox 448 2751 494 2829; x_wconf 88' lang='lat' dir='ltr'>de</span> <span class='ocrx_word' id='word_1_139' title='bbox 509 2752 695 2831; x_wconf 89' lang='lat' dir='ltr'>contentis</span> <span class='ocrx_word' id='word_1_140' title='bbox 709 2753 747 2829; x_wconf 94' lang='lat' dir='ltr'>in</span> <span class='ocrx_word' id='word_1_141' title='bbox 767 2753 820 2829; x_wconf 85' lang='lat' dir='ltr'>eis</span> <span class='ocrx_word' id='word_1_142' title='bbox 830 2753 901 2830; x_wconf 91' lang='lat' dir='ltr'>nisi</span> <span class='ocrx_word' id='word_1_143' title='bbox 915 2754 1021 2858; x_wconf 91' lang='lat' dir='ltr'>quod</span> <span class='ocrx_word' id='word_1_144' title='bbox 1033 2754 1215 2860; x_wconf 90' lang='lat' dir='ltr'>sequitur,</span> <span class='ocrx_word' id='word_1_145' title='bbox 1231 2781 1398 2831; x_wconf 87' lang='lat' dir='ltr'>asserens</span> <span class='ocrx_word' id='word_1_146' title='bbox 1415 2781 1453 2828; x_wconf 89' lang='lat' dir='ltr'>se</span> <span class='ocrx_word' id='word_1_147' title='bbox 1465 2779 1542 2828; x_wconf 91' lang='lat' dir='ltr'>non</span> <span class='ocrx_word' id='word_1_148' title='bbox 1555 2749 1765 2830; x_wconf 83' lang='lat' dir='ltr'>interfuisse</span> 
     </span>
     <span class='ocr_line' id='line_1_18' title="bbox 346 2880 1772 2989; baseline -0.003 -32"><span class='ocrx_word' id='word_1_149' title='bbox 346 2881 553 2987; x_wconf 85' lang='lat' dir='ltr'>recepcioni</span> <span class='ocrx_word' id='word_1_150' title='bbox 576 2880 734 2986; x_wconf 86' lang='lat' dir='ltr'>alicujus</span> <span class='ocrx_word' id='word_1_151' title='bbox 750 2881 903 2959; x_wconf 88' lang='lat' dir='ltr'>alterius</span> <span class='ocrx_word' id='word_1_152' title='bbox 925 2883 994 2959; x_wconf 91' lang='lat' dir='ltr'>nisi</span> <span class='ocrx_word' id='word_1_153' title='bbox 1014 2912 1096 2973; x_wconf 89' lang='lat' dir='ltr'>sue,</span> <span class='ocrx_word' id='word_1_154' title='bbox 1120 2912 1190 2959; x_wconf 91' lang='lat' dir='ltr'>nee</span> <span class='ocrx_word' id='word_1_155' title='bbox 1208 2882 1383 2989; x_wconf 87' lang='lat' dir='ltr'>capitulis</span> <span class='ocrx_word' id='word_1_156' title='bbox 1406 2909 1551 2959; x_wconf 84' lang='lat' dir='ltr'>eorum.</span> <span class='ocrx_word' id='word_1_157' title='bbox 1567 2882 1648 2986; x_wconf 90' lang='lat' dir='ltr'>lpse</span> <span class='ocrx_word' id='word_1_158' title='bbox 1665 2883 1772 2957; x_wconf 88' lang='lat' dir='ltr'>enim.</span> 
     </span>
     <span class='ocr_line' id='line_1_19' title="bbox 346 3011 1767 3118; baseline 0.002 -31"><span class='ocrx_word' id='word_1_159' title='bbox 346 3012 416 3087; x_wconf 89' lang='lat' dir='ltr'>l&#39;uit</span> <span class='ocrx_word' id='word_1_160' title='bbox 431 3029 602 3117; x_wconf 85' lang='lat' dir='ltr'>receptus</span> <span class='ocrx_word' id='word_1_161' title='bbox 619 3012 656 3087; x_wconf 93' lang='lat' dir='ltr'>in</span> <span class='ocrx_word' id='word_1_162' title='bbox 670 3011 810 3117; x_wconf 85' lang='lat' dir='ltr'>capella</span> <span class='ocrx_word' id='word_1_163' title='bbox 825 3013 960 3089; x_wconf 91' lang='lat' dir='ltr'>domus</span> <span class='ocrx_word' id='word_1_164' title='bbox 970 3013 1120 3118; x_wconf 86' lang='lat' dir='ltr'>Templi</span> <span class='ocrx_word' id='word_1_165' title='bbox 1132 3015 1180 3089; x_wconf 91' lang='lat' dir='ltr'>de</span> <span class='ocrx_word' id='word_1_166' title='bbox 1198 3011 1294 3090; x_wconf 90' lang='lat' dir='ltr'>Villa</span> <span class='ocrx_word' id='word_1_167' title='bbox 1309 3013 1445 3090; x_wconf 81' lang='lat' dir='ltr'>Moron</span> <span class='ocrx_word' id='word_1_168' title='bbox 1462 3011 1767 3090; x_wconf 86' lang='lat' dir='ltr'>Altisiodorensis</span> 
     </span>
     <span class='ocr_line' id='line_1_20' title="bbox 346 3142 1767 3252; baseline 0.001 -35"><span class='ocrx_word' id='word_1_169' title='bbox 346 3142 519 3230; x_wconf 85' lang='lat' dir='ltr'>diocesis,</span> <span class='ocrx_word' id='word_1_170' title='bbox 536 3143 630 3219; x_wconf 87' lang='lat' dir='ltr'>circa</span> <span class='ocrx_word' id='word_1_171' title='bbox 646 3144 789 3219; x_wconf 84' lang='lat' dir='ltr'>instans</span> <span class='ocrx_word' id='word_1_172' title='bbox 801 3142 937 3218; x_wconf 78' lang='lat' dir='ltr'>testum</span> <span class='ocrx_word' id='word_1_173' title='bbox 954 3143 1092 3220; x_wconf 86' lang='lat' dir='ltr'>Pasche</span> <span class='ocrx_word' id='word_1_174' title='bbox 1107 3160 1218 3220; x_wconf 91' lang='lat' dir='ltr'>erunt</span> <span class='ocrx_word' id='word_1_175' title='bbox 1232 3144 1393 3252; x_wconf 85' lang='lat' dir='ltr'>trigenta</span> <span class='ocrx_word' id='word_1_176' title='bbox 1404 3143 1491 3220; x_wconf 87' lang='lat' dir='ltr'>anni</span> <span class='ocrx_word' id='word_1_177' title='bbox 1502 3142 1561 3220; x_wconf 90' lang='lat' dir='ltr'>vel</span> <span class='ocrx_word' id='word_1_178' title='bbox 1575 3143 1686 3232; x_wconf 85' lang='lat' dir='ltr'>eirca,</span> <span class='ocrx_word' id='word_1_179' title='bbox 1700 3172 1767 3248; x_wconf 89' lang='lat' dir='ltr'>per</span> 
     </span>
     <span class='ocr_line' id='line_1_21' title="bbox 347 3269 1766 3378; baseline 0.002 -34"><span class='ocrx_word' id='word_1_180' title='bbox 347 3272 495 3346; x_wconf 87' lang='lat' dir='ltr'>l&#39;ratrem</span> <span class='ocrx_word' id='word_1_181' title='bbox 520 3269 715 3347; x_wconf 86' lang='lat' dir='ltr'>Galterum</span> <span class='ocrx_word' id='word_1_182' title='bbox 729 3269 898 3347; x_wconf 88' lang='lat' dir='ltr'>Gonterii</span> <span class='ocrx_word' id='word_1_183' title='bbox 923 3271 1116 3377; x_wconf 85' lang='lat' dir='ltr'>quondam</span> <span class='ocrx_word' id='word_1_184' title='bbox 1138 3274 1376 3364; x_wconf 88' lang='lat' dir='ltr'>servientem,</span> <span class='ocrx_word' id='word_1_185' title='bbox 1398 3291 1489 3362; x_wconf 87' lang='lat' dir='ltr'>tunc</span> <span class='ocrx_word' id='word_1_186' title='bbox 1508 3289 1766 3378; x_wconf 84' lang='lat' dir='ltr'>preceptorem</span> 
     </span>
     <span class='ocr_line' id='line_1_22' title="bbox 346 3399 1767 3505; baseline 0.006 -34"><span class='ocrx_word' id='word_1_187' title='bbox 346 3400 443 3477; x_wconf 85' lang='lat' dir='ltr'>dicte</span> <span class='ocrx_word' id='word_1_188' title='bbox 465 3400 618 3490; x_wconf 87' lang='lat' dir='ltr'>domus,</span> <span class='ocrx_word' id='word_1_189' title='bbox 641 3399 877 3505; x_wconf 88' lang='lat' dir='ltr'>presentibus</span> <span class='ocrx_word' id='word_1_190' title='bbox 896 3401 1072 3479; x_wconf 82' lang='lat' dir='ltr'>fratribus</span> <span class='ocrx_word' id='word_1_191' title='bbox 1093 3401 1301 3480; x_wconf 89' lang='lat' dir='ltr'>Guillelmo</span> <span class='ocrx_word' id='word_1_192' title='bbox 1321 3401 1478 3494; x_wconf 90' lang='lat' dir='ltr'>Villani,</span> <span class='ocrx_word' id='word_1_193' title='bbox 1495 3400 1715 3483; x_wconf 82' lang='lat' dir='ltr'>Guautredo</span> <span class='ocrx_word' id='word_1_194' title='bbox 1730 3421 1767 3479; x_wconf 89' lang='lat' dir='ltr'>et</span> 
     </span>
     <span class='ocr_line' id='line_1_23' title="bbox 345 3528 1767 3620; baseline 0.004 -19"><span class='ocrx_word' id='word_1_195' title='bbox 345 3528 551 3605; x_wconf 81' lang='lat' dir='ltr'>(inillelrno</span> <span class='ocrx_word' id='word_1_196' title='bbox 572 3528 741 3607; x_wconf 84' lang='lat' dir='ltr'>(iuilhon</span> <span class='ocrx_word' id='word_1_197' title='bbox 768 3531 944 3608; x_wconf 80' lang='lat' dir='ltr'>fratribus</span> <span class='ocrx_word' id='word_1_198' title='bbox 969 3531 1179 3609; x_wconf 87' lang='lat' dir='ltr'>carnalibus</span> <span class='ocrx_word' id='word_1_199' title='bbox 1209 3532 1475 3619; x_wconf 88' lang='lat' dir='ltr'>servientibus,</span> <span class='ocrx_word' id='word_1_200' title='bbox 1499 3532 1709 3620; x_wconf 83' lang='lat' dir='ltr'>deffunctis‚</span> <span class='ocrx_word' id='word_1_201' title='bbox 1727 3533 1767 3607; x_wconf 93' lang='lat' dir='ltr'>in</span> 
     </span>
     <span class='ocr_line' id='line_1_24' title="bbox 347 3648 1768 3768; baseline 0.002 -35"><span class='ocrx_word' id='word_1_202' title='bbox 347 3660 447 3735; x_wconf 84' lang='lat' dir='ltr'>bunc</span> <span class='ocrx_word' id='word_1_203' title='bbox 468 3658 625 3736; x_wconf 91' lang='lat' dir='ltr'>modum</span> <span class='ocrx_word' id='word_1_204' title='bbox 644 3661 871 3740; x_wconf 68' lang='lat' dir='ltr'>:enimenim</span> <span class='ocrx_word' id='word_1_205' title='bbox 890 3662 1062 3766; x_wconf 84' lang='lat' dir='ltr'>peciisset</span> <span class='ocrx_word' id='word_1_206' title='bbox 1083 3691 1218 3766; x_wconf 88' lang='lat' dir='ltr'>panem</span> <span class='ocrx_word' id='word_1_207' title='bbox 1234 3678 1271 3738; x_wconf 93' lang='lat' dir='ltr'>et</span> <span class='ocrx_word' id='word_1_208' title='bbox 1293 3648 1447 3768; x_wconf 85' lang='lat' dir='ltr'>aquarn,</span> <span class='ocrx_word' id='word_1_209' title='bbox 1464 3663 1679 3738; x_wconf 87' lang='lat' dir='ltr'>societatem</span> <span class='ocrx_word' id='word_1_210' title='bbox 1696 3661 1768 3737; x_wconf 82' lang='lat' dir='ltr'>sra-</span> 
     </span>
     <span class='ocr_line' id='line_1_25' title="bbox 347 3791 1765 3897; baseline 0.003 -34"><span class='ocrx_word' id='word_1_211' title='bbox 347 3806 446 3865; x_wconf 81' lang='lat' dir='ltr'>trnni</span> <span class='ocrx_word' id='word_1_212' title='bbox 465 3805 502 3865; x_wconf 89' lang='lat' dir='ltr'>et</span> <span class='ocrx_word' id='word_1_213' title='bbox 515 3816 717 3895; x_wconf 73' lang='lat' dir='ltr'>pauperem</span> <span class='ocrx_word' id='word_1_214' title='bbox 735 3791 909 3867; x_wconf 89' lang='lat' dir='ltr'>vestitum</span> <span class='ocrx_word' id='word_1_215' title='bbox 930 3791 1096 3885; x_wconf 86' lang='lat' dir='ltr'>ordinis,</span> <span class='ocrx_word' id='word_1_216' title='bbox 1123 3809 1160 3869; x_wconf 91' lang='lat' dir='ltr'>et</span> <span class='ocrx_word' id='word_1_217' title='bbox 1179 3792 1321 3869; x_wconf 90' lang='lat' dir='ltr'>dictum</span> <span class='ocrx_word' id='word_1_218' title='bbox 1343 3810 1381 3869; x_wconf 90' lang='lat' dir='ltr'>et</span> <span class='ocrx_word' id='word_1_219' title='bbox 1401 3821 1627 3897; x_wconf 88' lang='lat' dir='ltr'>responsum.</span> <span class='ocrx_word' id='word_1_220' title='bbox 1642 3792 1712 3869; x_wconf 83' lang='lat' dir='ltr'>luit</span> <span class='ocrx_word' id='word_1_221' title='bbox 1730 3792 1765 3871; x_wconf 90' lang='lat' dir='ltr'>ei</span> 
     </span>
     <span class='ocr_line' id='line_1_26' title="bbox 346 3917 1767 4027; baseline 0.005 -36"><span class='ocrx_word' id='word_1_222' title='bbox 346 3918 448 4023; x_wconf 82' lang='lat' dir='ltr'>quod</span> <span class='ocrx_word' id='word_1_223' title='bbox 480 3918 575 3995; x_wconf 85' lang='lat' dir='ltr'>bene</span> <span class='ocrx_word' id='word_1_224' title='bbox 603 3917 845 4012; x_wconf 83' lang='lat' dir='ltr'>deliberaret,</span> <span class='ocrx_word' id='word_1_225' title='bbox 875 3921 963 4027; x_wconf 87' lang='lat' dir='ltr'>quia</span> <span class='ocrx_word' id='word_1_226' title='bbox 989 3922 1107 3997; x_wconf 87' lang='lat' dir='ltr'>multa</span> <span class='ocrx_word' id='word_1_227' title='bbox 1136 3923 1230 3999; x_wconf 87' lang='lat' dir='ltr'>dura</span> <span class='ocrx_word' id='word_1_228' title='bbox 1252 3938 1289 3998; x_wconf 88' lang='lat' dir='ltr'>et</span> <span class='ocrx_word' id='word_1_229' title='bbox 1316 3951 1441 4026; x_wconf 87' lang='lat' dir='ltr'>aspera</span> <span class='ocrx_word' id='word_1_230' title='bbox 1468 3939 1658 4026; x_wconf 81' lang='lat' dir='ltr'>oporteret</span> <span class='ocrx_word' id='word_1_231' title='bbox 1678 3951 1767 3998; x_wconf 87' lang='lat' dir='ltr'>eum</span> 
     </span>
     <span class='ocr_line' id='line_1_27' title="bbox 346 4047 1768 4158; baseline 0.006 -39"><span class='ocrx_word' id='word_1_232' title='bbox 346 4047 547 4136; x_wconf 75' lang='lat' dir='ltr'>stistinere3</span> <span class='ocrx_word' id='word_1_233' title='bbox 566 4048 717 4126; x_wconf 87' lang='lat' dir='ltr'>tandem</span> <span class='ocrx_word' id='word_1_234' title='bbox 740 4050 821 4155; x_wconf 89' lang='lat' dir='ltr'>ipso</span> <span class='ocrx_word' id='word_1_235' title='bbox 843 4051 1002 4128; x_wconf 86' lang='lat' dir='ltr'>instante</span> <span class='ocrx_word' id='word_1_236' title='bbox 1024 4080 1092 4156; x_wconf 90' lang='lat' dir='ltr'>pro</span> <span class='ocrx_word' id='word_1_237' title='bbox 1118 4051 1337 4158; x_wconf 86' lang='lat' dir='ltr'>recepcione</span> <span class='ocrx_word' id='word_1_238' title='bbox 1356 4080 1435 4143; x_wconf 87' lang='lat' dir='ltr'>sua,</span> <span class='ocrx_word' id='word_1_239' title='bbox 1457 4051 1577 4127; x_wconf 90' lang='lat' dir='ltr'>dictus</span> <span class='ocrx_word' id='word_1_240' title='bbox 1598 4070 1768 4156; x_wconf 88' lang='lat' dir='ltr'>receptor</span> 
     </span>
     <span class='ocr_line' id='line_1_28' title="bbox 348 4176 1768 4285; baseline 0.003 -33"><span class='ocrx_word' id='word_1_241' title='bbox 348 4176 432 4253; x_wconf 72' lang='lat' dir='ltr'>lecit</span> <span class='ocrx_word' id='word_1_242' title='bbox 457 4206 544 4255; x_wconf 80' lang='lat' dir='ltr'>euin</span> <span class='ocrx_word' id='word_1_243' title='bbox 569 4206 699 4254; x_wconf 86' lang='lat' dir='ltr'>vovera</span> <span class='ocrx_word' id='word_1_244' title='bbox 720 4195 758 4255; x_wconf 89' lang='lat' dir='ltr'>et</span> <span class='ocrx_word' id='word_1_245' title='bbox 772 4181 899 4285; x_wconf 87' lang='lat' dir='ltr'>jurare</span> <span class='ocrx_word' id='word_1_246' title='bbox 920 4181 1144 4271; x_wconf 87' lang='lat' dir='ltr'>castitatem,</span> <span class='ocrx_word' id='word_1_247' title='bbox 1175 4180 1451 4269; x_wconf 87' lang='lat' dir='ltr'>obedienciam,</span> <span class='ocrx_word' id='word_1_248' title='bbox 1479 4200 1515 4257; x_wconf 89' lang='lat' dir='ltr'>et</span> <span class='ocrx_word' id='word_1_249' title='bbox 1542 4182 1661 4257; x_wconf 89' lang='lat' dir='ltr'>vivere</span> <span class='ocrx_word' id='word_1_250' title='bbox 1687 4182 1768 4257; x_wconf 91' lang='lat' dir='ltr'>sine</span> 
     </span>
     <span class='ocr_line' id='line_1_29' title="bbox 348 4307 1768 4410; baseline 0.004 -30"><span class='ocrx_word' id='word_1_251' title='bbox 348 4308 519 4410; x_wconf 82' lang='lat' dir='ltr'>proprio,</span> <span class='ocrx_word' id='word_1_252' title='bbox 542 4334 685 4383; x_wconf 86' lang='lat' dir='ltr'>servare</span> <span class='ocrx_word' id='word_1_253' title='bbox 714 4307 834 4384; x_wconf 90' lang='lat' dir='ltr'>bonos</span> <span class='ocrx_word' id='word_1_254' title='bbox 863 4338 951 4386; x_wconf 90' lang='lat' dir='ltr'>usus</span> <span class='ocrx_word' id='word_1_255' title='bbox 972 4327 1009 4386; x_wconf 88' lang='lat' dir='ltr'>et</span> <span class='ocrx_word' id='word_1_256' title='bbox 1036 4309 1153 4386; x_wconf 90' lang='lat' dir='ltr'>bonas</span> <span class='ocrx_word' id='word_1_257' title='bbox 1178 4311 1485 4401; x_wconf 89' lang='lat' dir='ltr'>consuetudines,</span> <span class='ocrx_word' id='word_1_258' title='bbox 1510 4329 1546 4386; x_wconf 89' lang='lat' dir='ltr'>et</span> <span class='ocrx_word' id='word_1_259' title='bbox 1566 4338 1643 4387; x_wconf 92' lang='lat' dir='ltr'>non</span> <span class='ocrx_word' id='word_1_260' title='bbox 1662 4339 1768 4386; x_wconf 89' lang='lat' dir='ltr'>reve-</span> 
     </span>
     <span class='ocr_line' id='line_1_30' title="bbox 349 4435 1768 4545; baseline 0.004 -34"><span class='ocrx_word' id='word_1_261' title='bbox 349 4435 422 4511; x_wconf 82' lang='lat' dir='ltr'>lare</span> <span class='ocrx_word' id='word_1_262' title='bbox 444 4455 582 4513; x_wconf 83' lang='lat' dir='ltr'>secreta</span> <span class='ocrx_word' id='word_1_263' title='bbox 603 4436 755 4515; x_wconf 86' lang='lat' dir='ltr'>ordinis.</span> <span class='ocrx_word' id='word_1_264' title='bbox 780 4438 868 4530; x_wconf 86' lang='lat' dir='ltr'>Quo</span> <span class='ocrx_word' id='word_1_265' title='bbox 882 4437 995 4528; x_wconf 83' lang='lat' dir='ltr'>facto,</span> <span class='ocrx_word' id='word_1_266' title='bbox 1019 4441 1200 4545; x_wconf 90' lang='lat' dir='ltr'>imposuit</span> <span class='ocrx_word' id='word_1_267' title='bbox 1219 4440 1290 4518; x_wconf 90' lang='lat' dir='ltr'>sibi</span> <span class='ocrx_word' id='word_1_268' title='bbox 1307 4441 1546 4529; x_wconf 88' lang='lat' dir='ltr'>mantellum,</span> <span class='ocrx_word' id='word_1_269' title='bbox 1565 4442 1694 4545; x_wconf 89' lang='lat' dir='ltr'>etipse</span> <span class='ocrx_word' id='word_1_270' title='bbox 1710 4468 1768 4516; x_wconf 84' lang='lat' dir='ltr'>re·</span> 
     </span>
     <span class='ocr_line' id='line_1_31' title="bbox 348 4566 1768 4669; baseline 0.005 -32"><span class='ocrx_word' id='word_1_271' title='bbox 348 4582 476 4669; x_wconf 76' lang='lat' dir='ltr'>ceptor</span> <span class='ocrx_word' id='word_1_272' title='bbox 497 4583 534 4642; x_wconf 85' lang='lat' dir='ltr'>et</span> <span class='ocrx_word' id='word_1_273' title='bbox 553 4585 713 4644; x_wconf 84' lang='lat' dir='ltr'>astantes</span> <span class='ocrx_word' id='word_1_274' title='bbox 729 4566 882 4647; x_wconf 88' lang='lat' dir='ltr'>luerunt</span> <span class='ocrx_word' id='word_1_275' title='bbox 896 4597 983 4647; x_wconf 91' lang='lat' dir='ltr'>eum</span> <span class='ocrx_word' id='word_1_276' title='bbox 996 4567 1153 4647; x_wconf 86' lang='lat' dir='ltr'>osculati</span> <span class='ocrx_word' id='word_1_277' title='bbox 1167 4570 1207 4644; x_wconf 92' lang='lat' dir='ltr'>in</span> <span class='ocrx_word' id='word_1_278' title='bbox 1228 4597 1305 4645; x_wconf 89' lang='lat' dir='ltr'>ore.</span> <span class='ocrx_word' id='word_1_279' title='bbox 1324 4571 1571 4647; x_wconf 90' lang='lat' dir='ltr'>Postmodum</span> <span class='ocrx_word' id='word_1_280' title='bbox 1593 4570 1768 4647; x_wconf 81' lang='lat' dir='ltr'>instruxit</span> 
     </span>
     <span class='ocr_line' id='line_1_32' title="bbox 348 4698 1768 4809; baseline 0.004 -41"><span class='ocrx_word' id='word_1_281' title='bbox 348 4724 433 4771; x_wconf 60' lang='lat' dir='ltr'>vium</span> <span class='ocrx_word' id='word_1_282' title='bbox 448 4713 541 4801; x_wconf 78' lang='lat' dir='ltr'>(prot</span> <span class='ocrx_word' id='word_1_283' title='bbox 556 4698 666 4775; x_wconf 80' lang='lat' dir='ltr'>Pater</span> <span class='ocrx_word' id='word_1_284' title='bbox 676 4714 790 4776; x_wconf 85' lang='lat' dir='ltr'>noster</span> <span class='ocrx_word' id='word_1_285' title='bbox 804 4698 947 4777; x_wconf 87' lang='lat' dir='ltr'>diceret</span> <span class='ocrx_word' id='word_1_286' title='bbox 959 4729 1026 4804; x_wconf 91' lang='lat' dir='ltr'>pro</span> <span class='ocrx_word' id='word_1_287' title='bbox 1038 4699 1194 4806; x_wconf 82' lang='lat' dir='ltr'>singulis</span> <span class='ocrx_word' id='word_1_288' title='bbox 1207 4700 1321 4786; x_wconf 87' lang='lat' dir='ltr'>horis,</span> <span class='ocrx_word' id='word_1_289' title='bbox 1341 4718 1377 4777; x_wconf 91' lang='lat' dir='ltr'>et</span> <span class='ocrx_word' id='word_1_290' title='bbox 1391 4699 1554 4806; x_wconf 88' lang='lat' dir='ltr'>qualiter</span> <span class='ocrx_word' id='word_1_291' title='bbox 1567 4730 1605 4777; x_wconf 91' lang='lat' dir='ltr'>se</span> <span class='ocrx_word' id='word_1_292' title='bbox 1621 4717 1768 4809; x_wconf 87' lang='lat' dir='ltr'>regeret</span> 
     </span>
     <span class='ocr_line' id='line_1_33' title="bbox 348 4825 1765 4937; baseline 0.005 -40"><span class='ocrx_word' id='word_1_293' title='bbox 348 4842 382 4899; x_wconf 81' lang='lat' dir='ltr'>et</span> <span class='ocrx_word' id='word_1_294' title='bbox 397 4825 549 4903; x_wconf 76' lang='lat' dir='ltr'>belioret</span> <span class='ocrx_word' id='word_1_295' title='bbox 560 4828 595 4902; x_wconf 91' lang='lat' dir='ltr'>in</span> <span class='ocrx_word' id='word_1_296' title='bbox 605 4828 749 4905; x_wconf 86' lang='lat' dir='ltr'>ordine.</span> <span class='ocrx_word' id='word_1_297' title='bbox 761 4830 906 4905; x_wconf 83' lang='lat' dir='ltr'>Deinde.</span> <span class='ocrx_word' id='word_1_298' title='bbox 922 4831 1086 4936; x_wconf 89' lang='lat' dir='ltr'>precepit</span> <span class='ocrx_word' id='word_1_299' title='bbox 1099 4831 1133 4906; x_wconf 89' lang='lat' dir='ltr'>ei</span> <span class='ocrx_word' id='word_1_300' title='bbox 1145 4831 1249 4936; x_wconf 93' lang='lat' dir='ltr'>quod</span> <span class='ocrx_word' id='word_1_301' title='bbox 1266 4849 1418 4936; x_wconf 89' lang='lat' dir='ltr'>spueret</span> <span class='ocrx_word' id='word_1_302' title='bbox 1433 4860 1547 4935; x_wconf 90' lang='lat' dir='ltr'>super</span> <span class='ocrx_word' id='word_1_303' title='bbox 1563 4831 1765 4937; x_wconf 87' lang='lat' dir='ltr'>quamdam</span> 
     </span>
    </p>
   </div>
   <div class='ocr_carea' id='block_1_4' title="bbox 0 0 2129 5940">
    <p class='ocr_par' dir='ltr' id='par_1_5' title="bbox 0 0 2129 5940">
     <span class='ocr_line' id='line_1_34' title="bbox 0 0 2129 5940; baseline 0 0"><span class='ocrx_word' id='word_1_304' title='bbox 0 0 2129 5940; x_wconf 95' lang='lat' dir='ltr'> </span> 
     </span>
    </p>
   </div>
  </div>
 </body>
</html>
