4236 5948
620 529 816 621 moces
845 542 937 621 oss
965 550 1267 628 retrectans.
1606 559 1652 630 57

232 705 356 765 mente
384 689 432 764 de
458 685 691 763 Hodenvilha
717 690 979 780 servientibus,
1004 693 1220 783 dellunctis;
1246 724 1362 804 aquo
1383 715 1575 803 receptore
1600 701 1656 773 in-

233 837 370 896 stanter
388 835 426 895 et
440 817 658 923 frequenter
670 820 796 925 petitis
808 849 905 927 pane
919 836 959 899 et
973 851 1085 930 aqua,
1102 827 1278 903 societate
1296 845 1334 904 et
1347 856 1511 934 paupere
1523 829 1656 905 babitu

233 951 390 1038 ordinis,
414 950 526 1056 eique
547 977 726 1055 responso
743 953 848 1057 quod
870 953 968 1030 bene
988 954 1231 1048 deliberaret,
1255 960 1342 1064 quia
1360 976 1550 1064 oporteret
1568 987 1654 1036 eum

233 1109 304 1156 ase
322 1080 494 1158 abdicare
507 1081 698 1186 propriam
714 1081 964 1171 voluntatem,
987 1101 1025 1161 et
1037 1085 1171 1193 subjici
1189 1088 1327 1181 alieno,
1347 1089 1488 1165 esurire
1503 1087 1656 1195 quando

232 1211 342 1287 vellet
367 1209 585 1300 comedere,
614 1229 651 1286 et
677 1211 842 1318 vigillare
865 1215 1017 1318 quando
1039 1215 1151 1293 vellet
1171 1218 1355 1308 dormire,
1384 1236 1420 1295 et
1445 1220 1564 1295 multa
1586 1219 1656 1295 alia

233 1343 323 1419 dura
344 1361 382 1420 et
401 1370 529 1447 aspera
550 1343 753 1431 sustinere,
781 1344 943 1421 finaliter
968 1346 1054 1422 lecit
1077 1376 1164 1423 eum
1189 1378 1320 1426 vovere
1341 1367 1379 1425 et
1397 1349 1524 1456 jurare
1548 1351 1656 1425 casti-

232 1491 361 1566 tatem,
387 1474 509 1549 vivere
535 1473 614 1549 sine
638 1475 810 1579 proprio,
836 1492 873 1551 et
898 1476 1054 1553 obedire
1081 1479 1259 1555 omnibus
1279 1480 1563 1585 preceptoribus
1589 1482 1653 1586 qui

233 1620 530 1710 proponerentur
554 1604 698 1691 eidem,
727 1632 869 1681 servare
896 1607 1017 1683 bonos
1042 1636 1132 1684 usus
1155 1627 1191 1685 et
1218 1610 1335 1686 bonas
1360 1610 1654 1686 consuetudines

232 1734 385 1811 ordinis.
404 1735 492 1826 Quo
507 1732 620 1820 lacto,
636 1734 816 1839 imposuit
829 1735 862 1811 ei
879 1737 1120 1828 mantellum,
1136 1756 1174 1814 et
1186 1740 1265 1845 ipse
1280 1756 1316 1814 et
1327 1756 1487 1815 astantes
1501 1737 1656 1814 luerunt

231 1892 315 1941 eum
341 1863 497 1941 osculati
524 1864 563 1939 in
593 1893 669 1941 ore.
700 1865 847 1942 Deinde
872 1868 1040 1974 precepit
1065 1869 1188 1946 dictu's
1215 1886 1385 1974 receptor
1412 1868 1587 1974 Philippo
1618 1888 1656 1946 et

230 1994 337 2071 Petro
352 1994 531 2100 predictis
543 1995 648 2100 quod
665 1996 806 2071 exirent
822 2013 859 2071 et
873 1997 971 2073 irent
984 1999 1031 2073 ad
1047 1998 1168 2075 officia
1183 2028 1248 2075 sua
1265 1999 1497 2105 exequenda;
1515 2015 1653 2075 etcum

183 2218 191 2230 ·
230 2124 283 2200 illi
304 2126 560 2214 recessissent,
582 2125 748 2231 precepit
771 2126 849 2231 ipse
875 2145 1044 2233 receptor
1071 2130 1196 2207 eidem
1220 2130 1305 2206 testi
1328 2130 1430 2235 quod
1452 2127 1655 2235 abnegaret

229 2256 367 2347 Deum,
393 2258 432 2332 in
452 2256 644 2363 presencia
666 2257 755 2331 dicti
774 2255 997 2349 Clementis3
1019 2278 1164 2337 etcum
1190 2262 1269 2366 ipse
1295 2261 1501 2346 resisteret,
1525 2258 1654 2335 dicens

230 2388 332 2492 quod
341 2388 414 2465 hoe
429 2387 536 2464 nullo
550 2385 667 2463 modo
679 2386 832 2475 laceret,
854 2389 976 2465 dictus
991 2408 1164 2496 receptor
1180 2390 1272 2467 dixit
1290 2391 1323 2466 ei
1335 2391 1439 2496 quod
1456 2390 1655 2494 oportebat

230 2544 315 2593 eum
333 2517 535 2624 abnegare,
558 2519 644 2623 quia
667 2518 739 2593 nisi
761 2518 831 2594 boc
851 2516 989 2596 laceret
1008 2521 1155 2610 volens,
1178 2521 1268 2599 alias
1284 2521 1422 2599 laceret
1442 2522 1595 2612 invitus,
1617 2540 1655 2598 et

230 2648 332 2753 quod
343 2647 545 2756 abnegaret
558 2647 691 2725 saltem
706 2676 770 2724 ore
780 2676 857 2725 non
870 2653 999 2742 corde;
1016 2669 1054 2729 et
1067 2669 1157 2729 tunc
1173 2655 1251 2758 ipse
1264 2653 1370 2729 testis
1380 2651 1575 2757 abnegavit
1588 2679 1653 2728 ore

230 2805 302 2853 non
315 2780 440 2857 corde.
458 2780 704 2856 Postmodum
720 2781 888 2884 precepit
904 2781 938 2856 ei
956 2782 1061 2887 quod
1072 2801 1223 2888 spueret
1238 2783 1560 2889 superquamdam
1575 2810 1654 2857 cru-

230 2939 308 2987 cem
320 2911 494 3019 ligneam,
512 2927 555 2987 ut
572 2909 644 2986 sibi
662 2910 821 3001 videtur,
839 2939 908 2986 nec
918 2913 1138 2989 recordatur
1153 2915 1182 2989 si
1203 2929 1280 2989 erat
1295 2913 1347 2987 ibi
1364 2912 1489 3017 aliqua
1503 2939 1649 3017 ymago,

229 3040 377 3118 allatam
388 3070 456 3148 per
472 3042 615 3118 dictum
627 3041 864 3120 Clementem
878 3042 926 3118 de
936 3041 1042 3149 juxta
1063 3043 1195 3132 altare,
1217 3061 1254 3119 et
1274 3071 1360 3118 cum
1383 3042 1461 3146 ipse
1472 3040 1578 3117 testis
1592 3067 1652 3116 re·

229 3174 390 3262 sisteret,
414 3173 537 3251 dictus
556 3191 729 3278 receptor
749 3173 842 3249 dixit
858 3173 892 3249 ei
913 3174 1018 3278 quod
1039 3174 1111 3251 hoc
1128 3173 1327 3280 oportebat
1347 3201 1434 3249 eum
1455 3170 1593 3261 lacere,
1615 3186 1652 3245 et

192 3341 193 3345 ¹
229 3321 318 3381 tunc
338 3305 416 3411 ipse
436 3304 541 3381 testis
557 3304 659 3409 spuit
671 3305 777 3410 juxta
793 3331 869 3379 non
881 3332 992 3409 supra
1009 3304 1147 3381 dictam
1164 3334 1326 3381 crucem.
1347 3305 1453 3390 Item,
1475 3301 1568 3377 dixit
1581 3299 1652 3377 sibi

230 3435 350 3513 dictus
364 3453 535 3542 receptor
549 3434 670 3543 quod,
689 3435 719 3509 si
735 3454 949 3513 moveretur
963 3434 1085 3512 calore
1102 3436 1278 3522 naturali,
1296 3451 1442 3541 poterat
1456 3430 1653 3510 carnaliter

230 3566 461 3643 commisceri
483 3563 765 3643 cumfratribus
785 3565 929 3642 ordinis
958 3584 995 3641 et
1019 3567 1088 3672 ipsi
1113 3583 1288 3671 poterant
1307 3593 1393 3641 cum
1420 3591 1481 3653 eo,
1508 3579 1546 3638 et
1573 3562 1651 3667 ipse

230 3696 390 3774 debebat
416 3698 490 3774 hoc
512 3697 588 3802 pati
615 3695 823 3773 secundum
848 3712 986 3801 puncta
1012 3696 1172 3784 ordinis,
1202 3696 1280 3803 ipse
1305 3711 1431 3770 tamen
1455 3720 1650 3798 nunquam

229 3825 301 3903 boc
322 3825 412 3904 lecit
436 3854 505 3902 nec
524 3824 597 3902 luit
616 3825 835 3931 requisitus,
860 3853 929 3901 nec
951 3825 1070 3903 credit
1094 3827 1199 3932 quod
1219 3823 1350 3901 fratres
1370 3823 1487 3929 ipsius
1508 3822 1651 3899 ordinis

229 3955 327 4035 illud
335 3974 530 4064 peecatum
544 3956 836 4034 committerent.
852 3956 959 4043 ltem,
974 3955 1144 4062 precepit
1159 3955 1192 4031 ei
1206 3951 1550 4061 quodoseularetur
1562 3978 1650 4027 eum

228 4087 265 4162 in
289 4086 487 4179 umbilico,
510 4104 548 4164 et
569 4086 692 4163 dictus
707 4085 831 4174 testis,
855 4084 998 4162 elevato
1020 4083 1288 4191 supertunicali
1308 4083 1425 4188 ipsius
1449 4082 1652 4184 receptoris

226 4245 291 4323 per
310 4218 435 4325 ipsum
459 4235 708 4325 receptorem,
732 4215 806 4292 luit
828 4245 916 4293 eum
939 4216 1128 4293 osculatus
1151 4242 1270 4323 prope
1289 4211 1513 4290 umbilicum
1540 4239 1652 4315 supra

226 4349 403 4426 tunicam.
425 4349 506 4427 Alia
527 4347 657 4426 illicita
678 4376 754 4424 non
776 4349 1058 4424 intervenerunt
1078 4349 1116 4423 in
1138 4347 1236 4426 dicta
1256 4344 1476 4449 recepcione
1497 4370 1562 4416 sua
1583 4369 1653 4418 nec

225 4497 324 4586 post,
354 4478 513 4557 credens
538 4479 643 4585 quod
666 4479 798 4556 eadem
827 4478 1098 4555 intervenirent
1122 4477 1160 4553 in
1187 4471 1473 4582 recepcionibus
1492 4471 1653 4548 aliorum

225 4610 281 4688 vel
301 4629 387 4717 post
407 4628 445 4687 et
463 4610 703 4688 uniformiter
721 4610 864 4715 ubique
883 4610 1152 4714 reciperentur.
1174 4610 1285 4694 ltem,
1307 4603 1428 4682 credit
1443 4630 1482 4679 se
1499 4603 1652 4679 credere

225 4742 328 4848 quod
353 4741 485 4820 fratres
510 4742 653 4819 ordinis
678 4741 739 4818 alii
765 4741 863 4817 bene
889 4739 1088 4816 crederent
1111 4736 1367 4818 ecclesiasticis
1391 4734 1650 4823 sacramentis,

225 4868 388 4982 et‘quod
407 4874 485 4980 ipse
505 4872 719 4954 celebrabat
738 4873 776 4947 in
798 4871 931 4953 ordine
952 4869 1162 4948 secundum
1184 4867 1343 4946 formam
1359 4865 1542 4952 Ecclesia,
1574 4892 1654 4940 ore-

310 5010 422 5073 rnoclrs
437 5030 782 5072 resumeretis-n.
1502 5002 1522 5063 8
