4236 5948
350 533 425 601 aro
733 509 927 602 procus
959 528 1055 599 urs
1086 526 1390 598 murmura.

352 669 468 746 modo
487 667 615 744 habito
639 666 696 745 vel
719 667 914 758 habendo,
943 667 1009 742 sed
1033 694 1101 771 pro
1123 667 1274 741 veritate
1298 665 1474 755 dicenda,
1500 683 1543 741 ut
1568 666 1680 751 dixin
1712 671 1773 745 cui

351 800 424 876 luit
440 799 651 906 injunctum
669 798 775 904 quod
790 826 868 873 non
882 796 1064 873 revelaret
1078 797 1173 872 hanc
1190 824 1295 873 suam
1314 796 1612 901 deposicionem,
1630 825 1774 902 quous-

351 957 425 1035 que
449 928 709 1004 attestaciones
730 926 871 1003 suerint
891 926 1093 1033 publicato.

408 1060 494 1135 Acta
508 1057 663 1134 suerunt
681 1059 752 1134 hec
768 1057 829 1135 die
850 1076 888 1136 et
902 1058 987 1134 loco
1007 1056 1201 1163 predictis,
1222 1057 1461 1163 presentibus
1479 1057 1655 1162 magistro
1670 1058 1776 1136 Ami-

350 1191 420 1276 sio,
439 1218 499 1264 me
512 1188 768 1265 Floriamonte
788 1188 1005 1276 Doudedei,
1029 1204 1067 1264 et
1087 1187 1168 1265 aliis
1188 1188 1342 1265 notariis
1360 1216 1471 1290 supra
1491 1186 1627 1264 ultimo
1648 1190 1774 1264 nomi-

351 1337 456 1395 natis.

404 1586 491 1660 Post
511 1587 598 1675 hec,
617 1585 678 1660 die
699 1585 832 1661 Martis
844 1586 1034 1692 sequenti,
1055 1614 1129 1692 que
1146 1584 1217 1662 luit
1234 1612 1270 1662 ru
1288 1584 1368 1661 dies
1391 1583 1478 1661 dicti
1500 1584 1640 1661 mensis
1663 1583 1770 1673 maii,

348 1715 419 1789 suit
442 1715 627 1792 adductus
653 1716 701 1791 ad
727 1716 956 1820 presenciam
982 1715 1203 1792 eorumdem
1237 1715 1480 1791 dominorum
1501 1715 1774 1792 commissario-

347 1872 454 1932 rum,
475 1845 514 1920 in
536 1845 651 1922 domo
671 1847 838 1952 predicta
859 1845 1003 1924 domini
1034 1847 1132 1922 Petri
1164 1846 1209 1922 de
1231 1844 1437 1933 Sabaudia,
1458 1842 1571 1920 frater
1586 1845 1718 1922 Petrus
1738 1847 1773 1921 la

347 1974 496 2051 Vernha
520 1977 699 2068 serviens,
726 1978 982 2054 Xantonensis
996 1976 1172 2067 diocesis,
1195 1968 1301 2052 testis
1322 2003 1433 2082 supra
1455 1976 1622 2081 juratus,
1643 1993 1687 2051 ut
1706 1977 1773 2054 de·

348 2122 507 2207 poneret
524 2103 670 2180 dictum
685 2133 812 2195 suum,
834 2106 1178 2213 quinquagenarius
1200 2122 1237 2182 et
1252 2103 1366 2195 ultra,
1391 2102 1611 2180 mantellum
1625 2106 1773 2182 ordinis

348 2250 385 2307 et
396 2232 552 2310 barbam
569 2228 781 2325 defferens,
792 2264 878 2311 cum
894 2263 970 2342 quo
984 2236 1206 2343 inquisitum
1221 2234 1359 2322 luerat,
1380 2233 1575 2311 absolutus
1590 2250 1627 2310 et
1640 2264 1772 2313 recon-

348 2362 493 2441 ciliatus
510 2391 578 2469 per
592 2364 790 2442 dominum
806 2365 1025 2473 episcopum
1043 2368 1334 2443 Xantonensem.
1352 2366 1476 2442 Lectis
1494 2381 1620 2441 autem
1637 2382 1675 2441 et
1693 2364 1772 2441 dili·

345 2511 477 2599 genter
498 2495 673 2601 expositis
693 2495 764 2572 sibi
786 2495 964 2573 omnibus
980 2514 1018 2572 et
1037 2495 1194 2604 singulis
1221 2494 1402 2585 articulis,
1424 2495 1619 2600 respondit
1639 2523 1679 2572 se
1704 2524 1770 2572 ne-

345 2625 454 2716 scire,
475 2652 546 2700 uec
565 2625 739 2715 credere,
760 2654 831 2702 nec
855 2626 1039 2703 audivisse
1061 2626 1133 2701 dici
1156 2625 1204 2702 de
1225 2625 1410 2702 contentis
1427 2626 1465 2700 in
1492 2626 1545 2702 eis
1574 2625 1644 2702 nisi
1665 2626 1770 2730 quod

345 2754 527 2859 sequitur,
558 2755 646 2860 quia
675 2782 752 2830 non
782 2755 876 2831 vidit
900 2755 1015 2831 alium
1046 2754 1159 2860 recipi
1191 2754 1231 2829 in
1267 2754 1421 2843 ordine,
1449 2781 1517 2829 nec
1551 2752 1770 2829 interfuerat

345 2882 515 2989 capitulis
535 2911 679 2961 eorum.
699 2885 780 2990 lpse
799 2903 926 2962 autem
946 2901 1118 2993 receptus
1146 2883 1282 2973 fuerat,
1305 2884 1400 2960 circa
1419 2881 1555 2960 festum
1576 2883 1675 2962 beati
1699 2884 1769 2960 Mi-

345 3013 484 3092 chaelis
500 3015 670 3119 proximo
690 3015 911 3120 preteritum
931 3013 1085 3091 luerunt
1107 3015 1252 3091 circiter
1267 3013 1330 3091 nx¹i
1351 3016 1454 3104 anni,
1476 3015 1515 3089 in
1540 3013 1680 3121 capella
1702 3016 1768 3093 do·
1805 3020 1808 3026 ’

345 3174 428 3222 mus
447 3142 598 3250 Templi
624 3143 670 3219 de
695 3145 829 3251 Frotay
848 3145 1081 3221 Turonensis
1103 3145 1276 3231 diocesis,
1294 3172 1361 3249 per
1381 3143 1532 3221 fratrem
1557 3143 1768 3222 Gaardum

345 3274 391 3348 de
405 3273 534 3381 Nonay
551 3273 773 3350 servientem
795 3273 1007 3379 quondam,
1023 3291 1282 3380 preceptorem
1298 3292 1389 3350 tunc
1405 3275 1503 3352 dicte
1519 3274 1672 3365 domus,
1690 3303 1769 3381 pre·

342 3403 510 3479 sentibus
536 3401 712 3480 fratribus
738 3403 857 3479 Adam
884 3421 922 3480 et
944 3403 1070 3493 Helia,
1098 3432 1262 3510 quorum
1289 3406 1511 3513 cognomina
1538 3406 1703 3511 ignorat,
1731 3422 1769 3482 et

344 3530 424 3606 aliis
440 3530 657 3623 deffunctis,
679 3533 719 3606 in
738 3532 839 3608 hunc
852 3532 1011 3608 modum
1030 3564 1038 3607 ε
1058 3561 1143 3609 nam
1161 3562 1245 3609 cum
1261 3534 1434 3640 periisset
1455 3535 1636 3612 instanter
1649 3536 1768 3614 socie-

342 3678 456 3737 tatem
473 3661 632 3749 ordinis,
651 3662 738 3739 etei
756 3690 928 3740 concessa
943 3662 1090 3754 luisset,
1105 3663 1228 3740 dictus
1245 3681 1416 3771 receptor
1429 3663 1516 3740 lecit
1530 3692 1618 3742 eum
1635 3693 1767 3743 vovere

345 3809 381 3866 et
402 3793 529 3899 jurare
557 3820 671 3899 super
696 3793 900 3899 quemdam
924 3793 1064 3870 librum
1094 3796 1316 3886 castitatem,
1339 3795 1619 3888 obedienciam,
1647 3797 1768 3874 vivere

342 3922 422 3999 sine
443 3923 617 4029 proprio,
643 3952 787 4001 servare
807 3923 928 4002 bonos
948 3952 1040 4002 usus
1057 3925 1121 4031 qui
1137 3943 1230 4003 tunc
1245 3943 1349 4002 erant
1368 3927 1408 4002 in
1427 3925 1577 4014 ordine,
1598 3927 1713 4033 etqui
1727 3927 1767 4004 in

341 4069 535 4156 posterum
548 4053 844 4159 imponerentur,
860 4070 898 4131 et
907 4082 985 4132 non
999 4054 1162 4133 revelare
1173 4072 1314 4132 secreta
1330 4055 1599 4162 capitulorum,
1612 4073 1650 4132 et
1661 4057 1767 4163 quod

342 4209 417 4257 non
438 4180 646 4260 dimitteret
665 4182 840 4262 ordinem
866 4212 935 4291 pro
952 4184 1101 4263 sorciori
1127 4185 1185 4262 vel
1213 4186 1407 4276 debiliori,
1437 4203 1475 4264 et
1497 4185 1675 4291 imposito
1694 4186 1765 4264 sibi

343 4312 390 4387 ad
410 4312 595 4390 honorem
614 4313 685 4390 Dei
702 4332 741 4391 et
758 4314 865 4392 beate
887 4315 1004 4393 Marie
1027 4316 1225 4407 mantello,
1247 4335 1420 4422 receptor
1442 4334 1480 4394 et
1499 4343 1632 4393 omnes
1655 4333 1767 4394 astam

341 4458 397 4518 tes
417 4440 570 4521 suerunt
583 4473 674 4521 eum
694 4445 852 4523 osculati
867 4445 907 4521 in
927 4473 1010 4537 ore,
1028 4463 1066 4522 et
1081 4447 1255 4525 instruxit
1273 4475 1359 4523 eum
1382 4446 1544 4553 qualiter
1562 4464 1711 4553 regeret
1727 4473 1765 4524 se

344 4571 381 4646 in
398 4571 548 4666 ordine,
572 4592 609 4651 et
628 4573 750 4652 dictus
768 4594 940 4683 receptor
957 4576 1126 4684 precepit
1143 4578 1176 4653 ei
1193 4576 1299 4683 quod
1319 4577 1553 4655 oscularetur
1572 4577 1699 4683 ipsum
1712 4604 1766 4653 re-

343 4719 534 4807 ceptorem
548 4704 587 4779 in
616 4733 725 4782 carne
745 4706 848 4783 nuda
865 4707 964 4784 inter
984 4705 1171 4814 scapulas,
1196 4707 1301 4814 quod
1330 4706 1427 4783 lecit.
1449 4707 1581 4783 Postea
1601 4708 1767 4813 precepit

344 4832 375 4906 ei
396 4832 500 4936 quod
515 4833 714 4942 abnegaret
731 4836 855 4913 Deum
871 4837 910 4912 in
929 4840 1120 4941 presencia
1135 4837 1349 4944 aliquorum
1371 4867 1415 4914 ex
1430 4837 1564 4943 eisqui
1579 4838 1762 4926 astabant,
