<?xml version="1.0" encoding="UTF-8"?>
<!DOCTYPE html PUBLIC "-//W3C//DTD XHTML 1.0 Transitional//EN"
    "http://www.w3.org/TR/xhtml1/DTD/xhtml1-transitional.dtd">
<html xmlns="http://www.w3.org/1999/xhtml" xml:lang="en" lang="en">
 <head>
  <title>
</title>
<meta http-equiv="Content-Type" content="text/html;charset=utf-8" />
  <meta name='ocr-system' content='tesseract 3.04.00' />
  <meta name='ocr-capabilities' content='ocr_page ocr_carea ocr_par ocr_line ocrx_word'/>
</head>
<body>
  <div class='ocr_page' id='page_1' title='image "./procsdestemplie00defegoog/procsdestemplie00defegoog_0145.png"; bbox 0 0 4236 5948; ppageno 0'>
   <div class='ocr_carea' id='block_1_1' title="bbox 366 519 1371 615">
    <p class='ocr_par' dir='ltr' id='par_1_1' title="bbox 366 519 1371 615">
     <span class='ocr_line' id='line_1_1' title="bbox 366 519 1371 615; baseline -0.008 0"><span class='ocrx_word' id='word_1_1' title='bbox 366 547 434 615; x_wconf 72' lang='grc' dir='ltr'>ιη</span> <span class='ocrx_word' id='word_1_2' title='bbox 753 519 944 611; x_wconf 70' lang='lat' dir='ltr'>esoces</span> <span class='ocrx_word' id='word_1_3' title='bbox 970 538 1066 608; x_wconf 79' lang='lat' dir='ltr'>nes</span> <span class='ocrx_word' id='word_1_4' title='bbox 1093 537 1371 610; x_wconf 70' lang='lat' dir='ltr'>reuertens.</span> 
     </span>
    </p>
   </div>
   <div class='ocr_carea' id='block_1_2' title="bbox 360 676 1779 913">
    <p class='ocr_par' dir='ltr' id='par_1_2' title="bbox 360 676 1779 913">
     <span class='ocr_line' id='line_1_2' title="bbox 360 676 1779 788; baseline -0.001 -29"><span class='ocrx_word' id='word_1_5' title='bbox 360 680 551 788; x_wconf 87' lang='lat' dir='ltr'>protestati</span> <span class='ocrx_word' id='word_1_6' title='bbox 579 678 683 787; x_wconf 93' lang='lat' dir='ltr'>quod</span> <span class='ocrx_word' id='word_1_7' title='bbox 711 705 788 755; x_wconf 93' lang='lat' dir='ltr'>non</span> <span class='ocrx_word' id='word_1_8' title='bbox 815 677 1018 753; x_wconf 91' lang='lat' dir='ltr'>intendunt</span> <span class='ocrx_word' id='word_1_9' title='bbox 1044 676 1219 752; x_wconf 85' lang='lat' dir='ltr'>recedere</span> <span class='ocrx_word' id='word_1_10' title='bbox 1245 706 1265 752; x_wconf 90' lang='lat' dir='ltr'>a</span> <span class='ocrx_word' id='word_1_11' title='bbox 1293 676 1596 783; x_wconf 91' lang='lat' dir='ltr'>deposicionihus</span> <span class='ocrx_word' id='word_1_12' title='bbox 1615 679 1693 756; x_wconf 87' lang='lat' dir='ltr'>suis</span> <span class='ocrx_word' id='word_1_13' title='bbox 1712 709 1779 786; x_wconf 87' lang='lat' dir='ltr'>per</span> 
     </span>
     <span class='ocr_line' id='line_1_3' title="bbox 361 806 1383 913; baseline -0.005 -26"><span class='ocrx_word' id='word_1_14' title='bbox 361 841 424 889; x_wconf 90' lang='lat' dir='ltr'>eos</span> <span class='ocrx_word' id='word_1_15' title='bbox 441 812 543 888; x_wconf 87' lang='lat' dir='ltr'>lactis</span> <span class='ocrx_word' id='word_1_16' title='bbox 564 837 688 888; x_wconf 91' lang='lat' dir='ltr'>coram</span> <span class='ocrx_word' id='word_1_17' title='bbox 710 807 864 884; x_wconf 88' lang='lat' dir='ltr'>domino</span> <span class='ocrx_word' id='word_1_18' title='bbox 881 807 1055 913; x_wconf 87' lang='lat' dir='ltr'>episcopo</span> <span class='ocrx_word' id='word_1_19' title='bbox 1075 806 1383 883; x_wconf 88' lang='lat' dir='ltr'>Claramontensi.</span> 
     </span>
    </p>
   </div>
   <div class='ocr_carea' id='block_1_3' title="bbox 339 1065 1779 4937">
    <p class='ocr_par' dir='ltr' id='par_1_3' title="bbox 339 1065 1779 4937">
     <span class='ocr_line' id='line_1_4' title="bbox 416 1065 1779 1165; baseline 0 -17"><span class='ocrx_word' id='word_1_20' title='bbox 416 1070 618 1165; x_wconf 83' lang='lat' dir='ltr'>Quolacto,</span> <span class='ocrx_word' id='word_1_21' title='bbox 632 1069 752 1144; x_wconf 88' lang='lat' dir='ltr'>dictus</span> <span class='ocrx_word' id='word_1_22' title='bbox 771 1067 881 1144; x_wconf 89' lang='lat' dir='ltr'>lrater</span> <span class='ocrx_word' id='word_1_23' title='bbox 893 1067 1124 1143; x_wconf 86' lang='lat' dir='ltr'>Bertrandus</span> <span class='ocrx_word' id='word_1_24' title='bbox 1140 1065 1185 1140; x_wconf 92' lang='lat' dir='ltr'>de</span> <span class='ocrx_word' id='word_1_25' title='bbox 1194 1066 1415 1155; x_wconf 83' lang='lat' dir='ltr'>villaribus,</span> <span class='ocrx_word' id='word_1_26' title='bbox 1434 1066 1480 1143; x_wconf 91' lang='lat' dir='ltr'>de</span> <span class='ocrx_word' id='word_1_27' title='bbox 1495 1068 1633 1145; x_wconf 88' lang='lat' dir='ltr'>diocesi</span> <span class='ocrx_word' id='word_1_28' title='bbox 1649 1072 1779 1149; x_wconf 91' lang='lat' dir='ltr'>Lemo·</span> 
     </span>
     <span class='ocr_line' id='line_1_5' title="bbox 359 1195 1777 1306; baseline 0.005 -35"><span class='ocrx_word' id='word_1_29' title='bbox 359 1198 493 1278; x_wconf 87' lang='lat' dir='ltr'>vicensi</span> <span class='ocrx_word' id='word_1_30' title='bbox 521 1198 724 1287; x_wconf 84' lang='lat' dir='ltr'>oriundus,</span> <span class='ocrx_word' id='word_1_31' title='bbox 747 1214 942 1304; x_wconf 87' lang='lat' dir='ltr'>preceptor</span> <span class='ocrx_word' id='word_1_32' title='bbox 962 1197 1009 1273; x_wconf 91' lang='lat' dir='ltr'>de</span> <span class='ocrx_word' id='word_1_33' title='bbox 1035 1199 1140 1301; x_wconf 84' lang='lat' dir='ltr'>Rupe</span> <span class='ocrx_word' id='word_1_34' title='bbox 1167 1197 1291 1273; x_wconf 79' lang='lat' dir='ltr'>Sancti</span> <span class='ocrx_word' id='word_1_35' title='bbox 1312 1195 1439 1285; x_wconf 88' lang='lat' dir='ltr'>Pauli,</span> <span class='ocrx_word' id='word_1_36' title='bbox 1460 1197 1777 1306; x_wconf 89' lang='lat' dir='ltr'>quadragenarius</span> 
     </span>
     <span class='ocr_line' id='line_1_6' title="bbox 356 1324 1775 1431; baseline 0.001 -26"><span class='ocrx_word' id='word_1_37' title='bbox 356 1331 412 1405; x_wconf 92' lang='lat' dir='ltr'>vel</span> <span class='ocrx_word' id='word_1_38' title='bbox 433 1332 545 1417; x_wconf 88' lang='lat' dir='ltr'>circa,</span> <span class='ocrx_word' id='word_1_39' title='bbox 568 1326 761 1404; x_wconf 91' lang='lat' dir='ltr'>absolutus</span> <span class='ocrx_word' id='word_1_40' title='bbox 782 1343 819 1402; x_wconf 90' lang='lat' dir='ltr'>et</span> <span class='ocrx_word' id='word_1_41' title='bbox 837 1324 1098 1402; x_wconf 89' lang='lat' dir='ltr'>reconciliatus</span> <span class='ocrx_word' id='word_1_42' title='bbox 1117 1354 1185 1431; x_wconf 87' lang='lat' dir='ltr'>per</span> <span class='ocrx_word' id='word_1_43' title='bbox 1209 1327 1407 1401; x_wconf 91' lang='lat' dir='ltr'>dominum</span> <span class='ocrx_word' id='word_1_44' title='bbox 1429 1325 1775 1407; x_wconf 89' lang='lat' dir='ltr'>Claramontensem</span> 
     </span>
     <span class='ocr_line' id='line_1_7' title="bbox 356 1456 1774 1566; baseline 0.001 -30"><span class='ocrx_word' id='word_1_45' title='bbox 356 1462 590 1566; x_wconf 89' lang='lat' dir='ltr'>episcopum,</span> <span class='ocrx_word' id='word_1_46' title='bbox 613 1461 678 1564; x_wconf 91' lang='lat' dir='ltr'>qui</span> <span class='ocrx_word' id='word_1_47' title='bbox 699 1457 940 1565; x_wconf 89' lang='lat' dir='ltr'>inquisiverat</span> <span class='ocrx_word' id='word_1_48' title='bbox 959 1486 1045 1533; x_wconf 92' lang='lat' dir='ltr'>cum</span> <span class='ocrx_word' id='word_1_49' title='bbox 1072 1485 1134 1545; x_wconf 92' lang='lat' dir='ltr'>eo,</span> <span class='ocrx_word' id='word_1_50' title='bbox 1159 1456 1381 1533; x_wconf 89' lang='lat' dir='ltr'>mantellum</span> <span class='ocrx_word' id='word_1_51' title='bbox 1404 1457 1548 1534; x_wconf 89' lang='lat' dir='ltr'>ordinis</span> <span class='ocrx_word' id='word_1_52' title='bbox 1569 1458 1774 1550; x_wconf 83' lang='lat' dir='ltr'>defferens,</span> 
     </span>
     <span class='ocr_line' id='line_1_8' title="bbox 354 1585 1777 1695; baseline 0.001 -30"><span class='ocrx_word' id='word_1_53' title='bbox 354 1590 459 1667; x_wconf 89' lang='lat' dir='ltr'>lectis</span> <span class='ocrx_word' id='word_1_54' title='bbox 485 1604 523 1665; x_wconf 91' lang='lat' dir='ltr'>et</span> <span class='ocrx_word' id='word_1_55' title='bbox 550 1587 749 1695; x_wconf 81' lang='lat' dir='ltr'>diligenter</span> <span class='ocrx_word' id='word_1_56' title='bbox 771 1585 945 1690; x_wconf 82' lang='lat' dir='ltr'>expositis</span> <span class='ocrx_word' id='word_1_57' title='bbox 971 1585 1041 1662; x_wconf 89' lang='lat' dir='ltr'>sibi</span> <span class='ocrx_word' id='word_1_58' title='bbox 1067 1586 1244 1662; x_wconf 90' lang='lat' dir='ltr'>omnibus</span> <span class='ocrx_word' id='word_1_59' title='bbox 1265 1602 1302 1663; x_wconf 92' lang='lat' dir='ltr'>et</span> <span class='ocrx_word' id='word_1_60' title='bbox 1329 1586 1485 1692; x_wconf 87' lang='lat' dir='ltr'>singulis</span> <span class='ocrx_word' id='word_1_61' title='bbox 1509 1589 1692 1679; x_wconf 81' lang='lat' dir='ltr'>articulis,</span> <span class='ocrx_word' id='word_1_62' title='bbox 1720 1618 1777 1666; x_wconf 88' lang='lat' dir='ltr'>re-</span> 
     </span>
     <span class='ocr_line' id='line_1_9' title="bbox 354 1716 1774 1825; baseline 0 -29"><span class='ocrx_word' id='word_1_63' title='bbox 354 1720 507 1825; x_wconf 75' lang='lat' dir='ltr'>spondit</span> <span class='ocrx_word' id='word_1_64' title='bbox 521 1746 559 1795; x_wconf 89' lang='lat' dir='ltr'>se</span> <span class='ocrx_word' id='word_1_65' title='bbox 585 1717 748 1802; x_wconf 88' lang='lat' dir='ltr'>nescire,</span> <span class='ocrx_word' id='word_1_66' title='bbox 770 1745 839 1793; x_wconf 91' lang='lat' dir='ltr'>nec</span> <span class='ocrx_word' id='word_1_67' title='bbox 865 1717 1036 1804; x_wconf 89' lang='lat' dir='ltr'>credere,</span> <span class='ocrx_word' id='word_1_68' title='bbox 1059 1744 1128 1792; x_wconf 92' lang='lat' dir='ltr'>nec</span> <span class='ocrx_word' id='word_1_69' title='bbox 1147 1716 1329 1792; x_wconf 89' lang='lat' dir='ltr'>audivisse</span> <span class='ocrx_word' id='word_1_70' title='bbox 1351 1716 1398 1791; x_wconf 90' lang='lat' dir='ltr'>dc</span> <span class='ocrx_word' id='word_1_71' title='bbox 1420 1719 1604 1795; x_wconf 92' lang='lat' dir='ltr'>contentis</span> <span class='ocrx_word' id='word_1_72' title='bbox 1624 1720 1663 1795; x_wconf 91' lang='lat' dir='ltr'>in</span> <span class='ocrx_word' id='word_1_73' title='bbox 1684 1720 1774 1825; x_wconf 87' lang='lat' dir='ltr'>ipsis</span> 
     </span>
     <span class='ocr_line' id='line_1_10' title="bbox 354 1845 1776 1953; baseline 0.001 -30"><span class='ocrx_word' id='word_1_74' title='bbox 354 1849 518 1925; x_wconf 85' lang='lat' dir='ltr'>articulis</span> <span class='ocrx_word' id='word_1_75' title='bbox 543 1847 613 1923; x_wconf 91' lang='lat' dir='ltr'>nisi</span> <span class='ocrx_word' id='word_1_76' title='bbox 641 1848 746 1953; x_wconf 91' lang='lat' dir='ltr'>quod</span> <span class='ocrx_word' id='word_1_77' title='bbox 770 1847 951 1953; x_wconf 89' lang='lat' dir='ltr'>sequitur.</span> <span class='ocrx_word' id='word_1_78' title='bbox 981 1845 1082 1922; x_wconf 82' lang='lat' dir='ltr'>Dixit</span> <span class='ocrx_word' id='word_1_79' title='bbox 1106 1846 1208 1922; x_wconf 91' lang='lat' dir='ltr'>enim</span> <span class='ocrx_word' id='word_1_80' title='bbox 1237 1874 1276 1923; x_wconf 86' lang='lat' dir='ltr'>se</span> <span class='ocrx_word' id='word_1_81' title='bbox 1303 1845 1416 1923; x_wconf 82' lang='lat' dir='ltr'>fuisse</span> <span class='ocrx_word' id='word_1_82' title='bbox 1444 1865 1633 1953; x_wconf 89' lang='lat' dir='ltr'>receptum</span> <span class='ocrx_word' id='word_1_83' title='bbox 1656 1850 1696 1924; x_wconf 91' lang='lat' dir='ltr'>in</span> <span class='ocrx_word' id='word_1_84' title='bbox 1715 1878 1776 1925; x_wconf 83' lang='lat' dir='ltr'>ca·</span> 
     </span>
     <span class='ocr_line' id='line_1_11' title="bbox 355 1975 1776 2083; baseline 0 -29"><span class='ocrx_word' id='word_1_85' title='bbox 355 1977 452 2083; x_wconf 91' lang='lat' dir='ltr'>pella</span> <span class='ocrx_word' id='word_1_86' title='bbox 478 1978 614 2054; x_wconf 88' lang='lat' dir='ltr'>domus</span> <span class='ocrx_word' id='word_1_87' title='bbox 634 1977 781 2082; x_wconf 89' lang='lat' dir='ltr'>Templi</span> <span class='ocrx_word' id='word_1_88' title='bbox 809 1975 855 2051; x_wconf 90' lang='lat' dir='ltr'>de</span> <span class='ocrx_word' id='word_1_89' title='bbox 882 1975 1066 2052; x_wconf 87' lang='lat' dir='ltr'>Paulhaco</span> <span class='ocrx_word' id='word_1_90' title='bbox 1092 1976 1366 2053; x_wconf 89' lang='lat' dir='ltr'>Lemovieensis</span> <span class='ocrx_word' id='word_1_91' title='bbox 1395 1976 1568 2065; x_wconf 88' lang='lat' dir='ltr'>diocesis,</span> <span class='ocrx_word' id='word_1_92' title='bbox 1599 1977 1694 2054; x_wconf 89' lang='lat' dir='ltr'>circa</span> <span class='ocrx_word' id='word_1_93' title='bbox 1720 1978 1776 2054; x_wconf 88' lang='lat' dir='ltr'>in-</span> 
     </span>
     <span class='ocr_line' id='line_1_12' title="bbox 354 2105 1774 2211; baseline -0.001 -25"><span class='ocrx_word' id='word_1_94' title='bbox 354 2128 452 2187; x_wconf 87' lang='lat' dir='ltr'>stans</span> <span class='ocrx_word' id='word_1_95' title='bbox 480 2109 617 2185; x_wconf 80' lang='lat' dir='ltr'>festum</span> <span class='ocrx_word' id='word_1_96' title='bbox 647 2107 844 2186; x_wconf 87' lang='lat' dir='ltr'>nativitatis</span> <span class='ocrx_word' id='word_1_97' title='bbox 864 2105 962 2182; x_wconf 89' lang='lat' dir='ltr'>beati</span> <span class='ocrx_word' id='word_1_98' title='bbox 984 2105 1163 2183; x_wconf 83' lang='lat' dir='ltr'>lobannis</span> <span class='ocrx_word' id='word_1_99' title='bbox 1185 2106 1347 2211; x_wconf 88' lang='lat' dir='ltr'>Baptiste</span> <span class='ocrx_word' id='word_1_100' title='bbox 1369 2125 1478 2183; x_wconf 90' lang='lat' dir='ltr'>erunt</span> <span class='ocrx_word' id='word_1_101' title='bbox 1499 2134 1584 2184; x_wconf 86' lang='lat' dir='ltr'>xv111</span> <span class='ocrx_word' id='word_1_102' title='bbox 1609 2109 1694 2183; x_wconf 90' lang='lat' dir='ltr'>anni</span> <span class='ocrx_word' id='word_1_103' title='bbox 1715 2108 1774 2184; x_wconf 89' lang='lat' dir='ltr'>vel</span> 
     </span>
     <span class='ocr_line' id='line_1_13' title="bbox 354 2235 1774 2343; baseline 0 -29"><span class='ocrx_word' id='word_1_104' title='bbox 354 2241 466 2326; x_wconf 89' lang='lat' dir='ltr'>circa,</span> <span class='ocrx_word' id='word_1_105' title='bbox 495 2263 561 2343; x_wconf 89' lang='lat' dir='ltr'>per</span> <span class='ocrx_word' id='word_1_106' title='bbox 589 2236 741 2313; x_wconf 81' lang='lat' dir='ltr'>fratrem</span> <span class='ocrx_word' id='word_1_107' title='bbox 768 2235 979 2314; x_wconf 88' lang='lat' dir='ltr'>Gerardum</span> <span class='ocrx_word' id='word_1_108' title='bbox 1005 2236 1052 2313; x_wconf 90' lang='lat' dir='ltr'>de</span> <span class='ocrx_word' id='word_1_109' title='bbox 1079 2237 1237 2314; x_wconf 88' lang='lat' dir='ltr'>Sanzeto</span> <span class='ocrx_word' id='word_1_110' title='bbox 1264 2236 1424 2315; x_wconf 89' lang='lat' dir='ltr'>militem</span> <span class='ocrx_word' id='word_1_111' title='bbox 1450 2239 1660 2343; x_wconf 91' lang='lat' dir='ltr'>qnondam,</span> <span class='ocrx_word' id='word_1_112' title='bbox 1683 2255 1774 2315; x_wconf 99' lang='grc' dir='ltr'>ωηο</span> 
     </span>
     <span class='ocr_line' id='line_1_14' title="bbox 353 2364 1773 2474; baseline -0.001 -31"><span class='ocrx_word' id='word_1_113' title='bbox 353 2384 610 2474; x_wconf 89' lang='lat' dir='ltr'>preceptorem</span> <span class='ocrx_word' id='word_1_114' title='bbox 631 2365 821 2453; x_wconf 87' lang='lat' dir='ltr'>Alvernie,</span> <span class='ocrx_word' id='word_1_115' title='bbox 842 2364 1079 2471; x_wconf 85' lang='lat' dir='ltr'>presentibus</span> <span class='ocrx_word' id='word_1_116' title='bbox 1098 2364 1276 2442; x_wconf 89' lang='lat' dir='ltr'>lratribus</span> <span class='ocrx_word' id='word_1_117' title='bbox 1297 2367 1467 2442; x_wconf 91' lang='lat' dir='ltr'>Jobanne</span> <span class='ocrx_word' id='word_1_118' title='bbox 1488 2366 1534 2441; x_wconf 90' lang='lat' dir='ltr'>de</span> <span class='ocrx_word' id='word_1_119' title='bbox 1555 2366 1691 2443; x_wconf 90' lang='lat' dir='ltr'>Sancto</span> <span class='ocrx_word' id='word_1_120' title='bbox 1707 2367 1773 2442; x_wconf 88' lang='lat' dir='ltr'>Hi-</span> 
     </span>
     <span class='ocr_line' id='line_1_15' title="bbox 352 2494 1774 2603; baseline 0.001 -30"><span class='ocrx_word' id='word_1_121' title='bbox 352 2497 444 2573; x_wconf 88' lang='lat' dir='ltr'>lario</span> <span class='ocrx_word' id='word_1_122' title='bbox 479 2513 569 2572; x_wconf 90' lang='lat' dir='ltr'>tunc</span> <span class='ocrx_word' id='word_1_123' title='bbox 601 2512 817 2601; x_wconf 86' lang='lat' dir='ltr'>preceptore</span> <span class='ocrx_word' id='word_1_124' title='bbox 848 2494 945 2571; x_wconf 91' lang='lat' dir='ltr'>dicte</span> <span class='ocrx_word' id='word_1_125' title='bbox 979 2496 1133 2584; x_wconf 90' lang='lat' dir='ltr'>domus,</span> <span class='ocrx_word' id='word_1_126' title='bbox 1165 2495 1333 2574; x_wconf 89' lang='lat' dir='ltr'>Gerardo</span> <span class='ocrx_word' id='word_1_127' title='bbox 1363 2495 1410 2572; x_wconf 93' lang='lat' dir='ltr'>de</span> <span class='ocrx_word' id='word_1_128' title='bbox 1435 2496 1540 2572; x_wconf 88' lang='lat' dir='ltr'>Briva</span> <span class='ocrx_word' id='word_1_129' title='bbox 1570 2514 1660 2573; x_wconf 92' lang='lat' dir='ltr'>tunc</span> <span class='ocrx_word' id='word_1_130' title='bbox 1689 2527 1774 2603; x_wconf 91' lang='lat' dir='ltr'>pre-</span> 
     </span>
     <span class='ocr_line' id='line_1_16' title="bbox 351 2624 1771 2734; baseline 0 -31"><span class='ocrx_word' id='word_1_131' title='bbox 351 2644 500 2734; x_wconf 88' lang='lat' dir='ltr'>ceptore</span> <span class='ocrx_word' id='word_1_132' title='bbox 526 2625 574 2702; x_wconf 90' lang='lat' dir='ltr'>de</span> <span class='ocrx_word' id='word_1_133' title='bbox 590 2625 798 2713; x_wconf 88' lang='lat' dir='ltr'>Montibus,</span> <span class='ocrx_word' id='word_1_134' title='bbox 817 2624 983 2703; x_wconf 90' lang='lat' dir='ltr'>Gerardo</span> <span class='ocrx_word' id='word_1_135' title='bbox 1006 2625 1052 2701; x_wconf 91' lang='lat' dir='ltr'>de</span> <span class='ocrx_word' id='word_1_136' title='bbox 1069 2626 1204 2702; x_wconf 86' lang='lat' dir='ltr'>Sancto</span> <span class='ocrx_word' id='word_1_137' title='bbox 1221 2626 1432 2713; x_wconf 85' lang='lat' dir='ltr'>Martineto,</span> <span class='ocrx_word' id='word_1_138' title='bbox 1451 2628 1562 2703; x_wconf 87' lang='lat' dir='ltr'>Petro</span> <span class='ocrx_word' id='word_1_139' title='bbox 1577 2629 1771 2734; x_wconf 76' lang='lat' dir='ltr'>Reynaudi</span> 
     </span>
     <span class='ocr_line' id='line_1_17' title="bbox 350 2737 1774 2862; baseline 0.001 -30"><span class='ocrx_word' id='word_1_140' title='bbox 350 2774 441 2832; x_wconf 90' lang='lat' dir='ltr'>tnnc</span> <span class='ocrx_word' id='word_1_141' title='bbox 453 2737 670 2862; x_wconf 67' lang='lat' dir='ltr'>preceptore</span> <span class='ocrx_word' id='word_1_142' title='bbox 684 2757 819 2832; x_wconf 91' lang='lat' dir='ltr'>domus</span> <span class='ocrx_word' id='word_1_143' title='bbox 837 2755 883 2830; x_wconf 92' lang='lat' dir='ltr'>de</span> <span class='ocrx_word' id='word_1_144' title='bbox 899 2754 1055 2830; x_wconf 88' lang='lat' dir='ltr'>Buxeria</span> <span class='ocrx_word' id='word_1_145' title='bbox 1073 2755 1486 2860; x_wconf 85' lang='lat' dir='ltr'>RespitLemovicensis</span> <span class='ocrx_word' id='word_1_146' title='bbox 1502 2757 1677 2843; x_wconf 88' lang='lat' dir='ltr'>diocesis,</span> <span class='ocrx_word' id='word_1_147' title='bbox 1697 2757 1774 2835; x_wconf 87' lang='lat' dir='ltr'>des-</span> 
     </span>
     <span class='ocr_line' id='line_1_18' title="bbox 348 2885 1772 2993; baseline 0.004 -33"><span class='ocrx_word' id='word_1_148' title='bbox 348 2885 499 2973; x_wconf 84' lang='lat' dir='ltr'>functis,</span> <span class='ocrx_word' id='word_1_149' title='bbox 519 2887 557 2961; x_wconf 94' lang='lat' dir='ltr'>in</span> <span class='ocrx_word' id='word_1_150' title='bbox 572 2886 674 2961; x_wconf 93' lang='lat' dir='ltr'>hunc</span> <span class='ocrx_word' id='word_1_151' title='bbox 691 2885 848 2961; x_wconf 92' lang='lat' dir='ltr'>modum</span> <span class='ocrx_word' id='word_1_152' title='bbox 865 2918 873 2960; x_wconf 75' lang='grc' dir='ltr'><strong><em>ε</em></strong></span> <span class='ocrx_word' id='word_1_153' title='bbox 891 2913 977 2960; x_wconf 91' lang='lat' dir='ltr'>nam</span> <span class='ocrx_word' id='word_1_154' title='bbox 994 2902 1077 2961; x_wconf 90' lang='lat' dir='ltr'>ante</span> <span class='ocrx_word' id='word_1_155' title='bbox 1094 2885 1220 2961; x_wconf 87' lang='lat' dir='ltr'>omnia</span> <span class='ocrx_word' id='word_1_156' title='bbox 1236 2885 1404 2961; x_wconf 85' lang='lat' dir='ltr'>lecerunt</span> <span class='ocrx_word' id='word_1_157' title='bbox 1420 2915 1507 2962; x_wconf 91' lang='lat' dir='ltr'>enm</span> <span class='ocrx_word' id='word_1_158' title='bbox 1521 2887 1649 2991; x_wconf 84' lang='lat' dir='ltr'>jurare</span> <span class='ocrx_word' id='word_1_159' title='bbox 1664 2889 1772 2993; x_wconf 91' lang='lat' dir='ltr'>quod</span> 
     </span>
     <span class='ocr_line' id='line_1_19' title="bbox 349 2999 1771 3124; baseline 0.002 -33"><span class='ocrx_word' id='word_1_160' title='bbox 349 3043 423 3091; x_wconf 93' lang='lat' dir='ltr'>non</span> <span class='ocrx_word' id='word_1_161' title='bbox 445 2999 627 3092; x_wconf 86' lang='lat' dir='ltr'>revelaret</span> <span class='ocrx_word' id='word_1_162' title='bbox 646 3032 783 3092; x_wconf 86' lang='lat' dir='ltr'>secreta</span> <span class='ocrx_word' id='word_1_163' title='bbox 807 3014 1075 3118; x_wconf 88' lang='lat' dir='ltr'>capitulorum,</span> <span class='ocrx_word' id='word_1_164' title='bbox 1100 3031 1136 3090; x_wconf 91' lang='lat' dir='ltr'>et</span> <span class='ocrx_word' id='word_1_165' title='bbox 1162 3014 1404 3119; x_wconf 90' lang='lat' dir='ltr'>postmodum</span> <span class='ocrx_word' id='word_1_166' title='bbox 1429 3044 1560 3092; x_wconf 91' lang='lat' dir='ltr'>vovere</span> <span class='ocrx_word' id='word_1_167' title='bbox 1586 3035 1623 3092; x_wconf 90' lang='lat' dir='ltr'>et</span> <span class='ocrx_word' id='word_1_168' title='bbox 1642 3018 1771 3124; x_wconf 86' lang='lat' dir='ltr'>jurare</span> 
     </span>
     <span class='ocr_line' id='line_1_20' title="bbox 348 3143 1772 3250; baseline 0.005 -32"><span class='ocrx_word' id='word_1_169' title='bbox 348 3147 570 3232; x_wconf 88' lang='lat' dir='ltr'>castitatem,</span> <span class='ocrx_word' id='word_1_170' title='bbox 591 3143 869 3232; x_wconf 89' lang='lat' dir='ltr'>obedienciam,-</span> <span class='ocrx_word' id='word_1_171' title='bbox 889 3159 926 3218; x_wconf 91' lang='lat' dir='ltr'>et</span> <span class='ocrx_word' id='word_1_172' title='bbox 943 3145 1063 3219; x_wconf 89' lang='lat' dir='ltr'>vivere</span> <span class='ocrx_word' id='word_1_173' title='bbox 1078 3145 1160 3219; x_wconf 88' lang='lat' dir='ltr'>sine</span> <span class='ocrx_word' id='word_1_174' title='bbox 1181 3145 1345 3250; x_wconf 89' lang='lat' dir='ltr'>proprio.</span> <span class='ocrx_word' id='word_1_175' title='bbox 1360 3144 1507 3221; x_wconf 90' lang='lat' dir='ltr'>Deinde</span> <span class='ocrx_word' id='word_1_176' title='bbox 1529 3144 1637 3222; x_wconf 89' lang='lat' dir='ltr'>allata</span> <span class='ocrx_word' id='word_1_177' title='bbox 1652 3149 1772 3225; x_wconf 88' lang='lat' dir='ltr'>nescit</span> 
     </span>
     <span class='ocr_line' id='line_1_21' title="bbox 347 3272 1769 3381; baseline 0.002 -32"><span class='ocrx_word' id='word_1_178' title='bbox 347 3304 414 3377; x_wconf 91' lang='lat' dir='ltr'>per</span> <span class='ocrx_word' id='word_1_179' title='bbox 441 3301 555 3378; x_wconf 91' lang='lat' dir='ltr'>quem</span> <span class='ocrx_word' id='word_1_180' title='bbox 584 3272 744 3378; x_wconf 87' lang='lat' dir='ltr'>quadam</span> <span class='ocrx_word' id='word_1_181' title='bbox 774 3299 882 3348; x_wconf 87' lang='lat' dir='ltr'>cruce</span> <span class='ocrx_word' id='word_1_182' title='bbox 911 3273 1119 3360; x_wconf 88' lang='lat' dir='ltr'>metallina,</span> <span class='ocrx_word' id='word_1_183' title='bbox 1149 3273 1188 3348; x_wconf 93' lang='lat' dir='ltr'>in</span> <span class='ocrx_word' id='word_1_184' title='bbox 1213 3301 1287 3379; x_wconf 89' lang='lat' dir='ltr'>qua</span> <span class='ocrx_word' id='word_1_185' title='bbox 1313 3290 1391 3349; x_wconf 88' lang='lat' dir='ltr'>erat</span> <span class='ocrx_word' id='word_1_186' title='bbox 1412 3303 1545 3381; x_wconf 85' lang='lat' dir='ltr'>ymago</span> <span class='ocrx_word' id='word_1_187' title='bbox 1572 3275 1769 3369; x_wconf 72' lang='lat' dir='ltr'>crucifixi,</span> 
     </span>
     <span class='ocr_line' id='line_1_22' title="bbox 347 3400 1771 3514; baseline 0.008 -39"><span class='ocrx_word' id='word_1_188' title='bbox 347 3430 459 3507; x_wconf 88' lang='lat' dir='ltr'>quam</span> <span class='ocrx_word' id='word_1_189' title='bbox 479 3401 631 3477; x_wconf 89' lang='lat' dir='ltr'>tenebat</span> <span class='ocrx_word' id='word_1_190' title='bbox 645 3400 746 3476; x_wconf 91' lang='lat' dir='ltr'>idem</span> <span class='ocrx_word' id='word_1_191' title='bbox 763 3418 934 3509; x_wconf 89' lang='lat' dir='ltr'>receptor</span> <span class='ocrx_word' id='word_1_192' title='bbox 948 3402 986 3475; x_wconf 89' lang='lat' dir='ltr'>in</span> <span class='ocrx_word' id='word_1_193' title='bbox 1003 3430 1115 3477; x_wconf 90' lang='lat' dir='ltr'>manu</span> <span class='ocrx_word' id='word_1_194' title='bbox 1132 3430 1217 3489; x_wconf 91' lang='lat' dir='ltr'>sua,</span> <span class='ocrx_word' id='word_1_195' title='bbox 1239 3402 1406 3508; x_wconf 87' lang='lat' dir='ltr'>precepit</span> <span class='ocrx_word' id='word_1_196' title='bbox 1422 3402 1545 3479; x_wconf 90' lang='lat' dir='ltr'>eidem</span> <span class='ocrx_word' id='word_1_197' title='bbox 1561 3405 1648 3482; x_wconf 92' lang='lat' dir='ltr'>testi</span> <span class='ocrx_word' id='word_1_198' title='bbox 1664 3409 1771 3514; x_wconf 92' lang='lat' dir='ltr'>quod</span> 
     </span>
     <span class='ocr_line' id='line_1_23' title="bbox 347 3530 1771 3644; baseline 0.008 -40"><span class='ocrx_word' id='word_1_199' title='bbox 347 3530 545 3636; x_wconf 83' lang='lat' dir='ltr'>abnegaret</span> <span class='ocrx_word' id='word_1_200' title='bbox 573 3530 728 3606; x_wconf 90' lang='lat' dir='ltr'>Jhesum</span> <span class='ocrx_word' id='word_1_201' title='bbox 756 3530 947 3608; x_wconf 89' lang='lat' dir='ltr'>Christum</span> <span class='ocrx_word' id='word_1_202' title='bbox 972 3551 1010 3607; x_wconf 91' lang='lat' dir='ltr'>et</span> <span class='ocrx_word' id='word_1_203' title='bbox 1034 3534 1136 3638; x_wconf 92' lang='lat' dir='ltr'>qnod</span> <span class='ocrx_word' id='word_1_204' title='bbox 1162 3549 1315 3640; x_wconf 91' lang='lat' dir='ltr'>spueret</span> <span class='ocrx_word' id='word_1_205' title='bbox 1334 3561 1447 3639; x_wconf 90' lang='lat' dir='ltr'>super</span> <span class='ocrx_word' id='word_1_206' title='bbox 1467 3534 1604 3610; x_wconf 90' lang='lat' dir='ltr'>dictam</span> <span class='ocrx_word' id='word_1_207' title='bbox 1628 3540 1771 3644; x_wconf 88' lang='lat' dir='ltr'>ymagi-</span> 
     </span>
     <span class='ocr_line' id='line_1_24' title="bbox 346 3659 1767 3768; baseline 0.008 -35"><span class='ocrx_word' id='word_1_208' title='bbox 346 3684 453 3746; x_wconf 87' lang='lat' dir='ltr'>nem,</span> <span class='ocrx_word' id='word_1_209' title='bbox 477 3676 515 3734; x_wconf 93' lang='lat' dir='ltr'>et</span> <span class='ocrx_word' id='word_1_210' title='bbox 537 3660 616 3765; x_wconf 89' lang='lat' dir='ltr'>ipse</span> <span class='ocrx_word' id='word_1_211' title='bbox 631 3659 735 3735; x_wconf 91' lang='lat' dir='ltr'>testis</span> <span class='ocrx_word' id='word_1_212' title='bbox 752 3659 994 3765; x_wconf 84' lang='lat' dir='ltr'>stupefactus,</span> <span class='ocrx_word' id='word_1_213' title='bbox 1016 3661 1103 3766; x_wconf 88' lang='lat' dir='ltr'>qnia</span> <span class='ocrx_word' id='word_1_214' title='bbox 1118 3661 1267 3765; x_wconf 87' lang='lat' dir='ltr'>juvenis</span> <span class='ocrx_word' id='word_1_215' title='bbox 1284 3679 1378 3748; x_wconf 90' lang='lat' dir='ltr'>erat,</span> <span class='ocrx_word' id='word_1_216' title='bbox 1400 3661 1595 3768; x_wconf 86' lang='lat' dir='ltr'>abnegavit</span> <span class='ocrx_word' id='word_1_217' title='bbox 1612 3664 1767 3743; x_wconf 89' lang='lat' dir='ltr'>Jhesum</span> 
     </span>
     <span class='ocr_line' id='line_1_25' title="bbox 346 3789 1767 3901; baseline 0.006 -36"><span class='ocrx_word' id='word_1_218' title='bbox 346 3789 539 3867; x_wconf 84' lang='lat' dir='ltr'>Christum</span> <span class='ocrx_word' id='word_1_219' title='bbox 559 3820 622 3866; x_wconf 90' lang='lat' dir='ltr'>ore</span> <span class='ocrx_word' id='word_1_220' title='bbox 645 3817 722 3866; x_wconf 94' lang='lat' dir='ltr'>non</span> <span class='ocrx_word' id='word_1_221' title='bbox 743 3791 875 3879; x_wconf 88' lang='lat' dir='ltr'>corde,</span> <span class='ocrx_word' id='word_1_222' title='bbox 898 3808 935 3867; x_wconf 88' lang='lat' dir='ltr'>ct</span> <span class='ocrx_word' id='word_1_223' title='bbox 954 3792 1056 3895; x_wconf 86' lang='lat' dir='ltr'>spuit</span> <span class='ocrx_word' id='word_1_224' title='bbox 1070 3793 1175 3899; x_wconf 86' lang='lat' dir='ltr'>juxta</span> <span class='ocrx_word' id='word_1_225' title='bbox 1197 3792 1332 3867; x_wconf 90' lang='lat' dir='ltr'>dictam</span> <span class='ocrx_word' id='word_1_226' title='bbox 1349 3821 1515 3880; x_wconf 90' lang='lat' dir='ltr'>crucem,</span> <span class='ocrx_word' id='word_1_227' title='bbox 1538 3821 1615 3869; x_wconf 91' lang='lat' dir='ltr'>non</span> <span class='ocrx_word' id='word_1_228' title='bbox 1634 3824 1767 3901; x_wconf 85' lang='lat' dir='ltr'>supra,</span> 
     </span>
     <span class='ocr_line' id='line_1_26' title="bbox 345 3918 1766 4029; baseline 0.008 -36"><span class='ocrx_word' id='word_1_229' title='bbox 345 3936 389 3994; x_wconf 92' lang='lat' dir='ltr'>ut</span> <span class='ocrx_word' id='word_1_230' title='bbox 406 3918 508 3996; x_wconf 83' lang='lat' dir='ltr'>dixit.</span> <span class='ocrx_word' id='word_1_231' title='bbox 531 3921 643 4006; x_wconf 91' lang='lat' dir='ltr'>ltem,</span> <span class='ocrx_word' id='word_1_232' title='bbox 664 3921 756 3997; x_wconf 90' lang='lat' dir='ltr'>dixit</span> <span class='ocrx_word' id='word_1_233' title='bbox 776 3922 899 3997; x_wconf 91' lang='lat' dir='ltr'>eidem</span> <span class='ocrx_word' id='word_1_234' title='bbox 921 3923 1005 3997; x_wconf 91' lang='lat' dir='ltr'>testi</span> <span class='ocrx_word' id='word_1_235' title='bbox 1026 3923 1129 4029; x_wconf 89' lang='lat' dir='ltr'>quod</span> <span class='ocrx_word' id='word_1_236' title='bbox 1149 3921 1344 3998; x_wconf 87' lang='lat' dir='ltr'>carnaliter</span> <span class='ocrx_word' id='word_1_237' title='bbox 1367 3940 1512 4027; x_wconf 92' lang='lat' dir='ltr'>poterat</span> <span class='ocrx_word' id='word_1_238' title='bbox 1532 3927 1766 4005; x_wconf 88' lang='lat' dir='ltr'>commisceri</span> 
     </span>
     <span class='ocr_line' id='line_1_27' title="bbox 344 4049 1769 4160; baseline 0.007 -38"><span class='ocrx_word' id='word_1_239' title='bbox 344 4049 518 4126; x_wconf 82' lang='lat' dir='ltr'>lintribus</span> <span class='ocrx_word' id='word_1_240' title='bbox 539 4049 681 4126; x_wconf 92' lang='lat' dir='ltr'>ordinis</span> <span class='ocrx_word' id='word_1_241' title='bbox 701 4068 738 4127; x_wconf 90' lang='lat' dir='ltr'>et</span> <span class='ocrx_word' id='word_1_242' title='bbox 757 4050 827 4156; x_wconf 89' lang='lat' dir='ltr'>ipsi</span> <span class='ocrx_word' id='word_1_243' title='bbox 849 4079 934 4126; x_wconf 93' lang='lat' dir='ltr'>cum</span> <span class='ocrx_word' id='word_1_244' title='bbox 957 4078 1021 4139; x_wconf 92' lang='lat' dir='ltr'>eo,</span> <span class='ocrx_word' id='word_1_245' title='bbox 1045 4069 1082 4127; x_wconf 90' lang='lat' dir='ltr'>et</span> <span class='ocrx_word' id='word_1_246' title='bbox 1102 4052 1207 4128; x_wconf 91' lang='lat' dir='ltr'>dedit</span> <span class='ocrx_word' id='word_1_247' title='bbox 1232 4052 1265 4127; x_wconf 91' lang='lat' dir='ltr'>ei</span> <span class='ocrx_word' id='word_1_248' title='bbox 1290 4050 1482 4128; x_wconf 88' lang='lat' dir='ltr'>licenciam</span> <span class='ocrx_word' id='word_1_249' title='bbox 1508 4054 1611 4160; x_wconf 90' lang='lat' dir='ltr'>quod</span> <span class='ocrx_word' id='word_1_250' title='bbox 1638 4057 1676 4130; x_wconf 92' lang='lat' dir='ltr'>in</span> <span class='ocrx_word' id='word_1_251' title='bbox 1704 4087 1769 4132; x_wconf 90' lang='lat' dir='ltr'>or·</span> 
     </span>
     <span class='ocr_line' id='line_1_28' title="bbox 343 4179 1766 4290; baseline 0.008 -37"><span class='ocrx_word' id='word_1_252' title='bbox 343 4179 430 4254; x_wconf 90' lang='lat' dir='ltr'>dine</span> <span class='ocrx_word' id='word_1_253' title='bbox 462 4196 584 4285; x_wconf 90' lang='lat' dir='ltr'>posset</span> <span class='ocrx_word' id='word_1_254' title='bbox 610 4182 819 4286; x_wconf 90' lang='lat' dir='ltr'>promoveri</span> <span class='ocrx_word' id='word_1_255' title='bbox 848 4182 895 4257; x_wconf 89' lang='lat' dir='ltr'>ad</span> <span class='ocrx_word' id='word_1_256' title='bbox 921 4182 1196 4268; x_wconf 85' lang='lat' dir='ltr'>sacerdocium,</span> <span class='ocrx_word' id='word_1_257' title='bbox 1221 4199 1259 4257; x_wconf 89' lang='lat' dir='ltr'>et</span> <span class='ocrx_word' id='word_1_258' title='bbox 1276 4185 1443 4288; x_wconf 89' lang='lat' dir='ltr'>precepit</span> <span class='ocrx_word' id='word_1_259' title='bbox 1465 4185 1588 4289; x_wconf 88' lang='lat' dir='ltr'>quod,</span> <span class='ocrx_word' id='word_1_260' title='bbox 1611 4189 1766 4290; x_wconf 91' lang='lat' dir='ltr'>quando</span> 
     </span>
     <span class='ocr_line' id='line_1_29' title="bbox 343 4309 1767 4400; baseline 0.009 -19"><span class='ocrx_word' id='word_1_261' title='bbox 343 4309 492 4385; x_wconf 90' lang='lat' dir='ltr'>missam</span> <span class='ocrx_word' id='word_1_262' title='bbox 513 4309 739 4400; x_wconf 89' lang='lat' dir='ltr'>celebraret,</span> <span class='ocrx_word' id='word_1_263' title='bbox 761 4312 978 4388; x_wconf 88' lang='lat' dir='ltr'>obmitteret</span> <span class='ocrx_word' id='word_1_264' title='bbox 998 4312 1060 4387; x_wconf 93' lang='lat' dir='ltr'>illa</span> <span class='ocrx_word' id='word_1_265' title='bbox 1079 4311 1191 4387; x_wconf 89' lang='lat' dir='ltr'>verba</span> <span class='ocrx_word' id='word_1_266' title='bbox 1211 4315 1388 4390; x_wconf 84' lang='lat' dir='ltr'>canonis:</span> <span class='ocrx_word' id='word_1_267' title='bbox 1410 4317 1487 4391; x_wconf 87' lang='lat' dir='ltr'>Hoc</span> <span class='ocrx_word' id='word_1_268' title='bbox 1509 4332 1560 4392; x_wconf 84' lang='lat' dir='ltr'>est</span> <span class='ocrx_word' id='word_1_269' title='bbox 1578 4324 1666 4392; x_wconf 80' lang='lat' dir='ltr'>euim</span> <span class='ocrx_word' id='word_1_270' title='bbox 1687 4347 1767 4396; x_wconf 88' lang='lat' dir='ltr'>eor-</span> 
     </span>
     <span class='ocr_line' id='line_1_30' title="bbox 339 4440 1765 4550; baseline 0.008 -36"><span class='ocrx_word' id='word_1_271' title='bbox 339 4467 403 4540; x_wconf 78' lang='lat' dir='ltr'>pus</span> <span class='ocrx_word' id='word_1_272' title='bbox 423 4468 545 4515; x_wconf 86' lang='lat' dir='ltr'>meum.</span> <span class='ocrx_word' id='word_1_273' title='bbox 576 4441 723 4516; x_wconf 87' lang='lat' dir='ltr'>Deinde</span> <span class='ocrx_word' id='word_1_274' title='bbox 752 4440 823 4515; x_wconf 84' lang='lat' dir='ltr'>luit</span> <span class='ocrx_word' id='word_1_275' title='bbox 848 4440 1034 4518; x_wconf 90' lang='lat' dir='ltr'>osculatus</span> <span class='ocrx_word' id='word_1_276' title='bbox 1060 4441 1163 4517; x_wconf 91' lang='lat' dir='ltr'>idem</span> <span class='ocrx_word' id='word_1_277' title='bbox 1191 4459 1362 4549; x_wconf 89' lang='lat' dir='ltr'>receptor</span> <span class='ocrx_word' id='word_1_278' title='bbox 1388 4443 1599 4550; x_wconf 88' lang='lat' dir='ltr'>predictum</span> <span class='ocrx_word' id='word_1_279' title='bbox 1627 4463 1765 4525; x_wconf 89' lang='lat' dir='ltr'>testem</span> 
     </span>
     <span class='ocr_line' id='line_1_31' title="bbox 342 4568 1764 4682; baseline 0.01 -42"><span class='ocrx_word' id='word_1_280' title='bbox 342 4568 381 4641; x_wconf 90' lang='lat' dir='ltr'>iu</span> <span class='ocrx_word' id='word_1_281' title='bbox 397 4568 577 4647; x_wconf 90' lang='lat' dir='ltr'>umbilico</span> <span class='ocrx_word' id='word_1_282' title='bbox 596 4570 757 4646; x_wconf 91' lang='lat' dir='ltr'>incarne</span> <span class='ocrx_word' id='word_1_283' title='bbox 775 4571 893 4657; x_wconf 88' lang='lat' dir='ltr'>nuda,</span> <span class='ocrx_word' id='word_1_284' title='bbox 911 4588 949 4647; x_wconf 90' lang='lat' dir='ltr'>et</span> <span class='ocrx_word' id='word_1_285' title='bbox 964 4571 1057 4647; x_wconf 79' lang='lat' dir='ltr'>dixit</span> <span class='ocrx_word' id='word_1_286' title='bbox 1074 4572 1109 4647; x_wconf 88' lang='lat' dir='ltr'>ei</span> <span class='ocrx_word' id='word_1_287' title='bbox 1126 4572 1165 4647; x_wconf 90' lang='lat' dir='ltr'>in</span> <span class='ocrx_word' id='word_1_288' title='bbox 1180 4574 1370 4678; x_wconf 91' lang='lat' dir='ltr'>presencia</span> <span class='ocrx_word' id='word_1_289' title='bbox 1385 4574 1641 4679; x_wconf 90' lang='lat' dir='ltr'>predictorum</span> <span class='ocrx_word' id='word_1_290' title='bbox 1656 4578 1764 4682; x_wconf 88' lang='lat' dir='ltr'>quod</span> 
     </span>
     <span class='ocr_line' id='line_1_32' title="bbox 341 4697 1763 4811; baseline 0.008 -39"><span class='ocrx_word' id='word_1_291' title='bbox 341 4697 549 4801; x_wconf 88' lang='lat' dir='ltr'>supradicta</span> <span class='ocrx_word' id='word_1_292' title='bbox 577 4701 706 4775; x_wconf 91' lang='lat' dir='ltr'>omnia</span> <span class='ocrx_word' id='word_1_293' title='bbox 732 4699 859 4775; x_wconf 89' lang='lat' dir='ltr'>illicita</span> <span class='ocrx_word' id='word_1_294' title='bbox 887 4718 988 4775; x_wconf 91' lang='lat' dir='ltr'>erant</span> <span class='ocrx_word' id='word_1_295' title='bbox 1016 4702 1055 4777; x_wconf 92' lang='lat' dir='ltr'>in</span> <span class='ocrx_word' id='word_1_296' title='bbox 1080 4701 1214 4778; x_wconf 90' lang='lat' dir='ltr'>ordine</span> <span class='ocrx_word' id='word_1_297' title='bbox 1236 4702 1317 4778; x_wconf 83' lang='lat' dir='ltr'>sieri</span> <span class='ocrx_word' id='word_1_298' title='bbox 1349 4720 1543 4793; x_wconf 88' lang='lat' dir='ltr'>consucta,</span> <span class='ocrx_word' id='word_1_299' title='bbox 1575 4721 1612 4780; x_wconf 92' lang='lat' dir='ltr'>et</span> <span class='ocrx_word' id='word_1_300' title='bbox 1639 4705 1763 4811; x_wconf 89' lang='lat' dir='ltr'>impo-</span> 
     </span>
     <span class='ocr_line' id='line_1_33' title="bbox 340 4827 1762 4937; baseline 0.009 -37"><span class='ocrx_word' id='word_1_301' title='bbox 340 4827 414 4901; x_wconf 87' lang='lat' dir='ltr'>suit</span> <span class='ocrx_word' id='word_1_302' title='bbox 430 4827 464 4901; x_wconf 91' lang='lat' dir='ltr'>ei</span> <span class='ocrx_word' id='word_1_303' title='bbox 481 4827 720 4919; x_wconf 63' lang='lat' dir='ltr'>mantellum</span> <span class='ocrx_word' id='word_1_304' title='bbox 740 4848 777 4904; x_wconf 88' lang='lat' dir='ltr'>et</span> <span class='ocrx_word' id='word_1_305' title='bbox 793 4829 912 4905; x_wconf 89' lang='lat' dir='ltr'>credit</span> <span class='ocrx_word' id='word_1_306' title='bbox 926 4831 1030 4936; x_wconf 92' lang='lat' dir='ltr'>quod</span> <span class='ocrx_word' id='word_1_307' title='bbox 1046 4831 1212 4937; x_wconf 90' lang='lat' dir='ltr'>predicta</span> <span class='ocrx_word' id='word_1_308' title='bbox 1229 4832 1358 4910; x_wconf 90' lang='lat' dir='ltr'>illicita</span> <span class='ocrx_word' id='word_1_309' title='bbox 1376 4834 1646 4911; x_wconf 88' lang='lat' dir='ltr'>intervenirent</span> <span class='ocrx_word' id='word_1_310' title='bbox 1660 4864 1762 4912; x_wconf 90' lang='lat' dir='ltr'>com·</span> 
     </span>
    </p>
   </div>
   <div class='ocr_carea' id='block_1_4' title="bbox 0 0 2122 5948">
    <p class='ocr_par' dir='ltr' id='par_1_4' title="bbox 0 0 2122 5948">
     <span class='ocr_line' id='line_1_34' title="bbox 0 0 2122 5948; baseline 0 0"><span class='ocrx_word' id='word_1_311' title='bbox 0 0 2122 5948; x_wconf 95' lang='lat' dir='ltr'> </span> 
     </span>
    </p>
   </div>
  </div>
 </body>
</html>
