<?xml version="1.0" encoding="UTF-8"?>
<!DOCTYPE html PUBLIC "-//W3C//DTD XHTML 1.0 Transitional//EN"
    "http://www.w3.org/TR/xhtml1/DTD/xhtml1-transitional.dtd">
<html xmlns="http://www.w3.org/1999/xhtml" xml:lang="en" lang="en">
 <head>
  <title>
</title>
<meta http-equiv="Content-Type" content="text/html;charset=utf-8" />
  <meta name='ocr-system' content='tesseract 3.04.00' />
  <meta name='ocr-capabilities' content='ocr_page ocr_carea ocr_par ocr_line ocrx_word'/>
</head>
<body>
  <div class='ocr_page' id='page_1' title='image "./procsdestemplie00defegoog_0507.png"; bbox 0 0 4236 5948; ppageno 0'>
   <div class='ocr_carea' id='block_1_1' title="bbox 590 553 1621 646">
    <p class='ocr_par' dir='ltr' id='par_1_1' title="bbox 590 553 1621 646">
     <span class='ocr_line' id='line_1_1' title="bbox 590 553 1621 646; baseline 0.002 -2"><span class='ocrx_word' id='word_1_1' title='bbox 590 553 787 646; x_wconf 78' lang='lat' dir='ltr'><strong>procus</strong></span> <span class='ocrx_word' id='word_1_2' title='bbox 812 571 908 644; x_wconf 84' lang='lat' dir='ltr'><strong>nus</strong></span> <span class='ocrx_word' id='word_1_3' title='bbox 934 571 1232 644; x_wconf 73' lang='lat' dir='ltr'><strong>muninus.</strong></span> <span class='ocrx_word' id='word_1_4' title='bbox 1547 575 1621 646; x_wconf 81' lang='lat'><strong>503</strong></span> 
     </span>
    </p>
   </div>
   <div class='ocr_carea' id='block_1_2' title="bbox 179 714 1628 4995">
    <p class='ocr_par' dir='ltr' id='par_1_2' title="bbox 241 714 802 821">
     <span class='ocr_line' id='line_1_2' title="bbox 241 714 802 821; baseline 0 -28"><span class='ocrx_word' id='word_1_5' title='bbox 241 717 363 793; x_wconf 77' lang='lat' dir='ltr'><strong>Anno</strong></span> <span class='ocrx_word' id='word_1_6' title='bbox 383 733 420 791; x_wconf 90' lang='lat' dir='ltr'><strong>et</strong></span> <span class='ocrx_word' id='word_1_7' title='bbox 440 715 501 791; x_wconf 89' lang='lat' dir='ltr'><strong>die</strong></span> <span class='ocrx_word' id='word_1_8' title='bbox 520 714 658 820; x_wconf 90' lang='lat' dir='ltr'><strong>quibus</strong></span> <span class='ocrx_word' id='word_1_9' title='bbox 678 742 802 821; x_wconf 83' lang='lat' dir='ltr'><strong>supra.</strong></span> 
     </span>
    </p>

    <p class='ocr_par' dir='ltr' id='par_1_3' title="bbox 199 841 1628 2126">
     <span class='ocr_line' id='line_1_3' title="bbox 258 841 1626 952; baseline -0.004 -28"><span class='ocrx_word' id='word_1_10' title='bbox 258 847 369 924; x_wconf 87' lang='lat' dir='ltr'><strong>llllll.</strong></span> <span class='ocrx_word' id='word_1_11' title='bbox 411 847 539 923; x_wconf 85' lang='lat' dir='ltr'><strong>Frater</strong></span> <span class='ocrx_word' id='word_1_12' title='bbox 564 848 630 923; x_wconf 90' lang='lat' dir='ltr'><strong>Bu.</strong></span> <span class='ocrx_word' id='word_1_13' title='bbox 663 843 895 952; x_wconf 79' lang='lat' dir='ltr'><strong>Septembris</strong></span> <span class='ocrx_word' id='word_1_14' title='bbox 924 842 1067 922; x_wconf 86' lang='lat' dir='ltr'>ordinis</span> <span class='ocrx_word' id='word_1_15' title='bbox 1093 841 1190 918; x_wconf 37' lang='lat' dir='ltr'><strong>«dicti</strong></span> <span class='ocrx_word' id='word_1_16' title='bbox 1225 842 1377 948; x_wconf 79' lang='lat' dir='ltr'><strong>Templi.</strong></span> <span class='ocrx_word' id='word_1_17' title='bbox 1411 860 1464 935; x_wconf 67' lang='lat' dir='ltr'><strong>etv</strong></span> <span class='ocrx_word' id='word_1_18' title='bbox 1491 844 1626 921; x_wconf 90' lang='lat' dir='ltr'><strong>domus</strong></span> 
     </span>
     <span class='ocr_line' id='line_1_4' title="bbox 202 973 1627 1086; baseline -0.005 -30"><span class='ocrx_word' id='word_1_19' title='bbox 202 978 319 1056; x_wconf 84' lang='lat' dir='ltr'><strong>blansi</strong></span> <span class='ocrx_word' id='word_1_20' title='bbox 337 977 424 1064; x_wconf 91' lang='lat' dir='ltr'><strong>Dei,</strong></span> <span class='ocrx_word' id='word_1_21' title='bbox 447 977 553 1054; x_wconf 89' lang='lat' dir='ltr'><strong>testis</strong></span> <span class='ocrx_word' id='word_1_22' title='bbox 567 977 714 1086; x_wconf 77' lang='lat' dir='ltr'><strong>juratus</strong></span> <span class='ocrx_word' id='word_1_23' title='bbox 728 976 776 1053; x_wconf 93' lang='lat' dir='ltr'><strong>ad</strong></span> <span class='ocrx_word' id='word_1_24' title='bbox 793 991 917 1052; x_wconf 90' lang='lat' dir='ltr'><strong>saneta</strong></span> <span class='ocrx_word' id='word_1_25' title='bbox 933 973 1003 1049; x_wconf 91' lang='lat' dir='ltr'><strong>Dei</strong></span> <span class='ocrx_word' id='word_1_26' title='bbox 1023 973 1217 1078; x_wconf 88' lang='lat' dir='ltr'><strong>Evangelia</strong></span> <span class='ocrx_word' id='word_1_27' title='bbox 1242 1000 1356 1078; x_wconf 93' lang='lat' dir='ltr'><strong>super</strong></span> <span class='ocrx_word' id='word_1_28' title='bbox 1374 973 1552 1078; x_wconf 80' lang='lat' dir='ltr'><strong>predictis</strong></span> <span class='ocrx_word' id='word_1_29' title='bbox 1571 1002 1627 1054; x_wconf 86' lang='lat' dir='ltr'><strong>ar-</strong></span> 
     </span>
     <span class='ocr_line' id='line_1_5' title="bbox 199 1103 1625 1215; baseline -0.003 -29"><span class='ocrx_word' id='word_1_30' title='bbox 199 1110 324 1186; x_wconf 88' lang='lat' dir='ltr'><strong>ticulis</strong></span> <span class='ocrx_word' id='word_1_31' title='bbox 339 1125 376 1185; x_wconf 89' lang='lat' dir='ltr'><strong>et</strong></span> <span class='ocrx_word' id='word_1_32' title='bbox 393 1137 524 1185; x_wconf 90' lang='lat' dir='ltr'><strong>eorum</strong></span> <span class='ocrx_word' id='word_1_33' title='bbox 541 1106 713 1215; x_wconf 88' lang='lat' dir='ltr'><strong>quolibet</strong></span> <span class='ocrx_word' id='word_1_34' title='bbox 727 1107 798 1184; x_wconf 89' lang='lat' dir='ltr'><strong>sibi</strong></span> <span class='ocrx_word' id='word_1_35' title='bbox 821 1105 998 1210; x_wconf 82' lang='lat' dir='ltr'><strong>expositis</strong></span> <span class='ocrx_word' id='word_1_36' title='bbox 1017 1105 1056 1180; x_wconf 93' lang='lat' dir='ltr'><strong>in</strong></span> <span class='ocrx_word' id='word_1_37' title='bbox 1072 1103 1227 1210; x_wconf 88' lang='lat' dir='ltr'><strong>vulgari,</strong></span> <span class='ocrx_word' id='word_1_38' title='bbox 1245 1120 1287 1181; x_wconf 90' lang='lat' dir='ltr'><strong>ut</strong></span> <span class='ocrx_word' id='word_1_39' title='bbox 1306 1104 1516 1211; x_wconf 88' lang='lat' dir='ltr'><strong>principalis</strong></span> <span class='ocrx_word' id='word_1_40' title='bbox 1529 1106 1576 1185; x_wconf 90' lang='lat' dir='ltr'><strong>de</strong></span> <span class='ocrx_word' id='word_1_41' title='bbox 1587 1135 1625 1183; x_wconf 91' lang='lat' dir='ltr'><strong>se</strong></span> 
     </span>
     <span class='ocr_line' id='line_1_6' title="bbox 200 1235 1628 1346; baseline -0.001 -31"><span class='ocrx_word' id='word_1_42' title='bbox 200 1240 299 1346; x_wconf 92' lang='lat' dir='ltr'><strong>ipso,</strong></span> <span class='ocrx_word' id='word_1_43' title='bbox 319 1257 356 1317; x_wconf 92' lang='lat' dir='ltr'><strong>et</strong></span> <span class='ocrx_word' id='word_1_44' title='bbox 376 1257 418 1315; x_wconf 89' lang='lat' dir='ltr'><strong>ut</strong></span> <span class='ocrx_word' id='word_1_45' title='bbox 431 1239 535 1317; x_wconf 87' lang='lat' dir='ltr'><strong>testis</strong></span> <span class='ocrx_word' id='word_1_46' title='bbox 552 1237 601 1321; x_wconf 85' lang='lat' dir='ltr'><strong>de</strong></span> <span class='ocrx_word' id='word_1_47' title='bbox 618 1238 717 1327; x_wconf 87' lang='lat' dir='ltr'><strong>aliis,</strong></span> <span class='ocrx_word' id='word_1_48' title='bbox 736 1237 932 1344; x_wconf 88' lang='lat' dir='ltr'><strong>diligenter</strong></span> <span class='ocrx_word' id='word_1_49' title='bbox 943 1253 980 1312; x_wconf 91' lang='lat' dir='ltr'><strong>et</strong></span> <span class='ocrx_word' id='word_1_50' title='bbox 995 1235 1183 1341; x_wconf 80' lang='lat' dir='ltr'><strong>sigillatim</strong></span> <span class='ocrx_word' id='word_1_51' title='bbox 1195 1236 1458 1342; x_wconf 86' lang='lat' dir='ltr'><strong>interrogatus,</strong></span> <span class='ocrx_word' id='word_1_52' title='bbox 1475 1264 1628 1342; x_wconf 91' lang='lat' dir='ltr'><strong>respon·</strong></span> 
     </span>
     <span class='ocr_line' id='line_1_7' title="bbox 201 1366 1627 1476; baseline 0 -32"><span class='ocrx_word' id='word_1_53' title='bbox 201 1369 293 1447; x_wconf 88' lang='lat' dir='ltr'><strong>dens</strong></span> <span class='ocrx_word' id='word_1_54' title='bbox 314 1372 361 1447; x_wconf 90' lang='lat' dir='ltr'><strong>ad</strong></span> <span class='ocrx_word' id='word_1_55' title='bbox 377 1370 558 1476; x_wconf 82' lang='lat' dir='ltr'><strong>primum,</strong></span> <span class='ocrx_word' id='word_1_56' title='bbox 581 1395 746 1447; x_wconf 78' lang='lat' dir='ltr'><strong>u-xm</strong></span> <span class='ocrx_word' id='word_1_57' title='bbox 760 1368 936 1445; x_wconf 79' lang='lat' dir='ltr'><strong>articulos</strong></span> <span class='ocrx_word' id='word_1_58' title='bbox 955 1366 1149 1456; x_wconf 89' lang='lat' dir='ltr'><strong>inclusive,</strong></span> <span class='ocrx_word' id='word_1_59' title='bbox 1172 1367 1319 1475; x_wconf 86' lang='lat' dir='ltr'><strong>negavit</strong></span> <span class='ocrx_word' id='word_1_60' title='bbox 1336 1368 1436 1473; x_wconf 91' lang='lat' dir='ltr'><strong>ipsos</strong></span> <span class='ocrx_word' id='word_1_61' title='bbox 1451 1366 1627 1446; x_wconf 81' lang='lat' dir='ltr'><strong>articulos</strong></span> 
     </span>
     <span class='ocr_line' id='line_1_8' title="bbox 201 1498 1627 1608; baseline -0.001 -32"><span class='ocrx_word' id='word_1_62' title='bbox 201 1519 237 1576; x_wconf 89' lang='lat' dir='ltr'><strong>et</strong></span> <span class='ocrx_word' id='word_1_63' title='bbox 257 1502 384 1577; x_wconf 88' lang='lat' dir='ltr'><strong>omnia</strong></span> <span class='ocrx_word' id='word_1_64' title='bbox 405 1518 442 1577; x_wconf 90' lang='lat' dir='ltr'><strong>et</strong></span> <span class='ocrx_word' id='word_1_65' title='bbox 455 1500 598 1608; x_wconf 90' lang='lat' dir='ltr'><strong>singula</strong></span> <span class='ocrx_word' id='word_1_66' title='bbox 613 1517 785 1578; x_wconf 86' lang='lat' dir='ltr'><strong>contenta</strong></span> <span class='ocrx_word' id='word_1_67' title='bbox 805 1499 844 1575; x_wconf 91' lang='lat' dir='ltr'><strong>iu</strong></span> <span class='ocrx_word' id='word_1_68' title='bbox 863 1500 935 1589; x_wconf 77' lang='lat' dir='ltr'><strong>eis3</strong></span> <span class='ocrx_word' id='word_1_69' title='bbox 958 1498 1122 1575; x_wconf 81' lang='lat' dir='ltr'><strong>adiciens</strong></span> <span class='ocrx_word' id='word_1_70' title='bbox 1141 1499 1246 1604; x_wconf 92' lang='lat' dir='ltr'><strong>quod</strong></span> <span class='ocrx_word' id='word_1_71' title='bbox 1266 1498 1344 1604; x_wconf 90' lang='lat' dir='ltr'><strong>ipse</strong></span> <span class='ocrx_word' id='word_1_72' title='bbox 1360 1498 1481 1574; x_wconf 88' lang='lat' dir='ltr'><strong>credit</strong></span> <span class='ocrx_word' id='word_1_73' title='bbox 1495 1498 1627 1576; x_wconf 91' lang='lat' dir='ltr'><strong>Domi-</strong></span> 
     </span>
     <span class='ocr_line' id='line_1_9' title="bbox 200 1629 1625 1737; baseline -0.001 -30"><span class='ocrx_word' id='word_1_74' title='bbox 200 1660 290 1708; x_wconf 91' lang='lat' dir='ltr'><strong>num</strong></span> <span class='ocrx_word' id='word_1_75' title='bbox 307 1633 463 1710; x_wconf 88' lang='lat' dir='ltr'><strong>Jhesum</strong></span> <span class='ocrx_word' id='word_1_76' title='bbox 483 1631 621 1710; x_wconf 89' lang='lat' dir='ltr'><strong>Filium</strong></span> <span class='ocrx_word' id='word_1_77' title='bbox 639 1632 710 1710; x_wconf 89' lang='lat' dir='ltr'><strong>Dei</strong></span> <span class='ocrx_word' id='word_1_78' title='bbox 727 1648 766 1707; x_wconf 90' lang='lat' dir='ltr'><strong>et</strong></span> <span class='ocrx_word' id='word_1_79' title='bbox 777 1629 887 1707; x_wconf 91' lang='lat' dir='ltr'><strong>beate</strong></span> <span class='ocrx_word' id='word_1_80' title='bbox 901 1630 1063 1737; x_wconf 85' lang='lat' dir='ltr'><strong>Virginis</strong></span> <span class='ocrx_word' id='word_1_81' title='bbox 1080 1630 1194 1707; x_wconf 85' lang='lat' dir='ltr'><strong>Marie</strong></span> <span class='ocrx_word' id='word_1_82' title='bbox 1214 1657 1364 1735; x_wconf 90' lang='lat' dir='ltr'><strong>passum</strong></span> <span class='ocrx_word' id='word_1_83' title='bbox 1380 1645 1418 1705; x_wconf 90' lang='lat' dir='ltr'><strong>et</strong></span> <span class='ocrx_word' id='word_1_84' title='bbox 1433 1646 1625 1706; x_wconf 93' lang='lat' dir='ltr'><strong>mortuum</strong></span> 
     </span>
     <span class='ocr_line' id='line_1_10' title="bbox 199 1759 1626 1868; baseline 0.001 -33"><span class='ocrx_word' id='word_1_85' title='bbox 199 1762 236 1836; x_wconf 89' lang='lat' dir='ltr'><strong>in</strong></span> <span class='ocrx_word' id='word_1_86' title='bbox 262 1761 508 1843; x_wconf 72' lang='lat' dir='ltr'><strong>cruee&#39;luisse</strong></span> <span class='ocrx_word' id='word_1_87' title='bbox 529 1791 597 1868; x_wconf 90' lang='lat' dir='ltr'><strong>pro</strong></span> <span class='ocrx_word' id='word_1_88' title='bbox 623 1761 884 1867; x_wconf 71' lang='lat' dir='ltr'><strong>redemptione</strong></span> <span class='ocrx_word' id='word_1_89' title='bbox 909 1760 1064 1838; x_wconf 91' lang='lat' dir='ltr'><strong>humani</strong></span> <span class='ocrx_word' id='word_1_90' title='bbox 1084 1759 1250 1865; x_wconf 92' lang='lat' dir='ltr'><strong>generis,</strong></span> <span class='ocrx_word' id='word_1_91' title='bbox 1272 1786 1349 1835; x_wconf 91' lang='lat' dir='ltr'><strong>non</strong></span> <span class='ocrx_word' id='word_1_92' title='bbox 1371 1787 1439 1864; x_wconf 91' lang='lat' dir='ltr'><strong>pro</strong></span> <span class='ocrx_word' id='word_1_93' title='bbox 1467 1760 1626 1863; x_wconf 87' lang='lat' dir='ltr'><strong>peccatis</strong></span> 
     </span>
     <span class='ocr_line' id='line_1_11' title="bbox 199 1888 1624 2000; baseline 0 -34"><span class='ocrx_word' id='word_1_94' title='bbox 199 1892 295 1980; x_wconf 92' lang='lat' dir='ltr'><strong>suis,</strong></span> <span class='ocrx_word' id='word_1_95' title='bbox 317 1893 413 1999; x_wconf 79' lang='lat' dir='ltr'><strong>quia</strong></span> <span class='ocrx_word' id='word_1_96' title='bbox 425 1892 814 2000; x_wconf 83' lang='lat' dir='ltr'><strong>nunquam-peccavit;</strong></span> <span class='ocrx_word' id='word_1_97' title='bbox 832 1920 900 1996; x_wconf 91' lang='lat' dir='ltr'><strong>pro</strong></span> <span class='ocrx_word' id='word_1_98' title='bbox 920 1892 1026 1998; x_wconf 87' lang='lat' dir='ltr'><strong>cujus</strong></span> <span class='ocrx_word' id='word_1_99' title='bbox 1039 1891 1182 1967; x_wconf 90' lang='lat' dir='ltr'><strong>honore</strong></span> <span class='ocrx_word' id='word_1_100' title='bbox 1198 1890 1277 1997; x_wconf 89' lang='lat' dir='ltr'><strong>ipse</strong></span> <span class='ocrx_word' id='word_1_101' title='bbox 1293 1907 1329 1966; x_wconf 88' lang='lat' dir='ltr'><strong>et</strong></span> <span class='ocrx_word' id='word_1_102' title='bbox 1349 1889 1462 1981; x_wconf 82' lang='lat' dir='ltr'><strong>ceteri</strong></span> <span class='ocrx_word' id='word_1_103' title='bbox 1475 1888 1624 1978; x_wconf 75' lang='lat' dir='ltr'><strong>fratres,</strong></span> 
     </span>
     <span class='ocr_line' id='line_1_12' title="bbox 199 2013 1627 2126; baseline 0 -30"><span class='ocrx_word' id='word_1_104' title='bbox 199 2037 241 2096; x_wconf 91' lang='lat' dir='ltr'><strong>ut</strong></span> <span class='ocrx_word' id='word_1_105' title='bbox 260 2018 395 2113; x_wconf 81' lang='lat' dir='ltr'><strong>credit,</strong></span> <span class='ocrx_word' id='word_1_106' title='bbox 419 2021 506 2097; x_wconf 90' lang='lat' dir='ltr'><strong>dicti</strong></span> <span class='ocrx_word' id='word_1_107' title='bbox 528 2021 673 2098; x_wconf 82' lang='lat' dir='ltr'><strong>ordinis</strong></span> <span class='ocrx_word' id='word_1_108' title='bbox 692 2022 941 2099; x_wconf 82' lang='lat' dir='ltr'><strong>reverenciam</strong></span> <span class='ocrx_word' id='word_1_109' title='bbox 963 2013 1140 2097; x_wconf 77' lang='lat' dir='ltr'><strong>exhibent</strong></span> <span class='ocrx_word' id='word_1_110' title='bbox 1160 2020 1260 2097; x_wconf 89' lang='lat' dir='ltr'><strong>cruci</strong></span> <span class='ocrx_word' id='word_1_111' title='bbox 1280 2049 1347 2125; x_wconf 87' lang='lat' dir='ltr'><strong>per</strong></span> <span class='ocrx_word' id='word_1_112' title='bbox 1369 2039 1541 2125; x_wconf 85' lang='lat' dir='ltr'><strong>quamet</strong></span> <span class='ocrx_word' id='word_1_113' title='bbox 1559 2048 1627 2126; x_wconf 90' lang='lat' dir='ltr'><strong>per</strong></span> 
     </span>
    </p>

    <p class='ocr_par' dir='ltr' id='par_1_4' title="bbox 179 2150 1623 2386">
     <span class='ocr_line' id='line_1_13' title="bbox 179 2150 1623 2259; baseline 0.001 -34"><span class='ocrx_word' id='word_1_114' title='bbox 179 2150 316 2259; x_wconf 28' lang='lat' dir='ltr'><strong>‚ipsius</strong></span> <span class='ocrx_word' id='word_1_115' title='bbox 333 2151 472 2227; x_wconf 87' lang='lat' dir='ltr'><strong>Christi</strong></span> <span class='ocrx_word' id='word_1_116' title='bbox 493 2151 703 2257; x_wconf 83' lang='lat' dir='ltr'><strong>passionem</strong></span> <span class='ocrx_word' id='word_1_117' title='bbox 719 2152 801 2258; x_wconf 88' lang='lat' dir='ltr'><strong>ipse</strong></span> <span class='ocrx_word' id='word_1_118' title='bbox 816 2170 853 2229; x_wconf 90' lang='lat' dir='ltr'><strong>et</strong></span> <span class='ocrx_word' id='word_1_119' title='bbox 873 2152 986 2250; x_wconf 80' lang='lat' dir='ltr'><strong>ceteri</strong></span> <span class='ocrx_word' id='word_1_120' title='bbox 1007 2150 1138 2227; x_wconf 79' lang='lat' dir='ltr'><strong>fratres</strong></span> <span class='ocrx_word' id='word_1_121' title='bbox 1155 2151 1241 2227; x_wconf 92' lang='lat' dir='ltr'><strong>dicti</strong></span> <span class='ocrx_word' id='word_1_122' title='bbox 1259 2150 1418 2239; x_wconf 85' lang='lat' dir='ltr'><strong>ordinis,</strong></span> <span class='ocrx_word' id='word_1_123' title='bbox 1437 2168 1478 2226; x_wconf 91' lang='lat' dir='ltr'><strong>ut</strong></span> <span class='ocrx_word' id='word_1_124' title='bbox 1489 2152 1623 2239; x_wconf 88' lang='lat' dir='ltr'><strong>credit,</strong></span> 
     </span>
     <span class='ocr_line' id='line_1_14' title="bbox 200 2281 899 2386; baseline 0.001 -30"><span class='ocrx_word' id='word_1_125' title='bbox 200 2281 341 2358; x_wconf 91' lang='lat' dir='ltr'><strong>habent</strong></span> <span class='ocrx_word' id='word_1_126' title='bbox 360 2310 464 2386; x_wconf 89' lang='lat' dir='ltr'><strong>spem</strong></span> <span class='ocrx_word' id='word_1_127' title='bbox 484 2281 899 2364; x_wconf 86' lang='lat' dir='ltr'><strong>salvationishabende.</strong></span> 
     </span>
    </p>

    <p class='ocr_par' dir='ltr' id='par_1_5' title="bbox 198 2411 1627 3170">
     <span class='ocr_line' id='line_1_15' title="bbox 256 2411 1627 2517; baseline 0.002 -30"><span class='ocrx_word' id='word_1_128' title='bbox 256 2411 536 2517; x_wconf 90' lang='lat' dir='ltr'><strong>Quamquidem</strong></span> <span class='ocrx_word' id='word_1_129' title='bbox 562 2441 713 2488; x_wconf 89' lang='lat' dir='ltr'><strong>erucem</strong></span> <span class='ocrx_word' id='word_1_130' title='bbox 735 2412 815 2517; x_wconf 89' lang='lat' dir='ltr'><strong>ipse</strong></span> <span class='ocrx_word' id='word_1_131' title='bbox 836 2429 873 2488; x_wconf 90' lang='lat' dir='ltr'><strong>et</strong></span> <span class='ocrx_word' id='word_1_132' title='bbox 892 2413 1005 2491; x_wconf 84' lang='lat' dir='ltr'><strong>ceteri</strong></span> <span class='ocrx_word' id='word_1_133' title='bbox 1031 2411 1163 2487; x_wconf 84' lang='lat' dir='ltr'><strong>fratres</strong></span> <span class='ocrx_word' id='word_1_134' title='bbox 1183 2411 1353 2516; x_wconf 89' lang='lat' dir='ltr'><strong>ejusdem</strong></span> <span class='ocrx_word' id='word_1_135' title='bbox 1375 2412 1520 2490; x_wconf 84' lang='lat' dir='ltr'><strong>ordinis</strong></span> <span class='ocrx_word' id='word_1_136' title='bbox 1540 2442 1627 2490; x_wconf 90' lang='lat' dir='ltr'><strong>cum</strong></span> 
     </span>
     <span class='ocr_line' id='line_1_16' title="bbox 200 2539 1627 2646; baseline 0.001 -28"><span class='ocrx_word' id='word_1_137' title='bbox 200 2541 337 2646; x_wconf 91' lang='lat' dir='ltr'><strong>quibus</strong></span> <span class='ocrx_word' id='word_1_138' title='bbox 346 2557 580 2618; x_wconf 87' lang='lat' dir='ltr'><strong>conversatus</strong></span> <span class='ocrx_word' id='word_1_139' title='bbox 594 2558 666 2629; x_wconf 88' lang='lat' dir='ltr'><strong>est,</strong></span> <span class='ocrx_word' id='word_1_140' title='bbox 678 2558 715 2617; x_wconf 90' lang='lat' dir='ltr'><strong>et</strong></span> <span class='ocrx_word' id='word_1_141' title='bbox 729 2539 832 2618; x_wconf 88' lang='lat' dir='ltr'><strong>idem</strong></span> <span class='ocrx_word' id='word_1_142' title='bbox 844 2540 964 2618; x_wconf 90' lang='lat' dir='ltr'><strong>eredit</strong></span> <span class='ocrx_word' id='word_1_143' title='bbox 980 2540 1027 2616; x_wconf 88' lang='lat' dir='ltr'><strong>de</strong></span> <span class='ocrx_word' id='word_1_144' title='bbox 1043 2540 1138 2629; x_wconf 90' lang='lat' dir='ltr'><strong>aliis,</strong></span> <span class='ocrx_word' id='word_1_145' title='bbox 1156 2540 1402 2619; x_wconf 86' lang='lat' dir='ltr'><strong>adoraverunt</strong></span> <span class='ocrx_word' id='word_1_146' title='bbox 1417 2559 1456 2617; x_wconf 88' lang='lat' dir='ltr'><strong>et</strong></span> <span class='ocrx_word' id='word_1_147' title='bbox 1468 2542 1627 2620; x_wconf 90' lang='lat' dir='ltr'><strong>adorant</strong></span> 
     </span>
     <span class='ocr_line' id='line_1_17' title="bbox 198 2670 1627 2777; baseline 0.002 -30"><span class='ocrx_word' id='word_1_148' title='bbox 198 2689 257 2749; x_wconf 88' lang='lat' dir='ltr'><strong>ter</strong></span> <span class='ocrx_word' id='word_1_149' title='bbox 271 2673 309 2748; x_wconf 90' lang='lat' dir='ltr'><strong>in</strong></span> <span class='ocrx_word' id='word_1_150' title='bbox 329 2700 445 2761; x_wconf 91' lang='lat' dir='ltr'><strong>anno,</strong></span> <span class='ocrx_word' id='word_1_151' title='bbox 466 2672 639 2753; x_wconf 85' lang='lat' dir='ltr'><strong>videlicet</strong></span> <span class='ocrx_word' id='word_1_152' title='bbox 659 2672 698 2748; x_wconf 90' lang='lat' dir='ltr'><strong>in</strong></span> <span class='ocrx_word' id='word_1_153' title='bbox 716 2671 868 2753; x_wconf 86' lang='lat' dir='ltr'><strong>duobus</strong></span> <span class='ocrx_word' id='word_1_154' title='bbox 879 2670 982 2748; x_wconf 85' lang='lat' dir='ltr'><strong>festis</strong></span> <span class='ocrx_word' id='word_1_155' title='bbox 1000 2671 1131 2751; x_wconf 87' lang='lat' dir='ltr'><strong>Sancte</strong></span> <span class='ocrx_word' id='word_1_156' title='bbox 1147 2670 1278 2750; x_wconf 85' lang='lat' dir='ltr'><strong>Crucis</strong></span> <span class='ocrx_word' id='word_1_157' title='bbox 1296 2672 1384 2749; x_wconf 89' lang='lat' dir='ltr'><strong>maii</strong></span> <span class='ocrx_word' id='word_1_158' title='bbox 1408 2690 1446 2748; x_wconf 90' lang='lat' dir='ltr'><strong>et</strong></span> <span class='ocrx_word' id='word_1_159' title='bbox 1464 2691 1627 2777; x_wconf 88' lang='lat' dir='ltr'><strong>septem-</strong></span> 
     </span>
     <span class='ocr_line' id='line_1_18' title="bbox 199 2800 1626 2909; baseline 0 -30"><span class='ocrx_word' id='word_1_160' title='bbox 199 2801 294 2892; x_wconf 87' lang='lat' dir='ltr'><strong>bris,</strong></span> <span class='ocrx_word' id='word_1_161' title='bbox 317 2821 355 2880; x_wconf 91' lang='lat' dir='ltr'><strong>et</strong></span> <span class='ocrx_word' id='word_1_162' title='bbox 369 2803 601 2909; x_wconf 89' lang='lat' dir='ltr'><strong>solempnius</strong></span> <span class='ocrx_word' id='word_1_163' title='bbox 618 2802 656 2878; x_wconf 90' lang='lat' dir='ltr'><strong>in</strong></span> <span class='ocrx_word' id='word_1_164' title='bbox 674 2801 736 2880; x_wconf 84' lang='lat' dir='ltr'><strong>die</strong></span> <span class='ocrx_word' id='word_1_165' title='bbox 752 2802 906 2879; x_wconf 88' lang='lat' dir='ltr'><strong>Veneris</strong></span> <span class='ocrx_word' id='word_1_166' title='bbox 925 2817 1064 2889; x_wconf 87' lang='lat' dir='ltr'><strong>sancta,</strong></span> <span class='ocrx_word' id='word_1_167' title='bbox 1082 2800 1301 2878; x_wconf 86' lang='lat' dir='ltr'><strong>discalciatis</strong></span> <span class='ocrx_word' id='word_1_168' title='bbox 1320 2802 1482 2907; x_wconf 88' lang='lat' dir='ltr'><strong>pedibus</strong></span> <span class='ocrx_word' id='word_1_169' title='bbox 1496 2818 1533 2877; x_wconf 90' lang='lat' dir='ltr'><strong>et</strong></span> <span class='ocrx_word' id='word_1_170' title='bbox 1548 2802 1626 2879; x_wconf 89' lang='lat' dir='ltr'><strong>cul·</strong></span> 
     </span>
     <span class='ocr_line' id='line_1_19' title="bbox 200 2930 1623 3038; baseline 0 -29"><span class='ocrx_word' id='word_1_171' title='bbox 200 2931 296 3009; x_wconf 90' lang='lat' dir='ltr'><strong>tellis</strong></span> <span class='ocrx_word' id='word_1_172' title='bbox 316 2932 478 3010; x_wconf 90' lang='lat' dir='ltr'><strong>dimissis</strong></span> <span class='ocrx_word' id='word_1_173' title='bbox 500 2949 536 3008; x_wconf 90' lang='lat' dir='ltr'><strong>et</strong></span> <span class='ocrx_word' id='word_1_174' title='bbox 556 2930 738 3036; x_wconf 87' lang='lat' dir='ltr'><strong>capitibus</strong></span> <span class='ocrx_word' id='word_1_175' title='bbox 761 2931 1034 3038; x_wconf 87' lang='lat' dir='ltr'><strong>diseohopertis</strong></span> <span class='ocrx_word' id='word_1_176' title='bbox 1054 2949 1092 3007; x_wconf 89' lang='lat' dir='ltr'><strong>et</strong></span> <span class='ocrx_word' id='word_1_177' title='bbox 1116 2932 1220 3008; x_wconf 81' lang='lat' dir='ltr'><strong>flexis</strong></span> <span class='ocrx_word' id='word_1_178' title='bbox 1239 2931 1414 3037; x_wconf 84' lang='lat' dir='ltr'><strong>genibus,</strong></span> <span class='ocrx_word' id='word_1_179' title='bbox 1444 2931 1623 3023; x_wconf 86' lang='lat' dir='ltr'><strong>dicendo,</strong></span> 
     </span>
     <span class='ocr_line' id='line_1_20' title="bbox 200 3060 878 3170; baseline -0.001 -32"><span class='ocrx_word' id='word_1_180' title='bbox 200 3091 285 3138; x_wconf 90' lang='lat' dir='ltr'><strong>cum</strong></span> <span class='ocrx_word' id='word_1_181' title='bbox 305 3063 352 3139; x_wconf 88' lang='lat' dir='ltr'><strong>sit</strong></span> <span class='ocrx_word' id='word_1_182' title='bbox 366 3061 490 3169; x_wconf 86' lang='lat' dir='ltr'><strong>laycus</strong></span> <span class='ocrx_word' id='word_1_183' title='bbox 509 3063 590 3167; x_wconf 89' lang='lat' dir='ltr'><strong>ipse</strong></span> <span class='ocrx_word' id='word_1_184' title='bbox 606 3062 672 3168; x_wconf 92' lang='lat' dir='ltr'><strong>qui</strong></span> <span class='ocrx_word' id='word_1_185' title='bbox 691 3060 878 3170; x_wconf 86' lang='lat' dir='ltr'><strong>loquitur:</strong></span> 
     </span>
    </p>

    <p class='ocr_par' dir='ltr' id='par_1_6' title="bbox 255 3192 1625 3297">
     <span class='ocr_line' id='line_1_21' title="bbox 255 3192 1625 3297; baseline -0.001 -27"><span class='ocrx_word' id='word_1_186' title='bbox 255 3194 392 3270; x_wconf 73' lang='lat' dir='ltr'><strong>Adorte</strong></span> <span class='ocrx_word' id='word_1_187' title='bbox 404 3193 509 3281; x_wconf 71' lang='lat' dir='ltr'><strong>Criu,</strong></span> <span class='ocrx_word' id='word_1_188' title='bbox 522 3208 556 3271; x_wconf 91' lang='lat' dir='ltr'><strong>et</strong></span> <span class='ocrx_word' id='word_1_189' title='bbox 565 3194 716 3271; x_wconf 70' lang='lat' dir='ltr'><strong>beamur</strong></span> <span class='ocrx_word' id='word_1_190' title='bbox 727 3207 758 3270; x_wconf 87' lang='lat' dir='ltr'><strong>te</strong></span> <span class='ocrx_word' id='word_1_191' title='bbox 767 3192 874 3280; x_wconf 87' lang='lat' dir='ltr'><strong>Crist,</strong></span> <span class='ocrx_word' id='word_1_192' title='bbox 892 3201 951 3296; x_wconf 77' lang='lat' dir='ltr'><strong>qui</strong></span> <span class='ocrx_word' id='word_1_193' title='bbox 961 3194 1067 3297; x_wconf 83' lang='lat' dir='ltr'><strong>perla</strong></span> <span class='ocrx_word' id='word_1_194' title='bbox 1079 3208 1198 3271; x_wconf 83' lang='lat' dir='ltr'><strong>sancta</strong></span> <span class='ocrx_word' id='word_1_195' title='bbox 1210 3207 1270 3271; x_wconf 85' lang='lat' dir='ltr'><strong>tua</strong></span> <span class='ocrx_word' id='word_1_196' title='bbox 1283 3222 1366 3270; x_wconf 85' lang='lat' dir='ltr'><strong>eron</strong></span> <span class='ocrx_word' id='word_1_197' title='bbox 1382 3223 1439 3271; x_wconf 84' lang='lat' dir='ltr'><strong>aas</strong></span> <span class='ocrx_word' id='word_1_198' title='bbox 1458 3198 1625 3271; x_wconf 83' lang='lat' dir='ltr'><strong>rcscmr&#39;stl</strong></span> 
     </span>
    </p>

    <p class='ocr_par' dir='ltr' id='par_1_7' title="bbox 199 3322 1627 3818">
     <span class='ocr_line' id='line_1_22' title="bbox 257 3322 1625 3408; baseline -0.001 -8"><span class='ocrx_word' id='word_1_199' title='bbox 257 3322 457 3408; x_wconf 79' lang='lat' dir='ltr'><strong>Confessus</strong></span> <span class='ocrx_word' id='word_1_200' title='bbox 473 3341 531 3401; x_wconf 89' lang='lat' dir='ltr'><strong>est</strong></span> <span class='ocrx_word' id='word_1_201' title='bbox 549 3324 666 3401; x_wconf 88' lang='lat' dir='ltr'><strong>eciam</strong></span> <span class='ocrx_word' id='word_1_202' title='bbox 684 3323 898 3408; x_wconf 79' lang='lat' dir='ltr'><strong>secredere</strong></span> <span class='ocrx_word' id='word_1_203' title='bbox 915 3340 1189 3400; x_wconf 87' lang='lat' dir='ltr'><strong>sacramentum</strong></span> <span class='ocrx_word' id='word_1_204' title='bbox 1208 3323 1331 3400; x_wconf 88' lang='lat' dir='ltr'><strong>altaris</strong></span> <span class='ocrx_word' id='word_1_205' title='bbox 1350 3342 1386 3399; x_wconf 87' lang='lat' dir='ltr'><strong>et</strong></span> <span class='ocrx_word' id='word_1_206' title='bbox 1406 3323 1476 3400; x_wconf 87' lang='lat' dir='ltr'><strong>alia</strong></span> <span class='ocrx_word' id='word_1_207' title='bbox 1498 3324 1625 3401; x_wconf 89' lang='lat' dir='ltr'><strong>omnia</strong></span> 
     </span>
     <span class='ocr_line' id='line_1_23' title="bbox 201 3431 1625 3542; baseline 0.003 -14"><span class='ocrx_word' id='word_1_208' title='bbox 201 3431 705 3542; x_wconf 67' lang='lat' dir='ltr'><strong>eeclesiasticamcramenta,</strong></span> <span class='ocrx_word' id='word_1_209' title='bbox 723 3471 760 3530; x_wconf 90' lang='lat' dir='ltr'><strong>et</strong></span> <span class='ocrx_word' id='word_1_210' title='bbox 775 3453 876 3540; x_wconf 87' lang='lat' dir='ltr'><strong>idem</strong></span> <span class='ocrx_word' id='word_1_211' title='bbox 895 3453 1013 3531; x_wconf 87' lang='lat' dir='ltr'><strong>credit</strong></span> <span class='ocrx_word' id='word_1_212' title='bbox 1034 3453 1081 3530; x_wconf 90' lang='lat' dir='ltr'><strong>de</strong></span> <span class='ocrx_word' id='word_1_213' title='bbox 1102 3453 1184 3530; x_wconf 89' lang='lat' dir='ltr'><strong>aliis</strong></span> <span class='ocrx_word' id='word_1_214' title='bbox 1207 3452 1382 3530; x_wconf 82' lang='lat' dir='ltr'><strong>fratribus</strong></span> <span class='ocrx_word' id='word_1_215' title='bbox 1404 3454 1548 3531; x_wconf 88' lang='lat' dir='ltr'><strong>ordinis</strong></span> <span class='ocrx_word' id='word_1_216' title='bbox 1562 3484 1625 3532; x_wconf 89' lang='lat' dir='ltr'><strong>su·</strong></span> 
     </span>
     <span class='ocr_line' id='line_1_24' title="bbox 199 3583 1627 3686; baseline 0.001 -28"><span class='ocrx_word' id='word_1_217' title='bbox 199 3583 374 3686; x_wconf 88' lang='lat' dir='ltr'><strong>pradicti,</strong></span> <span class='ocrx_word' id='word_1_218' title='bbox 407 3585 508 3659; x_wconf 79' lang='lat' dir='ltr'><strong>etin</strong></span> <span class='ocrx_word' id='word_1_219' title='bbox 534 3585 587 3660; x_wconf 89' lang='lat' dir='ltr'><strong>eis</strong></span> <span class='ocrx_word' id='word_1_220' title='bbox 611 3583 834 3660; x_wconf 79' lang='lat' dir='ltr'><strong>credit-esse</strong></span> <span class='ocrx_word' id='word_1_221' title='bbox 859 3612 984 3661; x_wconf 87' lang='lat' dir='ltr'><strong>veram</strong></span> <span class='ocrx_word' id='word_1_222' title='bbox 1010 3583 1168 3660; x_wconf 89' lang='lat' dir='ltr'><strong>salutem</strong></span> <span class='ocrx_word' id='word_1_223' title='bbox 1196 3585 1365 3662; x_wconf 89' lang='lat' dir='ltr'><strong>omnium</strong></span> <span class='ocrx_word' id='word_1_224' title='bbox 1394 3583 1564 3662; x_wconf 86' lang='lat' dir='ltr'><strong>fidelium</strong></span> <span class='ocrx_word' id='word_1_225' title='bbox 1590 3603 1627 3661; x_wconf 86' lang='lat' dir='ltr'><strong>et</strong></span> 
     </span>
     <span class='ocr_line' id='line_1_25' title="bbox 200 3712 1599 3818; baseline -0.003 -30"><span class='ocrx_word' id='word_1_226' title='bbox 200 3741 304 3818; x_wconf 90' lang='lat' dir='ltr'><strong>spem</strong></span> <span class='ocrx_word' id='word_1_227' title='bbox 324 3741 429 3789; x_wconf 88' lang='lat' dir='ltr'><strong>suam</strong></span> <span class='ocrx_word' id='word_1_228' title='bbox 449 3712 670 3790; x_wconf 89' lang='lat' dir='ltr'><strong>habentium</strong></span> <span class='ocrx_word' id='word_1_229' title='bbox 691 3712 832 3791; x_wconf 87' lang='lat' dir='ltr'><strong>inillis.</strong></span> <span class='ocrx_word' id='word_1_230' title='bbox 1448 3765 1450 3768; x_wconf 91' lang='lat'>-</span> <span class='ocrx_word' id='word_1_231' title='bbox 1595 3780 1599 3784; x_wconf 83' lang='lat'>.</span> 
     </span>
    </p>

    <p class='ocr_par' dir='ltr' id='par_1_8' title="bbox 199 3839 1627 4600">
     <span class='ocr_line' id='line_1_26' title="bbox 257 3839 1627 3948; baseline -0.001 -28"><span class='ocrx_word' id='word_1_232' title='bbox 257 3842 457 3920; x_wconf 82' lang='lat' dir='ltr'><strong>Confessus</strong></span> <span class='ocrx_word' id='word_1_233' title='bbox 473 3842 591 3919; x_wconf 90' lang='lat' dir='ltr'><strong>eciam</strong></span> <span class='ocrx_word' id='word_1_234' title='bbox 606 3840 678 3919; x_wconf 80' lang='lat' dir='ltr'><strong>tuit</strong></span> <span class='ocrx_word' id='word_1_235' title='bbox 695 3842 800 3948; x_wconf 90' lang='lat' dir='ltr'><strong>quod</strong></span> <span class='ocrx_word' id='word_1_236' title='bbox 818 3839 960 3929; x_wconf 81' lang='lat' dir='ltr'><strong>nudus,</strong></span> <span class='ocrx_word' id='word_1_237' title='bbox 977 3841 1053 3932; x_wconf 74' lang='lat' dir='ltr'><strong>,nisi</strong></span> <span class='ocrx_word' id='word_1_238' title='bbox 1074 3843 1248 3920; x_wconf 87' lang='lat' dir='ltr'><strong>sacerdos</strong></span> <span class='ocrx_word' id='word_1_239' title='bbox 1261 3842 1385 3919; x_wconf 88' lang='lat' dir='ltr'><strong>fidelis</strong></span> <span class='ocrx_word' id='word_1_240' title='bbox 1398 3842 1527 3932; x_wconf 88' lang='lat' dir='ltr'><strong>luerit,</strong></span> <span class='ocrx_word' id='word_1_241' title='bbox 1541 3843 1627 3918; x_wconf 92' lang='lat' dir='ltr'><strong>reli·</strong></span> 
     </span>
     <span class='ocr_line' id='line_1_27' title="bbox 200 3971 1627 4080; baseline 0 -31"><span class='ocrx_word' id='word_1_242' title='bbox 200 3975 326 4080; x_wconf 89' lang='lat' dir='ltr'><strong>giosus</strong></span> <span class='ocrx_word' id='word_1_243' title='bbox 346 3973 404 4050; x_wconf 90' lang='lat' dir='ltr'><strong>vel</strong></span> <span class='ocrx_word' id='word_1_244' title='bbox 423 3972 620 4061; x_wconf 82' lang='lat' dir='ltr'><strong>secularis,</strong></span> <span class='ocrx_word' id='word_1_245' title='bbox 641 3972 758 4077; x_wconf 88' lang='lat' dir='ltr'><strong>possit</strong></span> <span class='ocrx_word' id='word_1_246' title='bbox 779 3971 971 4049; x_wconf 88' lang='lat' dir='ltr'><strong>absolvere</strong></span> <span class='ocrx_word' id='word_1_247' title='bbox 984 4001 1011 4048; x_wconf 92' lang='lat' dir='ltr'><strong>-a</strong></span> <span class='ocrx_word' id='word_1_248' title='bbox 1030 3971 1208 4079; x_wconf 78' lang='lat' dir='ltr'><strong>peccatis3</strong></span> <span class='ocrx_word' id='word_1_249' title='bbox 1235 3973 1362 4051; x_wconf 85' lang='lat' dir='ltr'><strong>dicens</strong></span> <span class='ocrx_word' id='word_1_250' title='bbox 1376 3972 1482 4078; x_wconf 88' lang='lat' dir='ltr'><strong>quod</strong></span> <span class='ocrx_word' id='word_1_251' title='bbox 1498 3973 1531 4048; x_wconf 87' lang='lat' dir='ltr'><strong>si</strong></span> <span class='ocrx_word' id='word_1_252' title='bbox 1548 3975 1627 4050; x_wconf 89' lang='lat' dir='ltr'><strong>Ma-</strong></span> 
     </span>
     <span class='ocr_line' id='line_1_28' title="bbox 199 4102 1623 4210; baseline -0.002 -29"><span class='ocrx_word' id='word_1_253' title='bbox 199 4105 313 4210; x_wconf 88' lang='lat' dir='ltr'><strong>gister</strong></span> <span class='ocrx_word' id='word_1_254' title='bbox 323 4131 479 4210; x_wconf 89' lang='lat' dir='ltr'><strong>maguus</strong></span> <span class='ocrx_word' id='word_1_255' title='bbox 490 4103 579 4180; x_wconf 89' lang='lat' dir='ltr'><strong>dieti</strong></span> <span class='ocrx_word' id='word_1_256' title='bbox 591 4103 734 4181; x_wconf 89' lang='lat' dir='ltr'><strong>ordinis</strong></span> <span class='ocrx_word' id='word_1_257' title='bbox 744 4102 933 4189; x_wconf 78' lang='lat' dir='ltr'><strong>consessus</strong></span> <span class='ocrx_word' id='word_1_258' title='bbox 945 4102 1055 4180; x_wconf 91' lang='lat' dir='ltr'><strong>estde</strong></span> <span class='ocrx_word' id='word_1_259' title='bbox 1065 4131 1105 4181; x_wconf 87' lang='lat' dir='ltr'><strong>se</strong></span> <span class='ocrx_word' id='word_1_260' title='bbox 1115 4102 1220 4209; x_wconf 89' lang='lat' dir='ltr'><strong>quod</strong></span> <span class='ocrx_word' id='word_1_261' title='bbox 1230 4130 1458 4208; x_wconf 90' lang='lat' dir='ltr'><strong>quemquam</strong></span> <span class='ocrx_word' id='word_1_262' title='bbox 1467 4103 1623 4182; x_wconf 86' lang='lat' dir='ltr'><strong>lratrum</strong></span> 
     </span>
     <span class='ocr_line' id='line_1_29' title="bbox 201 4231 1625 4338; baseline 0 -30"><span class='ocrx_word' id='word_1_263' title='bbox 201 4234 289 4311; x_wconf 88' lang='lat' dir='ltr'><strong>dieti</strong></span> <span class='ocrx_word' id='word_1_264' title='bbox 305 4234 450 4311; x_wconf 91' lang='lat' dir='ltr'><strong>ordinis</strong></span> <span class='ocrx_word' id='word_1_265' title='bbox 464 4232 662 4312; x_wconf 88' lang='lat' dir='ltr'><strong>absolverit</strong></span> <span class='ocrx_word' id='word_1_266' title='bbox 677 4262 697 4308; x_wconf 89' lang='lat' dir='ltr'><strong>a</strong></span> <span class='ocrx_word' id='word_1_267' title='bbox 713 4232 890 4338; x_wconf 86' lang='lat' dir='ltr'><strong>peccatis,</strong></span> <span class='ocrx_word' id='word_1_268' title='bbox 907 4232 1005 4309; x_wconf 89' lang='lat' dir='ltr'><strong>male</strong></span> <span class='ocrx_word' id='word_1_269' title='bbox 1025 4232 1216 4309; x_wconf 87' lang='lat' dir='ltr'><strong>confessus</strong></span> <span class='ocrx_word' id='word_1_270' title='bbox 1230 4249 1304 4322; x_wconf 89' lang='lat' dir='ltr'><strong>est,</strong></span> <span class='ocrx_word' id='word_1_271' title='bbox 1327 4250 1365 4309; x_wconf 90' lang='lat' dir='ltr'><strong>et</strong></span> <span class='ocrx_word' id='word_1_272' title='bbox 1378 4231 1474 4322; x_wconf 87' lang='lat' dir='ltr'><strong>male</strong></span> <span class='ocrx_word' id='word_1_273' title='bbox 1490 4232 1576 4310; x_wconf 85' lang='lat' dir='ltr'><strong>feeit</strong></span> <span class='ocrx_word' id='word_1_274' title='bbox 1589 4249 1625 4308; x_wconf 90' lang='lat' dir='ltr'><strong>et</strong></span> 
     </span>
     <span class='ocr_line' id='line_1_30' title="bbox 200 4362 1626 4472; baseline -0.002 -31"><span class='ocrx_word' id='word_1_275' title='bbox 200 4392 395 4470; x_wconf 88' lang='lat' dir='ltr'><strong>perperam</strong></span> <span class='ocrx_word' id='word_1_276' title='bbox 415 4363 444 4442; x_wconf 91' lang='lat' dir='ltr'><strong>si</strong></span> <span class='ocrx_word' id='word_1_277' title='bbox 460 4393 691 4472; x_wconf 82' lang='lat' dir='ltr'><strong>quemquam</strong></span> <span class='ocrx_word' id='word_1_278' title='bbox 710 4394 730 4441; x_wconf 91' lang='lat' dir='ltr'><strong>a</strong></span> <span class='ocrx_word' id='word_1_279' title='bbox 749 4364 908 4470; x_wconf 88' lang='lat' dir='ltr'><strong>peccatis</strong></span> <span class='ocrx_word' id='word_1_280' title='bbox 921 4364 970 4440; x_wconf 92' lang='lat' dir='ltr'><strong>de</strong></span> <span class='ocrx_word' id='word_1_281' title='bbox 991 4362 1088 4440; x_wconf 88' lang='lat' dir='ltr'><strong>lacto</strong></span> <span class='ocrx_word' id='word_1_282' title='bbox 1108 4362 1279 4452; x_wconf 83' lang='lat' dir='ltr'><strong>absolvit,</strong></span> <span class='ocrx_word' id='word_1_283' title='bbox 1300 4391 1385 4440; x_wconf 90' lang='lat' dir='ltr'><strong>cum</strong></span> <span class='ocrx_word' id='word_1_284' title='bbox 1400 4363 1488 4441; x_wconf 88' lang='lat' dir='ltr'><strong>solis</strong></span> <span class='ocrx_word' id='word_1_285' title='bbox 1508 4392 1626 4440; x_wconf 90' lang='lat' dir='ltr'><strong>saeer-</strong></span> 
     </span>
     <span class='ocr_line' id='line_1_31' title="bbox 201 4493 1586 4600; baseline -0.001 -29"><span class='ocrx_word' id='word_1_286' title='bbox 201 4495 352 4573; x_wconf 86' lang='lat' dir='ltr'><strong>dotibus</strong></span> <span class='ocrx_word' id='word_1_287' title='bbox 372 4495 489 4573; x_wconf 88' lang='lat' dir='ltr'><strong>claves</strong></span> <span class='ocrx_word' id='word_1_288' title='bbox 508 4495 671 4574; x_wconf 87' lang='lat' dir='ltr'><strong>Ecclesie</strong></span> <span class='ocrx_word' id='word_1_289' title='bbox 691 4494 915 4573; x_wconf 88' lang='lat' dir='ltr'><strong>habentibus</strong></span> <span class='ocrx_word' id='word_1_290' title='bbox 931 4493 1004 4573; x_wconf 91' lang='lat' dir='ltr'><strong>hoc</strong></span> <span class='ocrx_word' id='word_1_291' title='bbox 1016 4504 1163 4571; x_wconf 91' lang='lat' dir='ltr'><strong>tantum</strong></span> <span class='ocrx_word' id='word_1_292' title='bbox 1182 4494 1307 4584; x_wconf 89' lang='lat' dir='ltr'><strong>liceat,</strong></span> <span class='ocrx_word' id='word_1_293' title='bbox 1328 4510 1443 4600; x_wconf 89' lang='lat' dir='ltr'><strong>prout</strong></span> <span class='ocrx_word' id='word_1_294' title='bbox 1457 4494 1586 4571; x_wconf 87' lang='lat' dir='ltr'><strong>credit.</strong></span> 
     </span>
    </p>

    <p class='ocr_par' dir='ltr' id='par_1_9' title="bbox 200 4624 1626 4995">
     <span class='ocr_line' id='line_1_32' title="bbox 242 4624 1626 4733; baseline 0 -32"><span class='ocrx_word' id='word_1_295' title='bbox 242 4625 314 4702; x_wconf 83' lang='lat' dir='ltr'><strong>-Ad</strong></span> <span class='ocrx_word' id='word_1_296' title='bbox 333 4652 567 4705; x_wconf 70' lang='lat' dir='ltr'><strong>xxx-xmuu</strong></span> <span class='ocrx_word' id='word_1_297' title='bbox 583 4625 757 4705; x_wconf 86' lang='lat' dir='ltr'><strong>articulos</strong></span> <span class='ocrx_word' id='word_1_298' title='bbox 774 4625 968 4714; x_wconf 90' lang='lat' dir='ltr'><strong>inclusive,</strong></span> <span class='ocrx_word' id='word_1_299' title='bbox 992 4625 1192 4730; x_wconf 89' lang='lat' dir='ltr'><strong>diligenter</strong></span> <span class='ocrx_word' id='word_1_300' title='bbox 1211 4643 1250 4703; x_wconf 90' lang='lat' dir='ltr'><strong>et</strong></span> <span class='ocrx_word' id='word_1_301' title='bbox 1263 4624 1450 4733; x_wconf 89' lang='lat' dir='ltr'><strong>sigillatim</strong></span> <span class='ocrx_word' id='word_1_302' title='bbox 1468 4625 1626 4702; x_wconf 89' lang='lat' dir='ltr'><strong>interro-</strong></span> 
     </span>
     <span class='ocr_line' id='line_1_33' title="bbox 200 4755 1621 4867; baseline -0.002 -33"><span class='ocrx_word' id='word_1_303' title='bbox 200 4775 321 4863; x_wconf 89' lang='lat' dir='ltr'><strong>gatus,</strong></span> <span class='ocrx_word' id='word_1_304' title='bbox 342 4759 573 4863; x_wconf 87' lang='lat' dir='ltr'><strong>respondens</strong></span> <span class='ocrx_word' id='word_1_305' title='bbox 591 4759 701 4849; x_wconf 81' lang='lat' dir='ltr'><strong>dixit,</strong></span> <span class='ocrx_word' id='word_1_306' title='bbox 720 4758 866 4867; x_wconf 86' lang='lat' dir='ltr'><strong>negavit</strong></span> <span class='ocrx_word' id='word_1_307' title='bbox 889 4759 989 4863; x_wconf 88' lang='lat' dir='ltr'><strong>ipsos</strong></span> <span class='ocrx_word' id='word_1_308' title='bbox 1013 4756 1191 4834; x_wconf 89' lang='lat' dir='ltr'><strong>articulos</strong></span> <span class='ocrx_word' id='word_1_309' title='bbox 1210 4776 1248 4836; x_wconf 87' lang='lat' dir='ltr'><strong>et</strong></span> <span class='ocrx_word' id='word_1_310' title='bbox 1269 4757 1393 4836; x_wconf 90' lang='lat' dir='ltr'><strong>omnia</strong></span> <span class='ocrx_word' id='word_1_311' title='bbox 1417 4773 1454 4833; x_wconf 88' lang='lat' dir='ltr'><strong>et</strong></span> <span class='ocrx_word' id='word_1_312' title='bbox 1476 4755 1621 4862; x_wconf 87' lang='lat' dir='ltr'><strong>singula</strong></span> 
     </span>
     <span class='ocr_line' id='line_1_34' title="bbox 201 4887 1100 4995; baseline -0.001 -32"><span class='ocrx_word' id='word_1_313' title='bbox 201 4905 374 4966; x_wconf 87' lang='lat' dir='ltr'><strong>contenta</strong></span> <span class='ocrx_word' id='word_1_314' title='bbox 390 4887 429 4965; x_wconf 90' lang='lat' dir='ltr'><strong>in</strong></span> <span class='ocrx_word' id='word_1_315' title='bbox 450 4888 521 4978; x_wconf 90' lang='lat' dir='ltr'><strong>eis,</strong></span> <span class='ocrx_word' id='word_1_316' title='bbox 539 4906 693 4995; x_wconf 84' lang='lat' dir='ltr'><strong>excepto</strong></span> <span class='ocrx_word' id='word_1_317' title='bbox 713 4889 841 4967; x_wconf 87' lang='lat' dir='ltr'><strong>osculo</strong></span> <span class='ocrx_word' id='word_1_318' title='bbox 856 4888 930 4966; x_wconf 89' lang='lat' dir='ltr'><strong>oris</strong></span> <span class='ocrx_word' id='word_1_319' title='bbox 945 4904 1100 4965; x_wconf 87' lang='lat' dir='ltr'><strong>tantum.</strong></span> 
     </span>
    </p>
   </div>
   <div class='ocr_carea' id='block_1_3' title="bbox 0 0 2125 5940">
    <p class='ocr_par' dir='ltr' id='par_1_10' title="bbox 0 0 2125 5940">
     <span class='ocr_line' id='line_1_35' title="bbox 0 0 2125 5940; baseline 0 0"><span class='ocrx_word' id='word_1_320' title='bbox 0 0 2125 5940; x_wconf 95' lang='lat' dir='ltr'><strong> </strong></span> 
     </span>
    </p>
   </div>
  </div>
 </body>
</html>
