4236 5948
641 516 836 610 rnocts
863 535 960 608 ons
987 534 1288 608 rnurnmns.
1600 535 1671 609 aar

253 681 362 761 {eone
388 695 645 786 preceptorem
669 676 814 757 ballivie
833 679 879 755 de
906 678 1080 767 Pontivo,
1108 678 1345 785 presentibus
1371 675 1481 754 fratre
1509 676 1676 756 Auberto

254 811 442 918 capellano
458 810 557 886 dicte
578 809 732 899 domus,
749 809 1032 916 preceptoribus
1046 810 1092 886 de
1115 811 1309 903 Quesneto
1330 824 1369 884 et
1390 808 1436 884 de
1455 807 1586 899 Garot,
1606 809 1678 885 fra-

253 941 523 1023 trcGuillelmo
539 941 586 1018 de
595 941 728 1019 Platea.
738 941 839 1020 Dixit
854 943 970 1018 eciam
986 970 1052 1046 per
1059 940 1318 1046 juramentum
1333 968 1444 1017 suum
1458 940 1578 1046 quod,
1594 958 1678 1047 post

253 1073 389 1152 multas
410 1071 677 1180 promissiones
693 1073 741 1150 de
757 1072 995 1150 observandis
1013 1074 1160 1150 statutis
1176 1090 1214 1149 et
1230 1070 1567 1150 consuetudinibus
1588 1071 1677 1148 dicti

255 1205 398 1283 ordinis
413 1203 542 1292 factas,
565 1202 686 1280 dictus
705 1204 890 1309 recipiens
910 1203 1076 1280 ostendit
1097 1203 1169 1280 sibi
1186 1230 1334 1279 crucem
1351 1201 1389 1277 in
1408 1201 1573 1308 quodam
1589 1203 1677 1278 mis—

255 1335 319 1413 sali
339 1336 378 1411 in
394 1365 467 1442 qua
488 1351 565 1410 erat
579 1363 712 1441 ymago
731 1337 847 1411 Jhesu
865 1334 1020 1422 Christi,
1039 1351 1076 1411 et
1089 1334 1256 1440 precepit
1275 1333 1345 1410 sibi
1359 1332 1464 1439 quod
1479 1333 1680 1447 abnegaret

254 1466 626 1553 Jhesumchristum,
645 1483 683 1542 et
697 1485 849 1573 spueret
864 1494 975 1571 supra
992 1494 1157 1554 crucem,
1176 1467 1321 1571 etipse,
1340 1465 1387 1541 de
1401 1465 1577 1541 mandato
1591 1490 1676 1554 suo,

255 1596 371 1675 semei
392 1597 585 1704 abnegavit
605 1597 761 1674 Jhesum
780 1596 990 1684 Christum,
1014 1614 1052 1673 et
1072 1597 1188 1673 semel
1206 1596 1307 1702 spuit
1325 1624 1437 1701 supra
1457 1623 1619 1672 crucem.

291 1719 559 1835 interrogatus
584 1726 631 1803 de
657 1727 920 1816 osculo,.dixit
942 1755 1010 1833 per
1026 1725 1281 1833 juramentum
1307 1755 1417 1802 suum
1443 1725 1548 1831 quod
1572 1754 1679 1803 oscu-

254 1859 349 1936 latus
368 1858 442 1934 fuit
460 1859 499 1933 in
519 1858 634 1934 latere
655 1859 751 1934 etin
772 1886 849 1935 ore.

308 1991 556 2096 interrogatus
578 1987 624 2064 de
644 2005 730 2065 voto
752 1989 942 2077 castitatis,
959 1987 1053 2065 dixit
1072 1989 1175 2094 quod
1196 1987 1296 2064 idem
1314 1989 1499 2094 recipiens
1514 1989 1681 2094 precepit

254 2119 322 2198 sibi
344 2118 448 2224 quod
468 2120 623 2195 omnino
638 2118 842 2194 abstineret
860 2148 880 2194 a
900 2117 1141 2207 mulieribus,
1164 2136 1202 2196 et
1217 2119 1478 2196 commisceret
1498 2145 1536 2193 se
1555 2146 1680 2194 carna·

254 2248 338 2326 iiter
353 2277 438 2325 cum
459 2247 541 2325 aliis
561 2246 736 2324 fratribus
758 2247 848 2325 dicti
863 2248 1017 2324 ordinis.

309 2379 522 2485 Requisitus
534 2394 662 2454 utrum
674 2376 767 2453 vidit
785 2377 899 2481 recipi
915 2375 1060 2482 aliquos
1074 2376 1221 2466 fratres,
1241 2379 1332 2455 dixit
1347 2407 1416 2485 per
1425 2380 1680 2486 juramentum

254 2536 364 2587 suum
384 2508 488 2615 quod
503 2510 556 2584 sic
576 2508 688 2595 duos,
711 2535 874 2614 quorum
892 2534 991 2584 unus
1006 2507 1204 2584 vocabatur
1222 2510 1438 2596 Anselmus,
1461 2508 1508 2584 de
1528 2509 1679 2584 nomine

255 2639 406 2717 alterius
425 2667 501 2715 non
513 2637 659 2728 recolit;
683 2654 720 2714 et
739 2636 891 2714 fuerunt
903 2637 1041 2743 recepti
1055 2665 1123 2742 per
1137 2639 1277 2717 dictum
1293 2639 1445 2716 fratrem
1458 2636 1677 2715 Robertum.

309 2769 522 2875 Requisitus
541 2787 668 2846 utrum
687 2798 754 2875 per
773 2769 881 2847 illum
900 2768 1058 2845 modum
1078 2768 1231 2847 suerunt
1248 2769 1404 2876 recepti,
1425 2768 1517 2843 dixit
1535 2798 1604 2873 per
1617 2770 1680 2875 ju·

253 2918 462 2977 ramentum
478 2899 584 3006 quod
598 2901 666 2987 sic,
689 2918 726 2976 et
740 2901 845 3007 quod
864 2900 937 2977 hoc
955 2899 1058 2978 vidit.

310 3031 523 3137 Requisitus
543 3049 670 3108 utrum
692 3059 822 3109 omnes
847 3030 907 3107 alii
929 3030 1124 3136 perillum
1149 3032 1303 3109 modum
1327 3031 1562 3136 recipiantur,
1586 3030 1679 3106 dixit

255 3161 358 3267 quod
378 3163 445 3249 sic,
464 3179 506 3237 ut
525 3161 653 3238 credit.

310 3292 524 3397 Requisitus
538 3293 725 3381 utrumvi,
737 3293 795 3369 vel
808 3311 913 3370 metu
927 3293 1147 3370 carcerisvel
1160 3311 1450 3382 tormentorum,
1464 3292 1597 3370 dixerit
1611 3292 1678 3368 ali·

254 3450 368 3528 quam
388 3421 601 3512 falsitatem,
621 3440 687 3500 aut
705 3424 895 3501 veritatem
911 3425 1083 3503 tacuisset
1102 3425 1140 3500 in
1156 3453 1222 3502 sua
1232 3425 1489 3533 deposicione,
1504 3422 1596 3499 dixit
1610 3451 1678 3529 per

251 3553 505 3659 juramentum
524 3581 635 3631 suum
655 3554 759 3659 quod
773 3582 868 3644 n0n3
883 3555 999 3632 immo
1016 3556 1209 3634 veritatem
1226 3557 1327 3634 dixit.

311 3815 404 3890 Item
428 3810 541 3889 frater
563 3812 757 3891 Robertus
773 3814 820 3892 de
846 3813 1057 3903 Momboin,
1080 3817 1187 3894 etatis
1208 3819 1452 3928 quadraginta
1477 3850 1677 3912 annorum,

252 3942 398 4048 juratus
422 3941 556 4021 eodem
582 3943 698 4021 modo
719 3943 766 4020 de
792 3973 830 4020 se
852 3962 889 4022 et
913 3945 995 4023 aliis
1014 3947 1053 4023 in
1070 3976 1178 4025 causa
1192 3948 1282 4025 fidei
1303 3949 1468 4054 plenam,
1491 3980 1625 4056 puram
1645 3970 1681 4027 et

257 4075 436 4179 integram
463 4073 586 4151 dicere
612 4075 820 4163 veritatem,
848 4093 885 4153 et
909 4076 1109 4183 requisitus
1134 4078 1181 4154 de
1206 4097 1374 4185 tempore
1405 4099 1442 4157 et
1467 4081 1582 4160 modo
1614 4110 1680 4158 sue

258 4206 502 4311 rocepcionis,
523 4206 616 4283 dixit
627 4234 694 4312 per
703 4206 958 4314 juramentum
976 4237 1088 4286 suum
1108 4209 1214 4315 quod
1232 4209 1303 4287 fuit
1316 4230 1489 4318 receptus
1507 4213 1547 4288 in
1565 4213 1680 4290 domo

258 4334 306 4411 de
324 4335 480 4413 Themis
504 4336 543 4413 in
567 4335 715 4415 ballivia
737 4337 784 4415 de
809 4339 966 4447 Prunay,
988 4367 1057 4445 per
1074 4339 1226 4419 fratrem
1248 4343 1450 4449 Symonem
1472 4343 1519 4421 de
1541 4344 1679 4437 Quinci

257 4484 512 4572 preceptorem
533 4467 631 4544 dicte
646 4467 807 4557 ballivie,
830 4468 1016 4549 sexdecim
1037 4471 1124 4546 anni
1140 4488 1226 4548 sunt
1247 4471 1362 4577 elapsi
1382 4471 1441 4549 vel
1461 4472 1572 4562 circa,
1596 4501 1682 4579 pre-

257 4596 427 4674 sentibus
446 4595 620 4675 sratrihus
641 4597 844 4677 Guillelmo
866 4600 913 4678 de
933 4601 1040 4679 Braie
1064 4620 1101 4678 et
1124 4600 1235 4679 fratre
1255 4602 1389 4710 Egidio
1409 4604 1584 4683 Monachi
1611 4606 1683 4682 mi-

257 4725 347 4815 litis,
368 4746 405 4804 et
419 4727 644 4834 quibusdam
664 4729 744 4806 aliis
765 4730 938 4810 fratribus
956 4732 1003 4809 de
1023 4760 1188 4837 quorum
1209 4733 1425 4812 nominibus
1442 4762 1518 4812 non
1537 4735 1678 4814 recolit.

257 4857 357 4936 Dixit
380 4877 506 4935 tamen
521 4888 591 4966 per
608 4860 863 4968 juramentum
888 4892 998 4942 suum
1023 4863 1142 4970 quod,
1162 4881 1247 4970 post
1266 4864 1401 4944 multas
1414 4868 1680 4974 promissiones
