4236 5948
735 521 931 613 esoces
957 540 1052 613 uns
1078 541 1377 637 redemeras.
1691 544 1765 620 roo

343 677 531 756 censionis
549 677 698 753 Domini
722 695 835 754 erunt
847 697 1008 785 quatuor
1023 681 1107 758 anni
1125 680 1227 788 quod
1248 680 1320 758 luit
1339 699 1510 788 receptus
1530 711 1598 789 per
1609 685 1766 779 fratrem
1867 729 1871 737 ·

342 811 543 916 Hngonem
569 808 617 883 de
646 809 815 885 Paraudo
841 811 1066 887 visitatorem
1087 812 1263 899 Francie,
1282 815 1319 886 in
1337 813 1452 890 domo
1480 814 1526 890 de
1547 816 1658 893 Buris
1678 819 1766 895 Lin-

342 938 691 1045 gonensisdioeesis,
707 938 944 1045 presentibus
956 939 1288 1020 fratreGodesredo
1296 943 1343 1018 de
1353 944 1529 1035 Ranerio,
1543 944 1655 1023 fratre
1673 947 1766 1025 Gui-

342 1070 441 1146 done
457 1068 504 1144 de
524 1067 610 1144 Nice
632 1084 670 1144 et
689 1069 915 1173 quibusdam
936 1071 1017 1146 aliis
1038 1071 1084 1148 de
1104 1101 1267 1178 quorum
1289 1073 1507 1150 nominibus
1524 1074 1600 1152 non
1621 1077 1762 1156 recolit.

342 1199 442 1277 Dixit
463 1198 578 1274 eciam
603 1227 671 1305 per
684 1200 942 1305 juramentum
962 1229 1073 1279 suum
1093 1203 1215 1309 quod,
1236 1220 1321 1309 post
1341 1203 1764 1309 multasbpromissiones

343 1331 389 1408 ab
417 1359 462 1407 eo
483 1330 595 1407 factas
624 1331 672 1406 de
697 1332 841 1408 statutis
869 1350 906 1406 et
929 1333 1081 1409 secretis
1103 1332 1245 1409 ordinis
1267 1333 1425 1439 predicti
1447 1333 1702 1425 observandis,
1726 1356 1764 1413 et

343 1461 520 1541 mantello
534 1459 604 1537 sibi
619 1460 667 1536 ad
683 1461 823 1536 collum
838 1464 970 1568 posito,
984 1462 1168 1569 recipiens
1178 1462 1368 1570 predictus
1380 1465 1545 1541 ostendit
1558 1464 1626 1543 sibi
1640 1495 1765 1573 quam-

344 1594 430 1670 dam
448 1620 595 1667 crucem
618 1592 804 1696 depictam
832 1593 870 1667 in
889 1593 1053 1700 quodam
1076 1594 1190 1679 libro,
1211 1600 1251 1670 vet
1265 1595 1465 1700 quamdam
1480 1594 1597 1671 ¹aliam
1615 1627 1764 1675 crucem

342 1723 501 1830 ligneam
521 1751 634 1828 quam
655 1721 708 1798 ibi
730 1724 889 1827 aportari
917 1723 1019 1813 lecit,
1045 1743 1082 1802 et
1098 1724 1212 1831 peciit
1225 1725 1270 1801 ab
1292 1753 1336 1801 eo
1352 1726 1383 1801 si
1405 1726 1582 1802 credebat
1602 1727 1641 1801 in
1663 1757 1762 1816 eam,

342 1853 483 1958 etipse
513 1853 577 1956 qui
599 1851 766 1958 loquitur
794 1853 988 1959 respondit
1021 1854 1125 1960 quod
1150 1854 1202 1930 sic
1223 1889 1231 1944 ;
1255 1872 1292 1931 et
1322 1856 1445 1932 dictus
1472 1856 1654 1960 recipiens
1674 1859 1765 1932 dixit

343 1983 414 2060 sibi
439 1999 476 2058 et
499 1983 667 2088 precepit
693 1983 797 2088 quod
824 1983 985 2090 amplius
1014 2013 1090 2061 non
1120 1987 1304 2073 crederet,
1338 2003 1375 2062 et
1402 1986 1504 2092 quod
1531 2004 1684 2093 spueret
1708 2006 1765 2063 ter

297 2176 300 2183 .
343 2140 453 2219 supra
481 2141 579 2202 eam;
611 2129 649 2188 et
676 2113 777 2189 idem
800 2132 971 2220 receptus
996 2114 1142 2221 fingens
1166 2143 1206 2192 se
1231 2144 1364 2221 spuere
1393 2144 1502 2221 supra
1531 2144 1633 2203 eam,
1665 2119 1766 2221 spuit

343 2242 430 2321 alibi
448 2241 496 2317 ad
511 2259 668 2349 partem.
682 2243 897 2348 Requisitus
912 2263 1042 2321 utrum
1058 2261 1135 2322 erat
1152 2246 1190 2321 in
1210 2246 1287 2350 ipsa
1303 2274 1411 2323 cruce
1427 2245 1568 2352 effigies
1581 2245 1763 2332 crucifixi,

345 2371 437 2449 dixit
452 2374 555 2478 quod
572 2401 648 2449 non
664 2373 811 2463 recolit,
828 2401 897 2477 pro
914 2373 1079 2480 eoquod
1096 2391 1175 2451 erat
1188 2374 1352 2451 multum
1371 2375 1524 2453 territus
1539 2394 1576 2452 et
1594 2377 1765 2454 turbatus
1831 2390 1833 2393 ’

343 2490 389 2578 de
414 2500 486 2578 hiis
510 2481 672 2607 quesibi
698 2500 917 2578 dicebantur
940 2521 977 2579 et
996 2503 1310 2607 precipiebautur,
1335 2503 1463 2578 dicens
1490 2505 1596 2609 quod
1615 2533 1763 2610 semper

343 2633 504 2711 credidit
524 2649 561 2708 et
575 2632 695 2708 credit
715 2633 754 2707 in
776 2661 864 2712 eum
882 2633 946 2737 qui
959 2661 1089 2738 passus
1106 2632 1192 2720 suit,
1216 2649 1253 2708 et
1272 2633 1412 2737 recepit
1433 2649 1593 2708 mortem
1615 2663 1683 2739 pro
1700 2663 1768 2711 no-

343 2759 401 2838 bis
412 2762 451 2837 in
462 2791 583 2838 cruce.
600 2762 701 2839 Dixit
715 2761 830 2838 eciam
849 2762 954 2867 quod
966 2762 1062 2866 ipse,
1079 2764 1127 2867 de
1141 2770 1317 2868 precepto
1334 2763 1562 2867 recipientis,
1579 2764 1767 2842 osculatus

343 2890 416 2971 fuit
433 2892 556 2997 ipsum
576 2893 821 2996 recipientem
837 2893 875 2966 in
900 2891 1079 2968 umbilico
1099 2892 1192 2966 etin
1213 2920 1278 2967 ore
1298 2909 1335 2967 et
1356 2919 1432 2968 non
1454 2889 1560 2979 alibi,
1580 2893 1666 2997 quia
1687 2918 1767 2997 pre-

345 3021 466 3099 dictus
482 3023 664 3128 recipiens
684 3021 880 3098 festinabat
902 3051 958 3109 se,
979 3039 1015 3096 et
1036 3021 1154 3097 credit
1168 3012 1273 3126 quod
1288 3021 1349 3096 alii
1370 3020 1500 3105 fratres
1521 3025 1636 3100 modo
1653 3024 1764 3098 simili

344 3153 582 3259 recipiantur.

399 3286 492 3360 Item
512 3284 713 3389 requisitus
732 3301 857 3361 utrum
878 3286 929 3372 vi,
951 3285 1009 3361 vel
1029 3303 1132 3362 metu
1156 3286 1309 3360 carceris
1329 3302 1392 3360 aut
1410 3300 1703 3369 tormentorum,
1722 3285 1764 3359 in

343 3416 532 3521 premissis
546 3415 791 3492 immiscuerit
806 3433 870 3492 aut
885 3415 1020 3493 dixerit
1030 3415 1191 3522 aliquam
1208 3415 1404 3492 falsitatem
1423 3413 1479 3489 vel
1495 3415 1653 3490 tacuerit
1672 3415 1767 3489 veri-

343 3562 475 3631 tatem,
498 3545 590 3620 dixit
614 3574 681 3651 per
695 3547 953 3652 juramentum
978 3574 1089 3623 suum
1111 3547 1215 3651 quod
1235 3574 1328 3632 non,
1352 3562 1389 3620 et
1408 3544 1512 3648 quod
1534 3548 1611 3648 ipse
1633 3572 1765 3650 puram

345 3675 535 3750 veritatem
553 3673 644 3749 dixit
657 3700 726 3777 pro
745 3674 863 3751 salute
884 3674 1006 3751 anime
1022 3704 1102 3751 sue.

399 3939 492 4013 ltem
504 3964 618 4023 anno,
637 3936 838 4026 indicione,
855 3935 1078 4044 pontificatu
1092 3956 1128 4015 et
1137 3938 1197 4015 die
1209 3938 1402 4043 predictis,
1419 3939 1457 4014 in
1471 3938 1659 4043 presencia
1673 3936 1762 4011 dicti

345 4068 599 4156 commissarii,
612 4085 781 4144 nostrum
793 4068 1025 4146 notariorum
1036 4086 1073 4145 et
1082 4069 1235 4146 testium
1248 4068 1579 4173 infrascriptorum,
1593 4066 1766 4143 constitu·

343 4213 419 4282 tus,
442 4198 589 4303 juratus
619 4215 656 4273 ct
685 4198 885 4303 requisitus
910 4199 1045 4276 eodem
1073 4199 1205 4287 modo,
1232 4198 1345 4274 frater
1374 4194 1596 4302 Radulphus
1621 4196 1767 4300 Moyset

343 4326 432 4402 dicti
461 4328 602 4406 ordinis
622 4328 787 4433 Templi,
817 4331 921 4406 etatis
941 4331 1127 4437 sexaginta
1152 4329 1320 4435 quinque
1346 4355 1531 4405 annorum
1560 4324 1619 4401 vel
1650 4325 1761 4411 circa,

342 4484 489 4533 morans
505 4458 544 4531 in
561 4458 673 4534 domo
690 4457 737 4535 de
757 4458 973 4536 Castellario
985 4460 1091 4567 juxta
1104 4459 1303 4545 Peronam‚
1317 4457 1409 4535 dixit
1428 4484 1495 4564 per
1508 4455 1766 4561 juramentum

342 4615 452 4662 suum
466 4586 568 4691 quod
586 4584 684 4661 bene
701 4588 1042 4694 suntquadraginta
1053 4589 1221 4694 quinque
1238 4587 1323 4662 anni
1338 4584 1395 4660 vel
1408 4585 1505 4662 circa
1515 4584 1645 4688 elapsi,
1661 4583 1767 4688 quod

342 4717 420 4821 ipse
449 4715 521 4791 luit
541 4734 712 4822 receptus
740 4719 779 4793 in
806 4719 919 4796 domo
940 4721 988 4796 de
1011 4721 1129 4797 Bosco
1152 4717 1302 4797 ballivie
1323 4714 1584 4802 Viromandie,
1605 4742 1673 4819 per
1695 4711 1768 4787 sra-

340 4864 437 4923 trem
458 4845 652 4923 Danielem
677 4849 868 4926 Britouem
889 4850 1148 4958 presbyterum
1176 4847 1267 4926 dicti
1293 4846 1452 4936 ordinis,
1481 4862 1519 4924 et
1538 4843 1661 4966 quod,
1684 4859 1769 4947 post

430 4997 536 5055 esocis
552 5014 604 5055 nes
619 5014 846 5063 nurciens—
856 5017 889 5058 tt.
1541 4995 1577 5055 5²
