4236 5948
735 537 930 628 rnooas
957 557 1051 628 ons
1077 557 1376 631 rrurmsns.
1715 566 1762 638 ss

342 695 483 781 Marcii,
507 694 578 771 suit
592 695 778 772 adductus
794 698 840 773 ad
855 697 1083 802 presenciam
1102 701 1312 777 eorundem
1332 702 1576 778 dominorum
1594 707 1764 782 commis-

340 824 524 902 sariorum
552 842 589 903 et
614 826 759 902 domini
782 826 942 919 Matbei‚
974 828 1012 903 in
1042 828 1158 905 domo
1184 830 1348 934 predicta
1374 829 1530 906 fratrum
1555 831 1762 920 Minorum,

340 955 567 1032 Bertrandus
588 953 635 1030 de
653 954 857 1033 Somorens
872 955 1134 1035 Ambianensis
1151 958 1327 1049 diocesis,
1349 959 1454 1036 testis
1472 989 1582 1067 supra
1598 961 1762 1067 juratus,

341 1103 380 1162 ut
392 1085 603 1191 deponeret
619 1086 760 1162 dictum
778 1115 909 1175 suum,
931 1088 1355 1194 quadragintaquinque
1371 1118 1557 1166 annorum
1575 1091 1634 1168 vel
1650 1092 1761 1173 circa,

341 1244 415 1292 non
436 1216 624 1293 defferens
646 1215 869 1293 mantellum
895 1217 1054 1304 ordinis,
1086 1219 1174 1324 quia
1194 1218 1402 1295 voluntarie
1428 1221 1550 1325 ipsum
1572 1221 1764 1298 dimiserat

342 1362 377 1422 et
398 1345 480 1422 radi
505 1346 640 1423 lecerat
665 1347 737 1423 sibi
757 1347 932 1437 barbam,
955 1378 1039 1424 cum
1062 1378 1139 1455 quo
1161 1351 1383 1455 inquisitum
1407 1351 1541 1441 fuerat,
1569 1352 1765 1429 absolutus

343 1495 376 1553 et
392 1477 656 1554 reconciliatus
670 1507 738 1584 per
755 1477 955 1555 dominum
969 1479 1290 1586 archiepiscopum
1306 1481 1532 1557 Remensem
1550 1482 1587 1556 in
1602 1483 1763 1558 concilio

342 1608 525 1684 Remensi.
541 1608 664 1685 Lectis
679 1626 804 1685 autem
822 1625 858 1684 et
872 1607 1073 1714 diligenter
1090 1609 1264 1714 expositis
1280 1608 1350 1686 sibi
1366 1610 1545 1686 omnibus
1560 1629 1597 1687 et
1609 1612 1766 1720 singulis

250 1771 252 1773 ·
341 1738 517 1826 articulis,
537 1738 734 1845 respondit
744 1768 783 1816 se
799 1739 961 1826 nescire,
985 1769 1054 1815 nec
1066 1739 1235 1829 eredere,
1254 1767 1324 1815 nec
1336 1740 1519 1817 audivisse
1533 1742 1607 1817 dici
1617 1742 1665 1819 dc
1677 1773 1766 1820 con-

340 1870 451 1946 tentis
461 1870 500 1945 iu
512 1871 565 1947 eis
575 1868 646 1946 nisi
658 1870 762 1976 quod
775 1869 957 1976 sequitur.
973 1870 1073 1947 Dixit
1089 1898 1226 1974 nempe
1240 1871 1344 1976 quod
1358 1868 1471 1946 frater
1484 1871 1645 1949 Michael
1656 1874 1765 1950 miles

341 2001 548 2105 quondam,
568 2001 675 2109 cujus
686 2029 896 2108 cognomen
914 2001 1075 2107 ignorat,
1095 2001 1134 2075 in
1145 2001 1296 2077 instanti
1308 1998 1403 2076 festo
1414 2001 1540 2077 Ramis
1552 2001 1763 2107 palmarum

341 2148 450 2207 erunt
463 2133 594 2208 decem
608 2130 695 2207 anni
715 2131 772 2207 vel
788 2130 899 2222 circa,
917 2132 1057 2238 recepit
1065 2133 1188 2237 ipsum
1201 2147 1352 2221 testem,
1366 2147 1403 2207 et
1413 2132 1624 2208 johannem
1635 2133 1682 2209 de
1698 2137 1765 2211 No-

341 2261 479 2354 viomo,
500 2281 538 2339 et
560 2262 771 2339 lobannem
786 2260 930 2352 Gastel,
948 2261 1011 2367 qui
1028 2260 1100 2339 luit
1116 2280 1289 2367 tempore
1306 2260 1491 2365 capcionis
1512 2263 1691 2354 serviens,
1717 2267 1764 2341 de

341 2421 503 2498 quorum
511 2394 583 2468 vita
593 2392 650 2469 vel
664 2409 786 2469 morte
799 2420 875 2468 non
885 2390 999 2468 habet
1009 2392 1288 2479 certitudinem,
1299 2389 1413 2467 simul
1424 2391 1464 2466 in
1474 2391 1615 2497 capella
1625 2394 1764 2471 domus

341 2522 490 2629 Templi
510 2523 558 2600 de
575 2525 693 2600 Rosco
721 2522 760 2596 in
781 2521 1024 2599 Viromandia
1049 2522 1308 2600 Noviomensis
1327 2520 1504 2609 diocesis,
1527 2523 1765 2626 presentibus

342 2651 515 2730 fratribus
527 2655 638 2731 Petro
651 2653 697 2729 de
708 2652 934 2759 Fraynicbes
946 2652 1173 2758 presbitero,
1186 2653 1351 2729 Roberto
1364 2650 1403 2727 lo
1419 2650 1552 2728 Diable
1564 2653 1763 2743 serviente,

342 2782 556 2872 deffunctis,
577 2783 617 2859 in
646 2784 748 2859 hunc
769 2781 951 2859 modum:
969 2811 1056 2858 nam
1077 2812 1162 2859 cum
1185 2780 1465 2887 requisivissent
1484 2781 1628 2886 pluries
1647 2801 1685 2859 et
1706 2786 1765 2861 in-

344 2932 482 2992 stanter
500 2942 653 3021 panem,
676 2931 714 2991 et
733 2941 885 3019 aquam,
907 2929 945 2990 et
964 2913 1197 3000 societatem,
1225 2930 1263 2987 et
1281 2939 1486 3016 pauperem
1510 2913 1687 2989 vestitum
1708 2943 1768 2990 or-

343 3044 455 3138 dinis,
471 3063 510 3122 et
523 3044 686 3122 finaliter
703 3041 946 3120 concessisset
959 3044 1027 3132 eis,
1045 3043 1202 3149 prestito
1216 3070 1284 3148 per
1293 3043 1552 3150 juramentum
1567 3042 1673 3149 quod
1687 3072 1764 3121 non

344 3175 793 3254 habebantinfirmitatem
806 3174 998 3259 latentem,
1011 3201 1082 3250 nec
1093 3190 1198 3248 erant
1208 3171 1532 3259 excommunicati,
1546 3200 1614 3249 nec
1623 3174 1765 3251 servilis

343 3306 589 3393 condicionis,
615 3335 685 3384 nec
708 3305 816 3382 alteri
842 3304 1017 3412 religioni
1042 3304 1215 3411 obligati,
1237 3303 1325 3380 lecit
1347 3331 1413 3380 eos
1432 3331 1563 3384 vovere
1586 3322 1624 3381 et
1638 3305 1764 3411 jurare

343 3436 568 3525 castitatem,
593 3439 714 3514 vivere
743 3436 824 3514 sine
852 3436 1005 3542 proprio
1032 3452 1070 3512 et
1097 3434 1253 3512 obedire
1281 3432 1460 3511 omnibus
1482 3436 1766 3542 preceptoribus

342 3567 406 3673 qui
426 3584 728 3674 preponerentur
748 3567 904 3645 eisdem.
926 3566 1116 3673 Impositis
1136 3583 1262 3642 autem
1284 3565 1338 3641 eis
1359 3563 1566 3653 mantellis,
1593 3585 1767 3671 receptor

343 3716 378 3776 et
393 3698 454 3775 alii
469 3717 629 3777 astantes
644 3699 801 3778 osculati
818 3699 972 3777 bierunt
991 3728 1055 3777 eos
1071 3701 1110 3774 in
1126 3727 1207 3785 ore,
1225 3714 1263 3774 et
1277 3697 1452 3773 instruxit
1469 3725 1535 3774 eos
1548 3715 1644 3804 quot
1657 3699 1769 3775 Pater

343 3848 456 3912 noster
472 3830 642 3908 dicerent
657 3859 726 3938 pro
744 3831 848 3909 boris
864 3832 955 3922 suis,
978 3848 1017 3908 et
1037 3830 1199 3938 qualiter
1213 3844 1388 3935 regerent
1403 3856 1442 3905 se
1458 3828 1498 3904 in
1516 3828 1662 3905 ordine.
1680 3830 1767 3905 Post

343 3991 414 4068 que
426 3959 534 4037 allata
549 3963 746 4069 nescitper
757 3991 872 4069 quem
883 3961 1047 4070 quadam
1062 3990 1172 4039 cruce
1183 3959 1394 4046 metallina,
1411 3959 1449 4035 in
1458 3989 1532 4066 qua
1543 3976 1622 4037 erat
1632 3989 1765 4067 ymago

343 4091 536 4181 crucifixi,
554 4110 591 4169 et
603 4111 750 4171 ostensa
765 4093 927 4187 eisdem,
942 4094 1035 4172 dixit
1050 4092 1104 4170 eis
1118 4123 1126 4167 :
1141 4094 1217 4171 Vos
1232 4091 1456 4199 promisistis
1470 4107 1508 4165 et
1513 4089 1668 4196 jurastis
1679 4088 1768 4165 obe-

344 4221 527 4299 dienciam
557 4223 841 4330 preceptoribus
863 4223 1011 4312 vestris3
1038 4220 1249 4302 secuudum
1275 4236 1414 4327 puncta
1439 4218 1601 4309 ordinis,
1626 4218 1767 4336 ⁸debitis

343 4354 526 4460 abnegare
546 4354 689 4446 Deum,
711 4355 814 4432 unde
835 4353 1002 4461 precipio
1020 4353 1127 4430 vobis
1147 4352 1253 4459 quod
1276 4348 1483 4456 abnegetis.
1504 4349 1561 4425 De
1581 4376 1659 4453 quo
1680 4377 1766 4454 pre-

343 4500 450 4590 cepto
467 4484 547 4591 ipse
562 4470 667 4562 testis
680 4503 719 4562 et
732 4485 795 4562 alii
810 4484 966 4564 fuerunt
979 4484 1189 4592 plurimum
1205 4480 1418 4589 stupefacti,
1437 4498 1475 4556 et
1487 4477 1767 4585 responderunt

342 4616 446 4722 quod
460 4617 535 4694 hoc
549 4615 657 4695 nullo
672 4617 789 4696 modo
803 4617 981 4709 facerent,
996 4616 1066 4695 sed
1078 4614 1242 4693 finaliter
1256 4641 1388 4692 omnes
1400 4628 1476 4689 tres
1490 4609 1768 4720 abnegaverunt

343 4744 466 4824 Deum
490 4745 549 4824 vel
575 4749 733 4827 Jhesum
759 4747 970 4838 Christum,
1002 4747 1071 4824 sed
1096 4772 1173 4822 non
1198 4743 1298 4822 bene
1325 4740 1477 4830 recolit,
1507 4760 1550 4820 ut
1572 4741 1769 4848 respondit

343 4876 606 4985 interrogatus,
630 4880 725 4987 quid
746 4907 875 4958 eorum
901 4878 1069 4986 precepit
1092 4893 1262 4982 receptor
1287 4871 1463 4982 abnegari
1483 4873 1632 4980 etquid
1653 4871 1768 4948 abne·

1631 5029 1660 5091 8.
