4236 5948
477 514 551 619 teo
866 523 1063 618 raocts
1089 498 1186 624 oss
1215 542 1515 619 Taurumue.

476 706 513 765 et
532 705 620 764 nota
640 682 732 762 liant
752 686 901 775 ceteris,
924 686 1012 765 licet
1030 689 1090 767 illa
1106 689 1293 770 voluntati·
1305 685 1427 765 divine
1445 683 1659 762 nullatenus
1677 684 1750 760 sint
1770 702 1910 761 contra-

389 845 398 853 ·
474 820 530 896 ria
554 848 625 896 nec
640 818 796 896 diversa.
817 816 875 896 Ad
895 818 936 896 id
956 839 1082 898 autem
1108 825 1213 930 quod
1239 823 1277 899 in
1304 818 1411 896 dictis
1437 815 1601 894 articulis
1630 816 1677 893 de
1698 816 1909 923 suspicione

475 950 617 1039 habita,
632 967 674 1027 ut
690 949 837 1039 dicitur,
860 968 986 1028 contra
1006 950 1140 1032 fratres
1162 974 1200 1033 et
1221 953 1395 1032 ordinem
1415 948 1685 1056 supradictum,
1707 948 1911 1055 respondet

477 1100 513 1160 et
533 1080 746 1188 dicitquod
771 1080 868 1157 dicta
889 1085 1067 1190 suspicio,
1096 1087 1126 1162 si
1150 1116 1223 1193 qua
1244 1087 1293 1162 sit
1312 1081 1369 1160 vel
1388 1079 1474 1170 fuit,
1496 1079 1631 1156 frustra
1652 1095 1690 1156 et
1709 1079 1788 1157 sine
1806 1079 1909 1187 justa

477 1243 583 1292 causa
608 1231 663 1290 est
692 1230 730 1291 et
754 1212 839 1304 luit,
869 1242 955 1292 cum
982 1216 1060 1293 sola
1085 1219 1181 1296 ratio
1200 1215 1457 1325 predictorum
1474 1240 1549 1319 que
1575 1227 1736 1319 agimtur
1756 1228 1793 1287 et
1812 1209 1910 1288 fiunt

475 1347 513 1421 in
537 1344 707 1453 capitulis
732 1346 956 1452 receptionis
984 1366 1156 1456 tempore
1181 1347 1338 1426 fratrum
1363 1345 1411 1424 ad
1437 1343 1601 1421 eundem
1628 1343 1819 1433 ordinem,
1847 1342 1908 1418 illa

475 1479 524 1554 sit
552 1506 599 1554 ne
632 1475 842 1584 pandantur
880 1480 1066 1558 extraneis
1097 1510 1172 1588 que
1202 1477 1410 1559 secundum
1442 1477 1565 1554 Deum
1591 1492 1629 1552 et
1653 1504 1777 1551 veram
1802 1475 1911 1580 justi-

476 1608 570 1687 ciam
603 1607 700 1686 fiunt
732 1626 770 1685 et
802 1627 964 1717 aguntur
997 1612 1037 1688 in
1077 1613 1250 1721 capitulis
1281 1608 1519 1717 supradictis3
1546 1608 1640 1682 item
1662 1605 1749 1712 quia
1772 1604 1910 1713 reliqui

476 1764 606 1816 onmes
627 1739 791 1846 religiosi
819 1742 884 1817 viri
912 1742 960 1818 ad
983 1744 1053 1821 Dei
1076 1745 1266 1821 servitium
1286 1741 1450 1848 deputati
1477 1767 1624 1845 semper
1648 1736 1844 1815 observant
1869 1759 1911 1814 ut

475 1902 540 1949 sua
569 1891 719 1950 teneant
739 1873 897 1980 capitula
914 1904 1026 1982 super
1040 1876 1114 1954 hiis
1128 1907 1202 1984 que
1224 1877 1281 1984 agi
1302 1873 1428 1951 fierive
1450 1889 1597 1979 oportet
1617 1871 1655 1946 in
1676 1869 1766 1962 iltis,
1793 1871 1829 1946 in
1852 1900 1911 1947 se·

475 2022 577 2082 oreto
597 2003 708 2094 fiunt,
733 2005 887 2082 exclusis
912 2006 1000 2083 inde
1026 2008 1108 2084 aliis
1134 2007 1364 2115 quibuslibet
1385 2005 1449 2111 qui
1474 2032 1549 2080 non
1575 2020 1660 2078 stant
1679 2001 1727 2078 de
1748 2002 1909 2109 capitulo

476 2136 707 2214 eorumdem.

532 2265 590 2342 td
607 2265 760 2344 xl—rdv
780 2269 953 2347 articulos
973 2271 1163 2361 inclusive,
1174 2272 1374 2379 diligenter
1391 2289 1427 2348 et
1442 2268 1629 2377 sigillatim
1644 2269 1907 2373 interrogatus,

474 2397 702 2503 respondens
716 2399 860 2505 negavit
879 2401 978 2507 ipsos
991 2403 1165 2481 articulos
1186 2422 1223 2481 et
1237 2405 1361 2481 omnia
1376 2420 1414 2479 et
1433 2400 1576 2508 singula
1591 2416 1761 2477 contenta
1782 2399 1820 2473 in
1835 2399 1907 2484 eis,

474 2527 639 2607 adiciens
658 2529 762 2636 quod
776 2531 880 2638 juxta
900 2550 1033 2610 statuta
1053 2534 1142 2612 dicti
1161 2535 1304 2613 ordinis
1323 2535 1552 2641 quicumque
1569 2561 1614 2607 ex
1628 2530 1801 2609 fratribus
1819 2529 1909 2607 dicti

475 2658 616 2737 ordinis
634 2678 826 2767 peccatum
849 2681 975 2741 contra
995 2684 1163 2743 naturam
1178 2666 1383 2755 comiserit,
1403 2664 1509 2772 quod
1529 2663 1686 2770 perdere
1708 2661 1821 2739 debet
1842 2659 1911 2737 ba-

473 2791 595 2869 bitum
610 2821 675 2869 sue
691 2792 892 2900 religionis,
907 2797 992 2873 etin
1006 2800 1149 2904 magnis
1165 2796 1411 2904 compedibus
1427 2814 1464 2873 et
1480 2796 1517 2873 in
1532 2794 1629 2872 collo
1646 2794 1784 2871 catenis
1794 2821 1911 2900 appo-

474 2924 552 3001 sitis
571 2940 608 3001 et
626 2925 666 3000 in
686 2925 857 3003 manibus
877 2928 1031 3005 manicis
1049 2928 1179 3006 ferreis
1197 2927 1310 3005 habet
1327 2945 1512 3035 perpetuo
1533 2926 1669 3003 carceri
1691 2925 1909 3030 mancipari,

471 3056 537 3132 uhi
557 3056 598 3133 in
616 3085 711 3163 pane
726 3057 877 3135 tristicie
895 3076 931 3134 et
951 3088 1044 3165 aqua
1059 3059 1314 3139 tribulacionis
1329 3060 1442 3137 habet
1461 3058 1648 3165 complere
1669 3076 1705 3135 et
1724 3056 1831 3133 finire
1852 3087 1911 3132 re-

472 3187 618 3293 liquum
634 3188 707 3265 vite
727 3206 887 3295 tempus.

528 3320 587 3397 Ad
611 3320 842 3399 xlvi-latur
862 3322 1035 3400 articulos
1061 3323 1256 3413 inclusive,
1279 3323 1475 3430 diligenter
1491 3340 1528 3399 et
1546 3320 1732 3428 sigillatim
1754 3321 1912 3397 interro-

472 3470 593 3557 gatus,
615 3454 847 3558 respondens
867 3455 1012 3560 negavit
1026 3455 1126 3559 ipsos
1144 3454 1317 3532 articulos
1336 3472 1375 3531 et
1394 3454 1519 3532 omnia
1527 3471 1566 3530 et
1579 3451 1721 3559 singula
1738 3470 1911 3532 contenta

473 3584 511 3658 in
533 3584 603 3671 eis,
625 3583 789 3659 adiciens
813 3584 917 3689 quod
937 3582 1026 3661 dicti
1050 3584 1180 3663 fratres
1202 3615 1331 3663 omnes
1357 3603 1393 3662 et
1415 3582 1744 3692 singulissejusdem
1768 3583 1912 3659 ordinis

471 3714 627 3791 adorant
643 3714 764 3798 solum
784 3716 907 3793 Deum
927 3717 1080 3794 unicum
1105 3717 1310 3795 Dominum
1334 3733 1502 3794 nostrum
1523 3714 1677 3792 Jbesum
1701 3713 1909 3802 Christum,

470 3863 525 3924 tet
538 3863 691 3953 propter
706 3876 791 3923 eum
807 3865 1022 3924 reverentur
1041 3876 1171 3926 omnes
1188 3867 1330 3926 sanctos
1346 3866 1385 3924 et
1395 3865 1535 3925 sanctas
1550 3847 1640 3953 ejus,
1659 3863 1696 3922 et
1704 3844 1796 3923 nulli
1810 3875 1912 3922 crea·

471 4007 539 4059 ure
562 3977 721 4056 debetur
747 3978 942 4086 abaliquo
964 3978 1188 4058 Christicola
1214 3981 1284 4058 nisi
1313 3980 1384 4059 soli
1407 3983 1509 4069 Deo,
1531 3979 1618 4055 licet
1643 3995 1799 4086 propter
1822 4008 1910 4055 eum

471 4109 604 4193 sanctis
617 4111 698 4218 ejus
708 4110 960 4187 reverenciam
970 4110 1149 4203 debeant,
1161 4109 1302 4188 addens
1321 4112 1446 4217 itaque
1461 4110 1567 4217 quod
1582 4111 1652 4216 ipsi
1669 4109 1799 4187 fratres
1820 4111 1909 4187 dicti

471 4241 612 4318 ordinis
626 4257 777 4347 portent
791 4240 960 4319 cordulas
980 4242 1096 4319 lineas
1112 4270 1181 4319 seu
1200 4242 1324 4320 laneas
1341 4272 1453 4349 super
1468 4243 1656 4319 camisiam
1668 4271 1741 4350 qua
1756 4245 1910 4349 cingun-

468 4390 530 4449 tur
552 4372 671 4449 lumbi
705 4401 836 4450 eorum
861 4372 909 4450 ad
930 4374 1166 4452 recolendam
1190 4392 1227 4452 et
1250 4375 1468 4452 memoriter
1486 4374 1685 4450 tenendam
1704 4375 1909 4451 castitatem

469 4533 580 4610 quam
602 4505 640 4580 in
662 4505 816 4582 introitu
836 4504 1005 4611 ejusdem
1026 4505 1167 4583 ordinis
1185 4507 1451 4612 promiseramt3
1476 4535 1613 4613 negans
1636 4535 1730 4612 pure
1756 4523 1793 4583 et
1820 4507 1910 4592 sim·

469 4635 616 4743 pliciter
640 4636 744 4743 quod
767 4635 920 4743 prelatis
940 4637 1103 4714 cordulis
1128 4637 1266 4745 quibus
1284 4638 1354 4745 ipsi
1376 4637 1573 4745 cinguntur
1591 4636 1693 4714 nulla
1712 4637 1831 4743 capita
1851 4636 1909 4713 vel

469 4766 580 4874 ydola
602 4766 802 4875 dequibus
822 4770 860 4844 in
880 4768 1033 4845 articulo
1055 4769 1175 4878 agitur
1193 4787 1393 4876 tangtmtur
1408 4769 1533 4876 aliquo
1553 4787 1721 4876 tempore
1743 4797 1812 4846 nec
1831 4770 1910 4846 cin·

468 4916 618 5006 guntur.
