4236 5948
397 1193 439 1269 ln
459 1189 600 1269 Christi
621 1188 794 1277 nomine,
818 1214 938 1262 amen.
956 1186 1082 1262 Pateat
1097 1184 1294 1272 universis,
1310 1212 1378 1290 per
1394 1182 1465 1260 hoc
1479 1211 1634 1288 presens
1645 1181 1766 1288 publi·

345 1349 432 1400 cum
452 1322 764 1408 instrumentum,
786 1317 890 1426 quod
908 1344 1007 1395 anno
1026 1315 1179 1393 Domini
1198 1313 1401 1392 millesimo
1421 1327 1502 1391 ccc⁰
1513 1314 1688 1420 septimo,
1706 1315 1764 1393 in-

344 1451 492 1531 dicione
521 1469 638 1541 sexta,
665 1447 905 1558 pontificatus
928 1446 1148 1526 sanctissimi
1173 1445 1288 1552 patris
1315 1462 1352 1522 et
1375 1444 1518 1522 domini
1538 1442 1762 1533 Clementis,

343 1580 464 1658 divina
484 1579 721 1688 providencia
742 1608 835 1686 pape
851 1578 993 1683 quinti,
1016 1605 1114 1653 anno
1134 1577 1317 1668 secundo,
1340 1574 1401 1652 die
1421 1589 1495 1652 ιη·
1512 1574 1702 1662 Octobris,
1724 1574 1764 1650 in

341 1709 506 1820 religiosi
523 1727 560 1787 et
574 1710 724 1788 honesti
744 1710 811 1786 viri
831 1708 954 1786 fratris
971 1707 1170 1787 Guillermi
1196 1706 1243 1784 de
1268 1705 1448 1795 Parisino,
1470 1705 1615 1784 ordinis
1635 1706 1765 1782 Predi-

342 1858 525 1930 catorum,
543 1840 776 1947 inquisitoris
791 1840 956 1918 heretice
969 1839 1158 1944 pravitatis
1170 1838 1209 1914 in
1225 1865 1343 1945 regno
1359 1837 1529 1928 Francie,
1546 1838 1764 1914 auctoritate

342 1972 544 2078 apostolica
561 1971 730 2076 deputati
746 1970 786 2046 in
798 1970 913 2047 domo
930 1968 1070 2046 milicie
1083 1968 1233 2073 Templi
1253 1968 1431 2057 Parisios,
1447 1996 1516 2073 pro
1537 1968 1763 2073 inquirendo

342 2120 469 2181 contra
481 2084 669 2208 quasdam
681 2127 859 2206 personas
876 2100 1001 2177 eidem
1022 2099 1161 2176 delatas
1177 2127 1291 2204 super
1311 2097 1410 2174 dicto
1426 2098 1585 2173 crimine
1603 2098 1764 2175 existen·

342 2234 405 2320 tis,
418 2248 456 2309 et
470 2231 509 2307 in
525 2247 696 2307 nostrum
711 2230 947 2306 notariorum
962 2227 1205 2334 publicorum
1223 2244 1261 2303 et
1274 2227 1432 2304 testium
1443 2225 1764 2334 infrascriptorum

342 2361 532 2467 presencia
558 2359 806 2466 personaliter
825 2359 1049 2437 constitutus
1073 2357 1186 2434 frater
1209 2359 1396 2437 lohannes
1417 2359 1465 2435 de
1487 2357 1680 2466 Fouilleyo
1704 2389 1765 2438 or·

342 2492 441 2572 dinis
452 2491 592 2570 milicie
604 2488 752 2597 Templi
769 2492 973 2597 presbyter,
985 2491 1135 2598 juratus
1150 2489 1197 2565 ad
1210 2506 1334 2566 sancta
1343 2489 1413 2568 Dei
1428 2489 1625 2596 Evangelia
1639 2491 1764 2570 eidem

341 2623 528 2730 preposita
547 2638 586 2700 et
605 2622 652 2700 ab
672 2650 717 2698 eo
738 2638 834 2698 tacta
855 2621 977 2698 dicere
998 2620 1038 2695 in
1059 2649 1167 2697 causa
1187 2620 1293 2708 fidei,
1312 2618 1361 2696 de
1380 2648 1418 2697 se
1440 2636 1478 2695 et
1492 2618 1573 2697 aliis
1592 2623 1764 2725 personis

343 2753 513 2859 ejusdem
530 2753 692 2843 ordinis,
712 2752 879 2860 plenam,
906 2779 1039 2859 puram
1060 2767 1098 2827 et
1118 2751 1300 2856 integram
1321 2750 1530 2840 veritatem3
1554 2767 1591 2826 et
1604 2750 1766 2831 interro-

340 2898 447 2988 gatus
462 2881 510 2958 de
522 2900 694 2988 tempore
709 2881 940 2987 recepcionis
954 2908 1021 2958 sue
1037 2897 1074 2956 et
1089 2879 1205 2957 modo
1222 2879 1406 2985 ejusdem,
1431 2879 1523 2956 dixit
1534 2879 1635 2957 idem
1652 2879 1765 2960 frater

343 3012 547 3102 lohannes,
584 3027 718 3117 sponte
749 3028 787 3088 et
819 3012 901 3089 sine
934 3011 1142 3098 coactione,
1173 3027 1217 3086 ut
1247 3008 1395 3086 dicebat
1417 3038 1485 3117 per
1503 3009 1762 3116 juramentum

342 3170 473 3233 suum,
490 3141 595 3249 quod
612 3140 674 3218 die
690 3143 797 3219 Lune
817 3158 902 3219 ante
923 3142 1061 3219 instans
1080 3140 1362 3247 Carniprevium
1375 3139 1432 3218 vel
1448 3141 1544 3216 circa
1558 3157 1669 3217 erunt
1688 3156 1763 3218 tres

342 3271 428 3347 anni
455 3270 560 3377 quod
584 3271 657 3348 fuit
683 3290 871 3377 receptus,
894 3273 933 3347 in
951 3272 1118 3377 predicta
1139 3271 1252 3348 domo
1269 3271 1446 3361 Parisios,
1468 3271 1508 3347 in
1528 3270 1660 3349 ordine
1679 3300 1765 3377 pre·

343 3400 458 3489 dicto,
478 3428 546 3507 per
563 3398 716 3477 fratrem
731 3401 960 3492 lohannem,
977 3420 1069 3478 tunc
1083 3402 1357 3479 thesaurarium
1370 3400 1519 3508 Templi
1529 3401 1762 3491 Parisiensis,

342 3529 578 3636 presentibus
597 3528 709 3607 fratre
736 3530 907 3609 Johanne
931 3531 978 3607 de
999 3534 1096 3608 Tere
1123 3549 1161 3610 et
1187 3531 1269 3609 aliis
1292 3532 1338 3608 de
1360 3560 1525 3638 quorum
1546 3531 1765 3611 nominibus

343 3688 417 3737 non
435 3660 578 3738 recolit.
600 3661 675 3755 Qui
690 3661 945 3738 thesaurarius
966 3691 1053 3738 eum
1070 3662 1270 3767 recipiens,
1287 3662 1526 3768 presentibus
1545 3662 1626 3741 aliis
1644 3662 1766 3744 fratri-

342 3790 429 3881 bus,
451 3790 539 3868 fecit
558 3791 784 3897 promictere
801 3791 938 3868 multas
951 3792 1206 3869 observancias
1219 3791 1363 3869 ordinis
1377 3810 1415 3870 et
1423 3794 1551 3901 jurare
1563 3811 1711 3884 tenere,
1728 3814 1766 3872 et

342 3950 485 4000 servare
499 3938 635 3999 statuta
645 3939 682 3999 et
692 3938 833 3999 secreta
846 3921 991 3999 ordinis
1006 3940 1043 3999 et
1057 3922 1238 4000 nonnulla
1254 3921 1409 4031 aliaque
1425 3922 1464 3998 in
1476 3924 1672 4000 ordinibus
1683 3924 1764 4001 lieri

343 4050 614 4158 cousuelverunt
633 4067 668 4130 et
679 4051 893 4158 specrlaliter
907 4053 1012 4160 quod
1027 4053 1074 4129 de
1096 4053 1197 4131 dicto
1212 4054 1346 4132 ordine
1358 4082 1402 4130 ex
1414 4070 1505 4130 tunc
1516 4055 1554 4129 in
1569 4071 1673 4131 antea
1688 4080 1765 4131 non

343 4182 470 4260 exiret.
491 4183 538 4259 Et
557 4182 631 4260 hiis
650 4181 770 4272 lactis,
794 4201 832 4260 et
852 4182 1032 4262 mantello
1054 4183 1125 4262 sibi
1147 4185 1194 4261 ad
1211 4184 1350 4262 collum
1363 4185 1502 4291 posito,
1520 4184 1672 4292 quidam
1694 4182 1766 4283 sra-

343 4328 400 4387 ter
414 4310 461 4388 de
476 4312 584 4419 cujus
604 4313 758 4392 nomine
775 4342 852 4391 non
874 4314 1022 4403 recolit,
1043 4314 1131 4421 quia
1151 4314 1181 4421 [.
1203 4375 1210 4391 .
1231 4374 1238 4391 .
1259 4314 1363 4422 .]rat,
1386 4315 1491 4392 duxit
1511 4314 1662 4393 eumad
1681 4342 1766 4421 par·

342 4456 437 4530 tem,
471 4440 644 4520 videlicet
666 4443 714 4521 ad
743 4444 945 4550 quamdam
975 4444 1154 4552 capellam
1185 4473 1302 4551 prope
1329 4444 1455 4522 locum
1480 4446 1519 4521 in
1544 4471 1619 4551 quo
1645 4443 1767 4522 luerat

340 4588 530 4676 receptus,
557 4572 639 4651 aliis
658 4572 838 4651 fratribus
860 4575 1145 4652 remanentibus
1165 4576 1203 4651 in
1227 4573 1311 4653 loco
1337 4576 1583 4682 recepcionis,
1611 4592 1647 4652 et
1674 4574 1766 4652 dixit

343 4699 446 4805 quod
469 4703 668 4808 oportebat
686 4732 822 4811 negare
842 4706 977 4781 Deum.
1000 4706 1075 4798 Qui
1094 4723 1264 4811 receptus
1284 4705 1377 4781 dixit
1399 4704 1503 4811 quod
1522 4705 1628 4783 nullo
1649 4707 1764 4785 modo

343 4829 414 4908 hoc
428 4829 584 4923 faceret,
601 4830 728 4911 dicens
746 4851 872 4910 tamen
891 4833 995 4942 quod
1008 4835 1172 4913 libenter
1184 4854 1335 4942 negaret
1354 4836 1477 4916 Deum
1499 4865 1614 4943 quem
1630 4839 1763 4946 pagani
