4236 5948
726 512 920 602 rnocns
947 531 1041 601 nus
1067 529 1370 605 retinemus.
1690 532 1761 605 155

342 673 387 750 de
407 673 555 748 Mancio
578 669 844 762 servientibus,
868 670 1085 758 deffunctis;
1106 669 1276 775 plurium
1303 671 1588 778 recepcionibus
1609 672 1701 747 dixit
1722 702 1760 748 se

343 830 414 880 non
443 801 619 878 adfuisse.
641 801 753 891 item,
788 802 881 878 dixit
908 801 1013 908 quod
1039 801 1138 877 bene
1166 802 1342 878 credebat
1363 801 1618 879 ecclesiasticis
1645 830 1762 877 sacra·

342 932 493 1020 mentis,
509 950 547 1008 et
559 930 679 1008 credit
693 929 798 1037 quod
812 932 874 1009 alii
890 931 1021 1009 fratres
1036 931 1179 1009 ordinis
1200 931 1335 1009 eodem
1355 932 1472 1010 modo
1489 931 1703 1021 crederent,
1727 950 1764 1008 et

341 1064 442 1170 quod
463 1091 595 1139 eorum
618 1062 828 1139 sacerdotes
848 1062 977 1139 debite
998 1061 1241 1139 celebrarent.
1264 1065 1304 1138 ln
1330 1062 1601 1139 terminacione
1622 1065 1764 1167 capitu·

341 1193 464 1270 lorum
482 1192 762 1298 particularium
783 1211 821 1270 et
840 1193 1124 1301 provincialium
1147 1193 1287 1299 quibus
1302 1192 1439 1282 adluit,
1456 1193 1549 1270 vidit
1571 1211 1609 1268 et
1623 1194 1764 1270 audivit

343 1324 445 1431 quod
463 1324 546 1399 laici
569 1323 744 1430 capitulia
761 1342 934 1401 tenentes
954 1321 1211 1416 absolvebant,
1239 1325 1459 1401 auctoritate
1482 1324 1628 1401 domini
1648 1325 1761 1428 Pape,

343 1452 471 1530 iratres
488 1453 630 1530 ordinis
650 1452 696 1528 ab
712 1453 985 1530 inobedienciis
1000 1480 1153 1541 eorum,
1176 1471 1213 1529 et
1229 1452 1405 1531 dicebant
1419 1454 1524 1559 qnod
1543 1453 1764 1558 depereatis
1797 1488 1800 1494 ¹

344 1581 497 1660 occultis
513 1582 783 1660 confiterentur
803 1583 1080 1671 sacerdotibua3
1107 1598 1144 1659 et
1163 1583 1330 1688 predicta
1350 1583 1444 1661 vidit
1464 1600 1501 1661 et
1522 1583 1663 1659 audivit
1682 1585 1763 1658 lieri

344 1744 410 1821 per
435 1714 587 1790 fratrem
619 1715 658 1789 P.
688 1715 736 1789 de
768 1713 931 1802 Madito,
957 1713 1083 1790 locnm
1102 1729 1296 1790 tenentem
1319 1714 1547 1819 preceptoris
1573 1713 1761 1799 Alternis,

344 1844 494 1952 quando
504 1843 656 1919 tenebat
671 1843 846 1950 capitulia
859 1844 897 1918 in
914 1843 1011 1919 dicta
1025 1843 1140 1919 domo
1157 1843 1204 1919 de
1216 1843 1391 1919 Marcbia.
1405 1844 1619 1949 Requisitus
1635 1844 1682 1932 si,
1698 1871 1765 1948 per

344 1974 622 2052 absolucionem
650 1974 837 2050 dictorum
866 1974 1046 2051 laicorum
1072 1990 1109 2049 et
1134 1974 1394 2050 remissionem
1419 1972 1603 2048 dictarum
1633 1974 1765 2049 inobe-

345 2105 594 2194 dienciarum,
612 2103 745 2181 fratres
755 2104 902 2181 ordinis
912 2102 1114 2180 credebant
1127 2131 1207 2181 esse
1218 2103 1336 2180 abluti
1350 2133 1372 2179 a
1386 2104 1546 2208 peccatis
1557 2104 1766 2179 venialibus

344 2234 398 2311 vel
411 2233 635 2311 mortalibus
649 2263 692 2309 ex
707 2234 980 2311 inobedienciis
992 2233 1325 2322 descendentibus,
1344 2233 1539 2340 respondit
1556 2263 1595 2311 se
1612 2235 1765 2311 credere

343 2366 446 2473 quod
465 2367 534 2456 sic,
554 2365 642 2471 quia
657 2382 765 2441 erant
780 2365 981 2471 simplices.
1001 2366 1113 2452 ltem,
1134 2364 1228 2441 dixit
1246 2364 1351 2470 quod
1372 2365 1410 2440 in
1427 2393 1560 2442 eorum
1582 2368 1765 2471 recepcio-

343 2493 455 2573 nibus
463 2495 641 2604 jurabant
658 2495 830 2573 ordinem
845 2522 923 2573 non
939 2496 1051 2583 exire,
1069 2512 1107 2571 et
1118 2494 1223 2600 quod
1236 2494 1362 2572 statim
1377 2523 1446 2600 pro
1462 2496 1637 2601 professis
1651 2497 1765 2572 habe-

342 2623 498 2716 bantur3
515 2643 553 2702 et
565 2624 794 2702 clandestine
808 2624 1097 2732 recipiebantur,
1115 2623 1232 2701 nullis
1246 2623 1484 2729 presentibus
1504 2625 1576 2701 nisi
1590 2625 1766 2701 iratribus

344 2755 504 2845 ordinis,
522 2784 565 2832 ex
585 2784 662 2861 quo
682 2755 802 2832 credit
822 2755 929 2861 quod
949 2771 1047 2831 esset
1062 2754 1223 2860 suspicio
1244 2771 1372 2831 contra
1390 2783 1466 2832 eos.
1485 2756 1532 2831 Et
1550 2755 1766 2861 frequenter

342 2883 413 2961 fuit
428 2887 588 2990 petitum
604 2884 652 2961 ab
663 2913 710 2962 eo
724 2914 792 2991 per
803 2884 989 2962 seculares
1002 2885 1106 2989 qnod
1121 2883 1303 2961 revelaret
1316 2885 1370 2962 eis
1386 2886 1544 2961 modum
1561 2916 1628 2962 sue
1646 2916 1766 2991 recep

343 3016 476 3102 cionia,
488 3032 529 3092 et
541 3015 619 3122 ipse
636 3014 787 3093 nolebat
804 3015 859 3091 eis
871 3014 1047 3103 revelare,
1059 3014 1147 3120 quia
1156 3014 1345 3121 juraverat
1359 3042 1436 3091 non
1448 3014 1612 3092 revelare
1624 3037 1765 3093 secreta

344 3146 610 3252 capitulorum,
627 3145 717 3224 licet
734 3147 782 3223 de
798 3146 915 3224 modo
932 3145 1163 3252 recepcionis
1179 3175 1255 3223 non
1271 3144 1403 3224 luisset
1417 3145 1512 3223 sacta
1526 3149 1674 3223 mencio
1689 3179 1767 3252 spe-

344 3275 464 3365 cialis,
479 3293 516 3352 et
532 3276 620 3382 quia
635 3276 757 3352 credit
771 3276 876 3382 quod
891 3276 922 3354 si
937 3277 1016 3382 ipse
1033 3276 1090 3352 vel
1105 3275 1201 3354 alius
1216 3275 1430 3369 revelasset,
1442 3277 1600 3385 graviter
1612 3281 1767 3383 punitus

342 3407 483 3484 fuisset.
512 3407 569 3484 De
594 3406 772 3483 mandato
800 3408 1038 3512 superiorum
1067 3406 1324 3513 cingebantur,
1354 3435 1467 3512 super
1491 3408 1659 3484 camisias
1684 3440 1768 3487 suas

343 3565 427 3614 cum
442 3537 581 3642 quibus
593 3536 784 3645 jacebant,
808 3536 975 3615 cordulis
987 3537 1147 3642 sumptis
1162 3536 1267 3614 unde
1282 3535 1468 3613 volebant.
1486 3535 1637 3644 Absque
1653 3538 1768 3615 licen·

343 3667 397 3742 cia
417 3667 657 3772 superiorum
683 3694 758 3745 non
783 3683 955 3771 poterant
976 3665 1059 3743 aliis
1079 3694 1194 3772 quam
1215 3664 1474 3743 sacerdotibus
1492 3668 1638 3744 ordinis
1651 3671 1768 3744 conli-

342 3795 430 3884 teri,
457 3813 496 3872 et
521 3797 593 3873 hoc
621 3795 889 3902 injungebatur
916 3795 1072 3872 eisdem.
1094 3797 1243 3875 Fratres
1266 3794 1426 3872 scientes
1446 3823 1594 3874 errores
1614 3798 1767 3876 luerunt

343 3925 577 4032 negligentes
592 3925 682 4032 quia
701 3953 778 4002 non
799 3941 1041 4002 correxerunt
1066 3951 1134 4002 eos
1152 3952 1221 4002 nec
1243 3923 1566 4002 denunciaverunt
1586 3928 1765 4014 lindesie,

344 4056 474 4134 dicens
499 4057 576 4162 ipse
600 4056 707 4136 testis
730 4056 836 4163 quod
857 4071 1052 4162 peccatum
1074 4055 1267 4134 detinebat
1286 4083 1361 4132 eos.
1383 4053 1618 4133 Elemosinas
1638 4076 1675 4133 et
1698 4060 1767 4134 bo

344 4186 584 4292 spitalitatem
602 4187 696 4264 vidit
713 4188 978 4264 movenienter
994 4185 1076 4264 fieri
1097 4203 1136 4265 et
1154 4187 1289 4264 serrari
1305 4186 1344 4262 in
1363 4185 1546 4264 domibus
1564 4187 1708 4263 ordinis
1728 4189 1766 4264 in

343 4317 482 4424 quibus
501 4318 626 4395 extitit
646 4334 912 4396 commoratus.
938 4317 1117 4396 Iurabant
1136 4346 1280 4396 servare
1295 4320 1383 4425 jura
1401 4318 1557 4395 ordinis.
1580 4318 1766 4422 Capitalia

342 4447 438 4526 vidit
454 4449 575 4525 teneri
596 4449 800 4554 aliquando
825 4466 911 4528 ante
937 4476 1125 4539 auroram,
1146 4448 1280 4556 januis·
1298 4448 1448 4538 clausis,
1476 4446 1592 4525 nullis
1616 4476 1768 4554 presen-

341 4575 528 4657 tibnsnisi
541 4578 719 4658 fratribus
732 4579 887 4672 ordinis,
895 4597 935 4658 et
941 4579 1205 4686 previdebatur
1219 4607 1267 4656 ne
1276 4578 1473 4656 audiretur
1488 4578 1649 4656 exterius
1658 4582 1766 4687 quod

343 4708 504 4788 interius
518 4710 708 4818 agebatur.
737 4710 919 4789 Ordinata
943 4738 1012 4817 per
1035 4709 1255 4818 Magistrtnn
1278 4738 1365 4788 eum
1390 4729 1577 4788 conventu
1597 4711 1767 4799 servabat

344 4840 454 4929 ordo,
474 4857 604 4918 contra
624 4868 741 4948 quern
761 4865 862 4918 nunc
881 4842 1034 4949 grandia
1054 4840 1241 4932 scandala,
1269 4840 1430 4946 suspicio
1450 4859 1488 4918 et
1508 4840 1659 4919 infamia
1679 4860 1767 4920 sunt
