4236 5948
350 543 424 616 aso
741 518 935 610 Procas
962 537 1056 607 nas
1082 535 1377 607 reuertens

349 677 491 762 vandis,
514 695 550 753 et
571 673 746 753 mantello
767 676 837 752 sibi
853 675 900 751 ad
914 674 1051 750 collum
1066 675 1205 780 posito,
1223 673 1344 751 dictus
1356 673 1539 778 recipiens
1558 672 1666 750 traxit
1683 702 1765 750 eum

350 808 396 883 ad
411 825 553 913 partem
573 807 612 882 in
629 807 788 913 quadam
808 803 948 911 capella
968 821 1068 881 retro
1093 804 1219 892 altare,
1240 822 1277 880 et
1296 803 1461 881 ostendit
1480 799 1550 880 sibi
1566 805 1768 910 quamdam

264 961 270 970 ·
350 967 496 1014 crucem
513 936 558 1011 de
579 936 678 1043 ligno
695 938 731 1010 iu
753 965 825 1040 qua
847 952 923 1012 erat
936 962 1069 1042 ymago
1089 934 1206 1010 Jhesu
1221 933 1384 1011 crucifixi
1405 933 1567 1040 depicta,
1591 950 1627 1010 et
1646 963 1769 1038 prece-

348 1070 405 1174 pit
419 1067 522 1174 quod
539 1085 688 1171 spueret
707 1084 764 1142 ter
779 1095 888 1171 supra
910 1066 1044 1142 dictam
1067 1093 1215 1142 erucem
1239 1082 1277 1141 et
1294 1065 1525 1172 ymaginem,
1548 1081 1585 1140 et
1604 1065 1700 1170 ipse,
1722 1065 1767 1142 de

349 1198 521 1274 mandato
537 1197 669 1302 ipsius,
684 1194 789 1273 linxit
799 1198 901 1302 quod
914 1213 1064 1302 spueret
1074 1225 1185 1301 supra
1196 1224 1360 1285 crucem,
1373 1196 1439 1271 sed
1451 1223 1642 1300 nunquam
1656 1196 1766 1300 spuit.

405 1331 653 1433 Interrogatus
679 1329 726 1403 de
754 1327 897 1414 osculo,
920 1327 1011 1403 dixit
1034 1355 1101 1433 per
1123 1327 1377 1433 juramentum
1403 1356 1514 1403 suum
1536 1328 1640 1432 quod
1665 1325 1769 1404 linxit

348 1457 502 1536 osculari
520 1458 660 1535 dictum
676 1458 918 1563 recipientem
934 1458 973 1533 in
993 1456 1068 1533 fine
1089 1457 1193 1562 spine
1211 1457 1328 1547 dorsi3
1350 1457 1416 1532 sed
1435 1485 1629 1563 nunquam
1649 1457 1770 1563 tetigit

348 1589 456 1666 illum
477 1588 545 1678 ibi,
568 1606 605 1665 et
622 1606 747 1694 postea
770 1588 953 1665 osculatus
975 1586 1044 1663 luit
1070 1617 1156 1662 eum
1178 1587 1218 1663 in
1245 1587 1423 1664 umbilico
1448 1604 1485 1663 et
1509 1589 1546 1662 in
1570 1615 1648 1663 ore.
1668 1588 1769 1664 Dixit

348 1721 464 1796 eciam
486 1747 553 1824 per
564 1718 820 1825 juramentum
838 1747 947 1793 sunm
964 1717 1066 1824 quod
1087 1716 1288 1792 inhibitum
1303 1714 1374 1793 fuit
1386 1715 1456 1792 sibi
1468 1745 1514 1792 ne
1531 1736 1769 1826 cognosceret

347 1848 540 1937 mulieres3
564 1848 630 1924 sed
650 1848 680 1923 si
702 1847 801 1924 calor
825 1847 1000 1922 naturalis
1022 1864 1187 1922 moveret
1208 1874 1310 1934 eum,
1334 1845 1592 1922 commisceret
1617 1874 1656 1922 se
1681 1875 1766 1923 cum

346 1978 521 2056 fratribus
542 1979 635 2064 suis,
659 1996 696 2054 et
711 1979 783 2055 hoc
800 1977 845 2053 ab
870 1977 950 2053 aliis
969 1992 1167 2081 pateretur.
1189 1976 1291 2052 Dixit
1309 1994 1435 2054 tamen
1456 1976 1560 2082 quod
1576 2003 1767 2082 nunquam

347 2110 449 2198 fecit,
472 2139 541 2186 nec
561 2108 633 2184 fuit
647 2107 861 2215 requisitus.
904 2096 908 2110 ¹

403 2241 653 2343 Interrogatus
673 2255 800 2315 utrum
825 2237 971 2343 aliquos
989 2237 1118 2313 Iratres
1138 2240 1321 2343 receperit
1348 2239 1386 2313 in
1415 2238 1560 2327 ordine,
1590 2238 1684 2314 dixit
1702 2267 1769 2343 per

342 2372 600 2477 juramentum
620 2398 730 2445 suum
750 2368 854 2474 quod
875 2369 926 2443 sic
947 2368 1058 2455 duos,
1081 2396 1243 2474 quorum
1263 2395 1363 2444 unus
1382 2369 1579 2445 vocabatur
1602 2369 1768 2446 Thomas

345 2499 556 2605 bergerius,
581 2517 619 2576 et
634 2499 739 2576 illum
762 2499 903 2604 recepit
917 2527 984 2604 per
1003 2497 1110 2575 illum
1125 2498 1298 2588 modum3
1327 2516 1364 2576 et
1381 2498 1475 2575 alter
1501 2497 1614 2575 frater
1638 2501 1770 2576 Petms

348 2630 394 2707 de
414 2631 603 2720 Fontanis,
623 2647 658 2705 et
670 2631 809 2734 recepit
823 2629 1008 2735 perillum
1019 2629 1378 2737 modumperquem
1390 2629 1482 2706 dixit
1495 2628 1769 2707 sefuisserece·

346 2779 464 2865 ptum.
487 2760 702 2867 Requisitus
720 2778 848 2837 utrum
867 2759 962 2835 vidit
986 2760 1128 2864 aliquos
1147 2760 1276 2837 fratres
1296 2761 1411 2866 recipi
1432 2761 1471 2836 in
1493 2761 1593 2837 dicto
1615 2761 1766 2850 ordine,

347 2891 438 2968 dixit
453 2892 558 2997 quod
573 2891 625 2967 sic
640 2891 766 2994 viginti
781 2891 838 2966 vel
852 2891 963 2978 circa,
982 2909 1019 2967 et
1031 2890 1151 2967 credit
1165 2891 1270 2997 quod
1285 2919 1416 2968 omnes
1429 2919 1496 2995 per
1509 2891 1671 2967 similem
1686 2920 1768 2968 mo·

346 3022 437 3099 dum
452 3024 718 3128 reciperentur.
731 3023 944 3126 Requisitus
958 3038 1086 3097 utrum
1096 3021 1148 3111 vi,
1162 3022 1220 3098 vel
1231 3039 1335 3098 metu
1351 3024 1506 3098 carceris
1525 3051 1592 3099 seu
1605 3040 1770 3098 tormen-

344 3170 487 3241 torum,
509 3171 573 3230 aut
595 3153 665 3228 alia
684 3154 730 3230 de
749 3180 875 3245 causa,
894 3152 1055 3258 aliquam
1077 3152 1210 3229 dixerit
1229 3150 1424 3229 falsitatem
1442 3170 1507 3229 aut
1525 3153 1769 3229 immiscuerit

343 3286 384 3361 in
406 3284 647 3389 deposicioue
674 3311 755 3372 sua,
783 3284 876 3359 dixit
900 3311 967 3387 per
987 3285 1239 3388 juramentum
1266 3312 1376 3360 suum
1399 3284 1504 3388 quod
1528 3310 1621 3370 nou;
1648 3283 1766 3360 immo

346 3414 436 3489 dixit
457 3442 588 3517 puram
612 3430 649 3488 et
664 3441 805 3488 meram
820 3414 1021 3488 veritatem.

400 3676 492 3750 Item
511 3674 623 3751 Irater
644 3675 815 3753 Matheus
837 3676 884 3754 de
900 3676 1047 3754 Tabula
1065 3695 1188 3754 custos
1208 3678 1343 3756 domus
1364 3676 1410 3754 de
1428 3678 1599 3755 Druelles
1616 3676 1766 3754 Ambia-

345 3807 470 3883 nensis
481 3806 656 3898 diocesis,
680 3806 785 3883 etatis
799 3808 1066 3914 quinquaginta
1079 3834 1263 3885 annorum
1276 3808 1333 3884 vel
1347 3808 1456 3898 circa,
1467 3809 1615 3915 juratus
1631 3810 1765 3887 eodem

343 3939 458 4014 modo
474 3938 521 4014 de
542 3965 581 4014 sc
599 3955 635 4014 et
650 3937 730 4014 aliis
743 3939 781 4012 in
798 3966 905 4014 causa
921 3938 1010 4015 fidei
1028 3939 1150 4015 dicere
1168 3939 1379 4029 veritatem,
1401 3955 1438 4015 et
1452 3939 1700 4045 interrogatus
1716 3939 1763 4016 de

342 4086 511 4176 tempore
533 4086 570 4145 et
589 4069 703 4146 modo
725 4098 790 4146 sue
811 4071 1057 4176 receptionis,
1074 4070 1165 4146 dixit
1183 4099 1250 4175 per
1261 4071 1518 4177 juramentum
1534 4099 1643 4147 suum
1661 4070 1765 4176 quod

342 4200 411 4277 luit
425 4219 597 4306 receptus
612 4202 650 4276 in
668 4201 781 4278 domo
798 4201 845 4277 de
864 4203 1057 4288 Fontanis‚
1079 4229 1147 4308 per
1165 4202 1392 4278 visitatorem
1408 4201 1561 4278 Francie
1581 4219 1687 4292 tunc,
1708 4200 1765 4277 de

343 4360 421 4407 cem
443 4332 527 4406 anni
546 4350 654 4407 erunt
669 4349 752 4436 post
772 4334 913 4408 iustans
928 4331 1063 4409 festum
1083 4331 1284 4410 Natiuitatis
1298 4332 1452 4409 Domini
1473 4331 1529 4409 vel
1551 4332 1662 4422 circa,
1683 4360 1766 4436 pre·

343 4461 512 4539 sentibus
526 4461 636 4538 fratre
650 4462 817 4540 Garnero
831 4462 878 4539 de
892 4462 1129 4568 Compendio
1145 4480 1182 4538 et
1194 4460 1305 4538 fratre
1325 4461 1494 4538 Iohanne
1514 4462 1763 4550 thesaurario,

341 4609 559 4697 preceptore
583 4593 680 4669 dicte
704 4593 852 4671 domus.
878 4593 981 4669 Dixit
1008 4594 1122 4671 eciam
1152 4621 1221 4698 per
1238 4592 1492 4699 juramentum
1514 4621 1624 4669 suum
1640 4593 1762 4699 quod,

337 4723 553 4829 juramento
572 4723 677 4800 abeo
696 4725 852 4830 prestito
876 4724 923 4800 de
944 4724 1184 4802 observandis
1203 4725 1355 4801 secretis
1374 4742 1411 4800 et
1430 4724 1574 4801 statutis
1594 4723 1683 4800 dicti
1705 4752 1765 4801 or-

344 4851 458 4942 dinis,
477 4870 513 4930 et
526 4854 703 4932 mantello
718 4855 764 4931 ad
778 4854 919 4933 collum
940 4856 1081 4961 posito,
1101 4855 1223 4932 dietus
1243 4854 1426 4962 recipiens
1441 4854 1546 4932 duxit
1560 4883 1647 4932 eum
1664 4871 1764 4931 retro
