4236 5948
499 527 574 610 aas
890 503 1086 598 esoces
1111 520 1208 592 nus
1233 517 1532 591 reuertens.

497 666 722 772 predictum.
735 664 950 771 Requisitus
964 664 1080 741 eciam
1095 692 1162 769 per
1173 663 1431 769 juramentum
1445 677 1575 739 utrum
1589 659 1640 750 vi,
1657 657 1714 735 vel
1729 675 1835 738 metu
1846 688 1924 737 car·

499 798 592 874 ceris
607 814 671 874 aut
688 813 979 886 tormentorum,
996 823 1063 873 seu
1075 793 1181 885 alias,
1200 793 1238 869 in
1251 792 1442 900 premissis
1458 790 1702 868 immiscuerit
1712 790 1770 868 vel
1787 792 1922 874 dixerit

498 929 659 1035 aliquam
679 927 893 1013 salsitatem,
917 925 972 1002 vel
992 925 1216 1002 subticuerit
1235 925 1443 1012 veritatem,
1466 922 1558 1001 dixit
1578 951 1646 1028 per
1664 923 1923 1029 juramentum

498 1089 606 1136 suum
630 1059 733 1164 quod
754 1086 852 1146 non,
876 1073 913 1133 et
924 1058 1029 1163 quod
1043 1085 1176 1162 puram
1193 1055 1385 1133 veritatem
1406 1055 1497 1132 dixit
1517 1071 1554 1133 et
1570 1081 1722 1131 merem.

553 1322 645 1395 Item
668 1319 782 1395 scater
800 1316 1020 1422 Radulpbus
1038 1318 1085 1394 de
1108 1316 1286 1405 Saltibus,
1310 1316 1414 1393 etatis
1431 1342 1523 1394 xxxv
1542 1343 1727 1397 annorum
1738 1313 1795 1390 vel
1809 1316 1921 1403 circa,

496 1449 742 1556 personaliter
763 1450 986 1534 constitutus
1010 1448 1158 1542 indicti
1181 1447 1325 1525 domini
1351 1446 1597 1553 inquisitoris,
1625 1463 1794 1531 nostrum
1817 1462 1925 1523 nota-

497 1582 638 1658 riorum
661 1597 698 1657 et
717 1580 870 1659 testium
885 1579 1182 1684 subscriptorum
1198 1578 1404 1684 presencia,
1425 1577 1574 1683 juratus
1590 1594 1628 1653 et
1640 1575 1842 1683 requisitus
1857 1602 1926 1680 per

491 1713 747 1816 juramentum
766 1711 900 1788 eodem
917 1711 1048 1799 modo,
1067 1709 1158 1786 dixit
1175 1738 1241 1816 per
1252 1709 1509 1817 juramentum
1524 1736 1634 1785 suum
1657 1707 1761 1813 quod
1785 1705 1857 1784 luit
1868 1735 1926 1782 re·

497 1860 625 1948 ceptus
643 1842 742 1947 apud
757 1841 993 1920 Cbeurutum
1013 1841 1051 1916 in
1067 1841 1162 1929 Bria,
1180 1868 1247 1945 per
1266 1838 1416 1916 fratrem
1435 1838 1675 1944 Radulpbum
1693 1838 1739 1914 de
1758 1837 1922 1925 Gisiaco‚

496 1990 639 2078 septem
654 1973 739 2048 anni
753 1972 810 2048 vel
826 1971 920 2047 circa
933 1986 1020 2048 sunt
1035 1970 1162 2076 elapsi,
1184 1970 1419 2076 presentibus
1434 1969 1544 2045 fratre
1560 1968 1718 2045 Morello
1733 1966 1780 2044 de
1793 1966 1923 2055 Belna,

498 2121 535 2179 et
554 2101 855 2208 fratreRemigio
882 2120 970 2185 tunc
989 2119 1207 2207 preceptore
1229 2102 1276 2178 de
1305 2100 1566 2179 Columberiis.
1588 2100 1690 2180 Dixit
1717 2102 1835 2178 eciam
1858 2128 1926 2205 per

492 2235 746 2337 juramentum
772 2261 881 2308 suum
901 2232 1023 2337 quod,
1043 2250 1130 2337 post
1154 2232 1290 2309 multas
1312 2233 1579 2338 promissiones
1599 2231 1645 2309 ab
1669 2260 1714 2310 eo
1741 2231 1855 2321 factas
1877 2233 1924 2309 de

498 2365 643 2442 statutis
662 2381 700 2440 et
725 2363 875 2440 secretis
900 2363 1048 2439 ordinis·
1064 2363 1318 2450 observandis,
1340 2380 1380 2440 et
1404 2363 1579 2440 mantello
1610 2363 1679 2441 sibi
1709 2362 1758 2439 ad
1784 2363 1925 2441 collum

428 2551 430 2554 ψ
497 2495 635 2598 posito,
659 2493 780 2578 dictus
802 2492 986 2597 recipiens
1009 2494 1175 2572 ostendit
1199 2493 1269 2570 sibi
1296 2522 1446 2571 crucem
1472 2510 1510 2569 et
1527 2495 1738 2600 ymaginem
1759 2491 1925 2570 crucifixi

497 2623 662 2729 depictas
682 2624 721 2699 in
737 2622 901 2728 quodam
918 2622 1075 2711 missali,
1100 2641 1136 2699 et
1156 2622 1250 2699 dixit
1269 2624 1341 2702 sibi
1362 2623 1466 2729 quod
1482 2625 1678 2729 oportebat
1697 2623 1801 2729 quod
1814 2624 1927 2701 abue-

494 2771 599 2860 garet
617 2754 726 2831 illum
747 2755 854 2861 cujus
877 2752 994 2859 figura
1016 2771 1095 2831 erat
1118 2754 1188 2841 ibi,
1211 2771 1248 2830 et
1273 2753 1378 2860 quod
1403 2773 1562 2859 spueret
1580 2783 1690 2859 supra
1713 2782 1864 2831 crucem
1890 2773 1926 2831 et

494 2885 718 2991 ymaginem.
742 2886 893 2960 Tamen
911 2885 1004 2960 cavit
1032 2901 1214 2991 qnamum
1235 2883 1359 2990 potuit
1386 2912 1434 2960 ne
1466 2883 1615 2991 aliquid
1639 2885 1687 2963 de
1714 2886 1925 2990 sputamine

495 3014 644 3092 caderet
659 3044 781 3121 supra.
796 3014 899 3092 Dixit
919 3015 1036 3091 eciam
1047 3044 1114 3120 per
1128 3015 1388 3121 juramentum
1405 3043 1514 3092 suum
1531 3014 1636 3121 quod
1643 3029 1719 3094 non
1736 3015 1926 3094 osculatus

494 3141 565 3223 tuit
584 3146 827 3252 recipientem
849 3145 920 3222 nisi
940 3146 980 3221 in
999 3173 1082 3233 ore,
1105 3162 1142 3221 et
1167 3145 1285 3223 credit
1304 3145 1409 3253 quod
1431 3145 1501 3223 bec
1527 3162 1623 3223 esset
1646 3146 1746 3224 racio
1763 3147 1854 3252 quia
1875 3147 1927 3225 di-

495 3289 576 3352 ctus
589 3276 772 3381 recipiens
787 3274 985 3353 festinabat
994 3304 1035 3352 se
1048 3276 1102 3353 ire
1120 3277 1168 3352 ad
1183 3276 1263 3353 dies
1278 3279 1494 3354 Trecenses.
1507 3277 1723 3383 Requisitus
1740 3305 1810 3383 per
1820 3279 1925 3385 jura-

496 3420 667 3480 mentum
677 3433 789 3481 suum
800 3422 928 3480 utrum
940 3404 986 3492 vi,
1002 3404 1059 3486 vel
1072 3421 1179 3480 metu
1195 3406 1352 3483 carceris
1366 3424 1431 3483 aut
1445 3423 1733 3493 tormentorum,
1745 3434 1812 3484 seu
1822 3407 1922 3498 elias,

496 3535 535 3608 in
550 3534 739 3640 premissis
753 3534 1001 3621 immiscuerit
1011 3534 1068 3612 vel
1081 3535 1214 3612 dixerit
1229 3535 1390 3642 aliquam
1410 3535 1622 3623 salsitatem,
1634 3537 1693 3614 vel
1703 3537 1926 3616 subticuerit

496 3664 706 3752 veritatem,
720 3664 810 3740 dixit
823 3693 890 3770 per
898 3665 1158 3772 juramentum
1170 3695 1281 3743 suum
1291 3666 1500 3773 quod-non,
1518 3684 1557 3745 et
1566 3668 1672 3775 quod
1687 3693 1822 3773 puram
1835 3670 1926 3746 reri·

497 3810 612 3870 tatem
622 3793 714 3872 dixit
723 3812 761 3871 et
778 3824 930 3872 meram.
952 3797 1041 3874 Acta
1057 3815 1145 3875 sunt
1163 3798 1235 3874 hee
1246 3797 1421 3890 Parisius,
1443 3800 1482 3875 in
1495 3798 1604 3875 dictis
1619 3798 1799 3876 domibus
1809 3800 1925 3877 Tem·

497 3923 567 4030 pli,
582 3953 704 4015 enno,
722 3926 910 4003 indicione
932 3945 969 4004 et
988 3928 1054 4004 die
1070 3929 1211 4005 mensis
1230 3928 1443 4006 novembris
1464 3928 1662 4035 predictis,
1687 3927 1925 4035 presentibus

498 4055 680 4164 religiosis
701 4075 740 4136 et
757 4058 922 4137 honestis
943 4059 1029 4136 viris
1048 4059 1224 4139 fratribus
1242 4060 1391 4138 Nicolao
1416 4061 1463 4137 de
1482 4061 1697 4149 Anessiaco‚
1717 4059 1924 4168 Reginaldo

498 4187 544 4264 de
557 4188 753 4278 Credolio,
770 4189 871 4267 socio
889 4189 977 4266 dicti
992 4190 1134 4267 domini
1153 4191 1402 4296 inquisitoris,
1419 4191 1630 4270 Gossouino
1646 4191 1695 4267 de
1707 4188 1922 4282 Brebancia,

412 4392 415 4397 .
497 4320 656 4426 Emingo
673 4319 722 4396 de
741 4321 871 4405 Dacia,
895 4320 1037 4403 ordinis
1058 4337 1096 4401 et
1119 4339 1322 4399 conventus
1346 4321 1502 4399 fratrum
1523 4321 1804 4399 Predicatorum
1825 4321 1926 4398 Pari·

499 4450 691 4543 siensium,
719 4469 756 4527 et
779 4450 984 4530 Guillelmo
1005 4451 1052 4531 de
1076 4451 1244 4558 Cboquis
1268 4453 1344 4529 cive
1366 4452 1579 4544 Parisiensi,
1603 4452 1759 4530 testibus
1779 4453 1828 4528 ad
1852 4451 1925 4529 boc

500 4580 636 4655 vocatis
654 4599 691 4656 et
712 4583 859 4689 rogatis.
921 4581 924 4586 ’
1220 4592 1221 4595 ’

559 4838 650 4915 item
663 4867 775 4928 anno,
795 4841 982 4937 indicione
999 4859 1035 4917 et
1046 4842 1283 4948 pontificatu,
1299 4871 1395 4921 enno
1410 4861 1448 4921 et
1459 4845 1520 4928 die
1537 4872 1582 4923 xx
1599 4843 1814 4930 novembris
1829 4845 1926 4952 ejus·
