4236 5948
638 540 833 633 enecas
861 561 954 632 nas
981 560 1282 634 reuertens.
1600 566 1670 637 rsa

250 699 531 811 recepcionibus
551 730 590 777 se
610 729 687 778 non
704 700 838 779 recolit
857 701 1035 789 adfuisse,
1060 703 1148 808 quia
1169 731 1211 778 ex
1231 703 1413 779 industria
1431 701 1673 779 subtrahebat

251 866 305 923 se,
326 862 396 943 pro
414 861 459 909 eo
474 832 560 939 quia
579 831 651 909 sibi
666 831 913 938 displicebant
926 830 1109 938 predicta,
1133 851 1170 909 et
1190 861 1231 909 ex
1247 834 1377 909 eadem
1395 862 1504 909 causa
1520 833 1674 911 obmisit

250 968 415 1072 recipere
440 964 591 1041 fratrem
614 963 788 1040 Odonem
811 963 859 1039 de
877 962 991 1039 Belna
1017 964 1257 1050 servientem,
1286 992 1400 1070 quem
1424 963 1537 1039 lrater
1564 966 1671 1069 Hugo

251 1099 296 1173 de
310 1093 507 1173 Penrando
518 1085 756 1170 mandaierat
766 1093 985 1170 litteratorie
1000 1093 1114 1199 recipi
1128 1123 1196 1200 per
1206 1095 1382 1171 eumdem
1394 1156 1401 1182 ,
1415 1095 1480 1200 qui
1490 1112 1582 1171 tunc
1596 1113 1673 1171 erat

248 1245 445 1335 preceptor
470 1225 517 1302 de
547 1224 739 1303 Cabilone.
767 1227 878 1316 ltem,
907 1225 1000 1301 dixit
1028 1254 1067 1301 se
1097 1226 1280 1302 audivisse
1318 1228 1356 1304 in
1389 1228 1533 1305 civitate
1563 1227 1672 1303 Nice·

250 1360 380 1446 ciensi,
402 1358 449 1434 ab
480 1385 545 1433 ore
573 1356 696 1463 magni
723 1357 888 1463 Magistri
911 1357 977 1464 qui
1003 1384 1102 1432 nunc
1133 1374 1202 1445 est,
1235 1358 1338 1463 quod
1363 1359 1441 1465 ipse
1474 1357 1674 1461 extirparet

249 1490 373 1594 aliqua
397 1516 470 1594 que
500 1505 603 1563 erant
631 1487 669 1562 in
694 1485 827 1562 ordine
853 1487 923 1562 sibi
953 1485 1210 1591 displicencia,
1246 1488 1451 1593 exquibus
1477 1486 1672 1564 dubitabat

249 1619 352 1724 quod
368 1616 531 1695 finaliter
551 1617 646 1694 male
667 1616 851 1694 accideret
867 1617 1008 1705 ordini,
1030 1633 1066 1692 et
1082 1617 1153 1693 hoc
1168 1617 1240 1692 suit
1256 1617 1320 1694 illo
1337 1647 1435 1694 anno
1454 1647 1530 1724 quo
1547 1617 1671 1693 civitas

250 1748 451 1825 Aconensis
471 1748 541 1823 luit
568 1746 730 1854 perdita,
754 1765 791 1823 et
813 1747 980 1851 predicta
1004 1747 1095 1823 dixit
1117 1747 1237 1824 dietus
1258 1748 1434 1855 Magister
1454 1748 1493 1822 in
1509 1748 1671 1852 capitulo

249 1877 430 1986 generali,
449 1879 485 1953 in
503 1895 703 1984 quoerant
722 1878 870 1954 circiter
889 1877 1144 1985 quadringinti
1169 1878 1317 1967 fratres,
1341 1881 1439 1956 inter
1454 1906 1550 1985 quos
1568 1896 1673 1954 erant

251 2008 371 2084 dictus
400 2008 513 2084 srater
541 2009 906 2096 Durandus·Lastic,
941 2011 1047 2116 llugo
1076 2008 1123 2083 de
1156 2007 1313 2085 Salhens
1342 2010 1388 2085 dc
1415 2008 1601 2094 Alvernia,
1635 2024 1673 2083 et

249 2138 372 2215 Berbo
396 2138 443 2215 de
471 2139 546 2213 Lur
565 2139 820 2246 burgundus,
854 2137 1045 2215 deffuncti.
1077 2140 1186 2229 Item,
1215 2138 1307 2214 dixit
1332 2141 1435 2245 quod
1467 2139 1566 2214 bene
1594 2167 1673 2214 cre-

251 2266 363 2345 debat
386 2268 641 2345 ecclesiasticis
661 2269 916 2358 sacramentis,
943 2287 980 2346 et
999 2270 1118 2346 credit
1140 2272 1243 2376 quod
1265 2271 1325 2346 alii
1351 2270 1482 2346 fratres
1502 2297 1670 2345 commu-

249 2399 347 2476 niter
371 2400 506 2475 eodem
538 2402 654 2478 modo
689 2401 901 2488 crederent,
937 2418 974 2476 et
999 2402 1103 2508 quod
1135 2428 1265 2477 eorum
1300 2401 1510 2477 sacerdotes
1543 2400 1669 2477 debite

250 2529 492 2607 celebrarent.
521 2533 633 2621 ltem,
666 2533 758 2609 dixit
786 2533 890 2640 'quod
919 2532 1251 2609 interminacione
1279 2530 1528 2636 capitulorum
1555 2531 1670 2607 laicus

248 2677 381 2739 tenens
396 2643 598 2768 capitulum
618 2662 765 2740 dicebat
782 2665 903 2769 quod,
921 2692 963 2738 ex
978 2680 1160 2769 potestate
1176 2693 1288 2770 quam
1305 2662 1468 2739 habebat
1480 2691 1500 2737 a
1514 2661 1669 2738 domino

248 2792 360 2896 Papa,
383 2792 461 2897 ipse
476 2793 650 2897 parcebat
665 2793 718 2870 eis
734 2810 772 2869 et
785 2794 854 2900 ipsi
872 2812 1065 2900 parcerent
1085 2794 1174 2881 sibi,
1194 2811 1231 2870 et
1246 2822 1313 2898 per
1328 2793 1466 2868 dietam
1481 2791 1671 2867 remissio·

251 2949 337 2996 nem
364 2921 590 3028 credit'ipse·
608 2923 714 2999 testis
728 2924 840 3030 quod
864 2941 987 3000 essent
1014 2923 1174 2999 absoluti
1195 2923 1242 2998 ab
1265 2921 1555 3011 inobedienciis,
1577 2938 1619 2997 ut
1639 2921 1668 2996 si

250 3078 326 3128 non
343 3053 587 3141 surrexissent
602 3052 650 3129 ad
665 3053 907 3142 matutinum,
925 3053 981 3129 vel
1000 3055 1029 3130 si
1043 3053 1299 3130 verberassent
1314 3052 1492 3129 familiam
1511 3051 1569 3126 vel
1584 3079 1670 3128 con·

250 3182 397 3269 similia,
413 3210 489 3259 non
502 3199 629 3259 tamen
643 3184 761 3259 credit
776 3185 1048 3290 quodpropter
1063 3183 1134 3261 hoc
1148 3201 1271 3261 essent
1282 3182 1443 3260 absoluti
1460 3183 1667 3288 apeccatis,

250 3340 319 3388 nec
332 3312 450 3389 credit
465 3313 570 3418 quod
592 3313 653 3388 alii
675 3312 805 3390 fratres
826 3314 968 3392 ordinis
988 3314 1182 3389 crederent
1204 3332 1358 3420 propter
1378 3315 1450 3391 hoc
1468 3334 1550 3389 ‘esse
1569 3311 1672 3390 abso·

250 3440 317 3518 luti
334 3471 354 3517 a
369 3442 540 3549 peccatis.
553 3444 657 3530 ltem,
675 3443 767 3519 dixit
781 3442 996 3551 frequenter
1009 3473 1047 3521 se
1064 3445 1247 3521 audivisse
1258 3444 1503 3550 improperari
1516 3443 1569 3520 eis
1584 3474 1604 3519 a
1619 3475 1675 3524 se·

249 3570 438 3649 cularibus
464 3572 567 3678 quod
588 3602 627 3649 se
656 3572 969 3653 deosculabantur
993 3576 1031 3650 in
1059 3604 1148 3661 ano,
1179 3604 1247 3650 nec
1271 3592 1399 3651 tamen
1424 3575 1542 3650 credit
1567 3574 1671 3680 quod

249 3701 391 3780 dictum
408 3704 577 3789 osculum
598 3704 725 3792 lieret,
751 3705 816 3780 sed
832 3705 935 3810 quia,
962 3706 1114 3812 quando
1134 3687 1275 3782 fiebant
1294 3726 1424 3811 preces
1443 3707 1482 3781 in
1501 3704 1672 3810 capitulis

250 3834 489 3924 eorumdem,
517 3862 648 3910 omnes
674 3833 802 3910 iratres
828 3834 866 3909 in
893 3834 981 3939 ipsis
1004 3835 1174 3940 capitulis
1199 3836 1398 3913 existentes
1419 3834 1566 3912 stabant
1585 3863 1673 3940 pro·

248 3962 367 4050 strati,
391 3965 508 4070 capite
524 3981 561 4040 et
576 3965 749 4041 manibus
773 3964 960 4041 inclinatis
982 3966 1029 4041 ad
1053 3983 1208 4053 terram,
1237 3982 1274 4041 et
1299 3965 1470 4042 cruribus
1496 3983 1533 4042 et
1559 3967 1671 4042 dorso

250 4091 399 4168 elevatis
411 4093 683 4199 aliquantulum
700 4094 801 4199 plus,
822 4112 859 4170 et
874 4114 973 4172 unus·
985 4096 1045 4170 sic
1065 4094 1185 4172 stabat
1199 4112 1284 4200 post
1298 4096 1431 4183 alium,
1449 4112 1486 4171 et
1499 4098 1673 4199 opinatur

248 4221 350 4297 idem
375 4224 479 4299 testis
507 4223 611 4330 quod
641 4222 777 4331 aliqui,
812 4226 980 4301 videntes
1012 4224 1108 4302 forte
1139 4254 1207 4331 per
1237 4226 1391 4303 rimulas
1422 4243 1459 4302 et
1489 4224 1670 4301 foramina

249 4351 430 4428 ostiorum
452 4382 517 4430 eos
534 4355 586 4430 sic
605 4370 759 4443 stantes,
782 4374 1094 4461 presumpserunt
1113 4371 1151 4432 et
1169 4356 1343 4433 dixerunt
1360 4357 1464 4463 quod
1484 4354 1669 4433 faciebant

249 4481 392 4558 dictum
419 4483 592 4560 osculum
616 4485 878 4572 inhonestum,
904 4504 942 4561 et
963 4484 1068 4592 quod
1091 4513 1221 4563 eorum
1248 4485 1391 4564 dictum
1414 4486 1521 4561 sacile
1545 4503 1671 4562 secuta

247 4610 362 4688 suerit
381 4613 599 4691 multitudo.
617 4614 797 4691 Jurabant
816 4615 988 4691 ordinem
1007 4642 1084 4692 non
1111 4616 1230 4706 exire;
1249 4618 1374 4693 statim
1400 4645 1468 4722 pro
1495 4614 1671 4722 professis

248 4741 495 4820 habebantur.
522 4745 764 4823 Clandestine
788 4744 1081 4851 recipiebantur,
1109 4746 1224 4822 nullis
1248 4747 1486 4852 presentibus
1509 4748 1580 4822 nisi
1606 4747 1672 4824 lrt'ss

246 4874 368 4951 tribus
391 4875 549 4962 ordinis,
572 4905 712 4984 exque
737 4877 856 4953 credit
871 4877 976 4983 quod
997 4893 1092 4953 esset
1113 4877 1276 4982 suspicio
1298 4897 1425 4956 contra
1449 4907 1530 4966 eos,
1558 4879 1673 4983 potis-

1500 5018 1545 5078 18.
