4236 5948
367 513 443 593 ess
518 510 536 533 ⁴
591 548 601 561 ·
747 501 944 624 rnocns
977 516 1073 587 uns
1104 454 1465 599 teutsinus*
1546 462 1596 577 'b

367 673 477 760 ptum
483 683 553 763 per
563 620 716 733 lintrem
728 655 945 734 Gnidonem
959 655 1138 761 Dalphini
1152 657 1325 747 militem,
1340 675 1476 739 testem
1487 665 1792 766 supraexamina·

365 805 466 877 tum,-
490 787 533 863 in
550 786 693 891 capella
717 785 853 863 domus
872 785 1023 891 Templi
1052 786 1101 863 de
1120 785 1215 864 Jussi
1236 786 1479 870 Biturieensis
1502 790 1678 880 diocesis.
1703 811 1792 877 sunt

365 918 511 996 circiter
528 944 563 993 1x
577 915 682 1006 anni,
701 914 939 1021 presentibus
964 915 1140 994 tratribus
1155 917 1327 995 lohanne
1350 919 1397 995 de
1422 919 1551 996 Monat
1566 921 1789 1025 presbitero,

366 1051 521 1128 detento
542 1048 644 1154 apud
662 1048 839 1125 Riomum
859 1047 899 1124 in
920 1046 1115 1139 Arvernia,
1134 1049 1244 1127 Petro
1258 1049 1438 1138 Mauriui,
1462 1066 1557 1128 teste
1577 1080 1690 1157 supra
1708 1081 1792 1131 exa·

366 1184 519 1269 minato,
540 1197 577 1256 et
594 1179 816 1286 Raymundo
831 1179 943 1257 Vinet
962 1179 1162 1268 serviente,
1184 1180 1389 1258 deffuncto.
1410 1181 1581 1261 Plurium
1600 1183 1792 1289 necepcio.b

365 1314 476 1393 nibus
504 1340 583 1391 uon
613 1309 745 1388 recolit
773 1338 813 1389 se
835 1310 995 1388 affuisse.
1017 1311 1128 1400 Item,
1157 1312 1252 1393 dixit
1275 1313 1381 1419 quod
1403 1314 1482 1418 ipse
1502 1314 1599 1391 bene
1614 1314 1792 1397 credebat

366 1442 622 1523 ecclesiasticis
647 1441 904 1532 sacramentis,
932 1441 1090 1519 credens
1116 1442 1221 1547 quod
1243 1443 1309 1520 alii
1333 1443 1628 1524 fratresordinis
1650 1445 1789 1525 eodem

366 1576 482 1653 niodo
492 1574 709 1660 ¹crederent,
728 1587 768 1649 et
780 1573 887 1678 quod
900 1592 1033 1648 eorum
1047 1571 1258 1651 sacerdotes
1272 1574 1401 1652 debite
1417 1575 1661 1653 celebrarent.
1678 1574 1791 1661 Clan-

367 1704 512 1782 destiue
535 1702 825 1814 recipiebantur,
854 1702 969 1780 nullis
993 1703 1232 1808 presentibus
1259 1703 1331 1783 nisi
1357 1703 1533 1782 fratribus
1557 1704 1720 1795 ordinis,
1745 1734 1791 1783 ex

367 1863 443 1941 quo
464 1834 583 1912 credit
608 1833 712 1938 quod
737 1848 835 1910 esset
854 1832 1016 1937 suspicio
1039 1850 1169 1910 contra
1194 1862 1270 1911 eos.
1295 1835 1472 1913 Cordulis
1491 1836 1594 1912 unde
1613 1834 1792 1914 volebant

367 1964 565 2068 assumptis
583 1961 828 2069 cingebantur
847 1990 960 2068 super
974 1962 1243 2041 camisias-curn
1261 1964 1400 2070 quibus
1413 1963 1599 2070 jacebant.
1622 1963 1790 2071 lnjunge

367 2095 478 2171 batur
500 2093 555 2169 eis
574 2091 680 2198 quod
699 2118 777 2167 non
795 2089 1065 2169 confiterentur
1091 2092 1162 2169 nisi
1188 2091 1366 2170 fratribus
1385 2093 1601 2197 presbiteris
1626 2092 1788 2181 ordinis,

367 2223 434 2300 sed
454 2224 526 2300 boc
548 2248 625 2298 non
650 2219 875 2297 servabatur.
902 2222 1048 2299 Fratres
1068 2221 1213 2301 ordinis
1235 2250 1334 2327 quos
1352 2221 1472 2299 credit
1490 2223 1636 2300 scivisse
1657 2223 1790 2301 illicita

367 2353 572 2431 consessata
588 2379 656 2457 per
676 2377 763 2427 eum
776 2349 930 2426 luerunt
945 2349 1195 2458 negligentes,
1208 2351 1297 2457 quia
1312 2379 1389 2430 non
1408 2371 1653 2430 correxerunt
1665 2382 1709 2431 ea
1720 2380 1790 2441 nec
1843 2347 1845 2351 ⁸

367 2484 688 2563 denunciaverunt
700 2478 883 2559 -Ecclesie
900 2480 1157 2559 Elemosinam
1177 2499 1215 2559 et
1234 2457 1527 2588 hospitalitatem
1544 2483 1639 2561 vidit
1657 2512 1790 2562 conve·

366 2611 619 2699 nienterlieri
638 2628 676 2689 et
695 2610 831 2688 servari
847 2611 886 2685 in
900 2610 1078 2688 domibus
1094 2611 1239 2689 ordinis
1253 2612 1293 2687 in
1310 2612 1449 2718 quibus
1466 2614 1789 2695 exstitistoommo·

367 2763 480 2831 ratus,
517 2760 556 2820 et
581 2741 869 2820 deffendebatur
892 2741 947 2819 eis
971 2768 1019 2817 ne
1047 2740 1185 2846 injuste
1211 2743 1448 2848 acquirerent
1478 2744 1615 2820 ordini.
1637 2743 1790 2825 Audivit

367 2876 441 2954 dici
453 2875 559 2982 quod
571 2902 705 2951 eorum
726 2871 900 2978 capitulis
912 2870 1009 2948 clam
1028 2870 1265 2961 tenebantur.
1288 2872 1469 2951 Ordinata
1482 2901 1551 2978 per
1569 2874 1788 2981 Magistrum

367 3035 453 3083 cum
473 3020 660 3089 conventu
681 3018 861 3079 servasset
878 3017 982 3077 totus
1002 3001 1110 3089 ordo,
1134 3019 1264 3081 contra
1279 3031 1393 3109 quem
1415 3030 1515 3079 nunc
1534 3021 1690 3110 propter
1706 3032 1790 3110 pre-

368 3136 465 3212 dicta
484 3133 640 3241 grandia
654 3130 843 3218 scandala,
866 3129 1027 3235 suspicio
1047 3145 1085 3206 et
1103 3130 1255 3209 infamia
1274 3149 1364 3209 sunt
1383 3150 1522 3210 exorta.
1541 3132 1696 3212 Audiuit
1714 3134 1788 3213 dici

367 3266 586 3373 Magistrum
608 3279 647 3339 et
662 3261 756 3339 alios
772 3260 897 3367 aliqua
915 3259 1028 3338 luisse
1049 3260 1238 3339 confessos
1256 3279 1384 3342 contra
1402 3263 1592 3350 ordinem,
1613 3264 1662 3341 ad
1681 3267 1790 3372 cujus

368 3393 640 3473 deffensionem
662 3419 701 3467 se
722 3418 800 3467 non
819 3389 1025 3480 obtaderat,
1046 3417 1118 3467 nec
1136 3389 1256 3467 tuerat
1275 3391 1374 3469 ultra
1390 3419 1505 3469 mare.

423 3522 639 3630 Requisitus
652 3521 683 3600 si
696 3521 749 3598 sic
758 3519 985 3626 deposuerat
999 3547 1128 3625 prece,
1142 3538 1338 3626 precepto,
1350 3521 1502 3610 timore,
1519 3550 1663 3614 amore,
1678 3523 1786 3614 odio,

367 3653 424 3731 vel
445 3651 644 3759 temporali
659 3652 821 3733 comodo
839 3650 969 3728 habito
985 3649 1044 3728 vel
1064 3648 1258 3742 habendo,
1276 3651 1469 3756 respondit
1485 3653 1591 3756 quod
1607 3678 1706 3743 non,
1720 3655 1790 3733 sed

367 3784 608 3889 pre-veritate
629 3783 806 3872 dicenda3
833 3782 894 3859 cui
914 3780 985 3858 luit
1012 3781 1226 3887 injunctum
1252 3782 1359 3886 quod
1375 3806 1454 3859 uon
1481 3781 1790 3883 revelaret-banc

367 3943 473 3996 suam
489 3913 787 4021 deposicionem,
804 3906 1001 4021 quousque
1019 3910 1281 3990 attestaciones
1299 3909 1441 3988 luerint
1459 3911 1668 4016 publicata:

421 4178 551 4254 Frater
578 4173 797 4280 Stephanus·
816 4173 865 4249 de
891 4161 1067 4251 Glotonis
1091 4171 1276 4262 serviens,
1303 4171 1579 4250 Lemovicensis
1606 4172 1786 4264 diceens.

366 4336 477 4415 supra
493 4307 658 4415 juratus,
682 4303 999 4411 quadragenarius
1019 4301 1078 4379 vel
1099 4301 1214 4393 circa,
1242 4301 1308 4406 qui
1335 4302 1543 4380 voluntarie
1564 4302 1788 4383 mantellum

367 4439 560 4518 dimiserat
583 4454 623 4515 et
647 4436 730 4514 rad-i
751 4436 891 4513 lecerat
917 4434 989 4511 sibi
1008 4431 1183 4522 barbam,
1206 4462 1292 4511 cum
1312 4462 1389 4538 quo
1407 4433 1631 4538 inquisitum
1649 4432 1786 4526 luerat,

366 4550 560 4648 absolutus
572 4585 611 4646 et
623 4565 882 4645 reconciliatus
891 4593 960 4671 per
973 4564 1170 4642 dominum
1186 4563 1406 4671 episcopum
1418 4564 1786 4650 claromontensem,

366 4698 473 4777 lectis
483 4716 523 4777 et
537 4697 739 4807 diligenter
752 4697 929 4804 expositis
943 4695 1014 4773 sibi
1028 4694 1206 4773 omnibus
1218 4711 1255 4772 et
1269 4694 1426 4803 singulis
1436 4690 1617 4784 articulis,
1635 4720 1789 4801 respon

297 4851 299 4855 ’
366 4829 423 4906 dit
443 4856 480 4905 se
502 4828 662 4920 nescire,
685 4858 756 4907 nec
774 4829 948 4919 credere,
970 4854 1041 4904 nec
1070 4825 1255 4905 audivisse
1281 4824 1355 4903 dici
1379 4825 1426 4903 de
1457 4824 1643 4905 contentis
1672 4825 1713 4903 in
1735 4824 1788 4902 eis
