4236 5948
351 542 424 613 aaa
736 521 931 614 enecas
958 542 1053 612 nas
1079 541 1380 613 rennuens.

403 681 450 756 Et
470 707 539 786 ego
562 680 766 759 Gaulridus
784 680 975 788 Enguelor
995 681 1116 757 dictus
1134 681 1294 788 Chalop,
1315 681 1472 758 clericus
1488 680 1666 758 Dolensis
1689 683 1768 761 dio·

348 811 675 916 cesis-‚apostolica
693 811 909 887 auctoritate
929 811 1096 889 notarius
1115 810 1303 918 publicus,
1326 810 1515 918 premissis
1535 811 1712 891 omnibus
1732 832 1769 892 et

348 942 502 1047 singulis
522 941 620 1018 dicta
638 966 732 1018 xxvn
758 940 819 1016 die
840 941 1129 1030 octobrisactis,
1150 942 1190 1019 in
1209 943 1279 1018 hac
1304 969 1415 1047 supra
1435 957 1473 1018 et
1493 941 1533 1017 in
1552 943 1767 1049 precedenti

348 1073 462 1176 peciis
478 1071 590 1147 simul
606 1072 698 1148 sutis
712 1072 913 1160 contentis,
930 1099 1079 1178 presens
1092 1099 1166 1148 una
1185 1092 1272 1148 cum
1286 1072 1500 1149 immediate
1513 1074 1767 1180 suprascriptis
1885 1078 1887 1082 ’

349 1201 506 1279 testibus
535 1200 702 1289 interfui,
722 1218 763 1277 et
784 1202 824 1276 in
845 1202 1101 1280 testimonium
1123 1202 1391 1306 premissorum
1410 1201 1708 1318 metsubscripsh
1730 1220 1767 1280 et

347 1333 494 1438 signum
514 1361 640 1430 meum
662 1332 816 1437 apposui
837 1350 1060 1409 consuetum
1082 1349 1230 1409 vocatus
1250 1349 1286 1408 et
1304 1350 1466 1439 rogatus.

402 1591 508 1673 Anno
521 1594 672 1675 Domini
690 1593 889 1676 millesimo
901 1611 981 1676 ccc⁰
995 1595 1170 1704 septimo,
1188 1595 1374 1675 indicione
1386 1613 1499 1686 sexta,
1518 1593 1579 1673 die
1595 1596 1764 1686 Veneris,

346 1726 383 1800 in
405 1728 525 1834 vigilia
547 1745 759 1805 sanctornm
782 1729 951 1835 Symonis
972 1746 1009 1805 ct
1028 1729 1141 1818 lude,
1158 1727 1395 1835 pontificatus
1414 1728 1632 1805 sanctissimi
1652 1727 1767 1804 Patris

346 1885 387 1932 ac
407 1857 549 1934 domini
567 1860 683 1936 nostri
706 1859 847 1936 domini
875 1860 1078 1937 Clementis
1099 1859 1220 1936 divina
1246 1860 1483 1937 Providencia
1504 1887 1623 1965 pappe
1643 1857 1765 1963 quinti

345 2014 442 2065 anno
469 1989 650 2076 secundo,
677 1989 715 2064 in
741 1991 928 2093 presencia
951 1990 1115 2097 religiosi
1143 2008 1179 2066 et
1197 1989 1348 2066 ‘honesti
1374 1990 1440 2065 viri
1460 1988 1581 2064 fratris
1598 1988 1765 2064 Durandi
1853 2088 1856 2093 ι

347 2119 393 2209 de
418 2120 552 2195 Sancto
577 2118 757 2196 Porciano
785 2119 926 2195 ordinis
950 2117 1105 2195 fratrum
1131 2118 1423 2207 Predicatorum‚
1455 2116 1699 2195 commissarii
1728 2119 1765 2193 in

346 2274 454 2325 causa
475 2249 565 2325 fidei
586 2278 605 2324 a
625 2249 800 2355 religioso
828 2266 865 2326 et
889 2248 1047 2325 honesto
1072 2250 1151 2326 viro
1177 2247 1288 2326 fratre
1309 2248 1515 2327 Guillelmo
1535 2250 1583 2325 de
1608 2248 1766 2325 Parisius

347 2379 488 2455 domini
509 2407 627 2485 pappe
646 2378 852 2486 capellano,
875 2379 1029 2456 illustris
1048 2380 1145 2485 regis
1163 2379 1316 2456 Francie
1336 2379 1564 2465 confessore,
1582 2406 1624 2454 ac
1643 2378 1767 2484 inqui·

345 2509 456 2583 sitore
479 2508 641 2585 heretice
661 2510 846 2613 pravitatis
868 2511 905 2585 in
926 2536 1041 2615 regno
1056 2505 1216 2588 'Francis
1241 2511 1457 2586 auctoritate
1482 2508 1683 2613 apostolica
1703 2507 1768 2585 de·

345 2654 488 2742 putato,
512 2638 604 2714 acin
619 2640 693 2713 mei
709 2640 842 2715 notarii
859 2657 895 2715 et
910 2640 1060 2716 testium
1078 2639 1393 2744 infrascriptorum
1409 2637 1456 2715 ad
1469 2637 1542 2716 hoc
1553 2655 1766 2720 vocatorum

346 2766 555 2872 specialiter
567 2787 603 2844 et
613 2785 827 2875 rogatorum
843 2767 1088 2873 personaliter
1103 2770 1340 2856 constitutus,
1352 2768 1465 2845 frater
1479 2766 1705 2846 Guillelmus
1719 2768 1766 2844 de

344 2899 526 2975 Hermont
547 2899 740 3006 presbyter
760 2899 900 2975 ordinis
920 2899 1059 2975 milicie
1078 2898 1243 3005 Templi,
1276 2899 1382 2975 etatis
1400 2897 1529 3005 viginti
1546 2915 1630 2976 octo
1653 2926 1767 2974 anno-

343 3056 427 3105 rum
442 3028 499 3105 vel
512 3027 667 3118 circiter,
681 3046 724 3107 ut
740 3029 901 3118 dicebat,
916 3046 1088 3134 receptus
1103 3057 1169 3135 per
1183 3028 1335 3105 fratrem
1349 3027 1556 3105 Johannem
1572 3028 1620 3105 de
1638 3030 1766 3104 Turno

342 3159 614 3236 thesaurarium
628 3161 818 3266 quondam
829 3160 916 3235 dicti
927 3159 1093 3265 Templi,
1104 3161 1304 3266 requisitus
1315 3186 1384 3266 per
1393 3180 1508 3235 suum
1511 3158 1765 3264 juramentum

345 3291 391 3372 ad
409 3307 531 3366 sancta
548 3291 618 3365 Dei
638 3289 834 3395 Evangelia
855 3290 1095 3394 co1poraliter
1109 3291 1155 3366 ab
1172 3318 1217 3366 eo
1236 3306 1330 3366 tacta
1346 3289 1562 3395 prestitum,
1579 3288 1682 3394 quod
1704 3289 1766 3364 de

343 3438 500 3523 poneret
518 3446 659 3496 meram
680 3437 717 3496 et
736 3447 866 3526 puram
888 3420 1079 3496 veritatem
1095 3421 1174 3495 sine
1191 3420 1310 3526 aliqua
1326 3418 1482 3496 falsitate
1496 3419 1534 3493 in
1556 3447 1662 3495 causa
1676 3418 1765 3495 fidei

344 3550 392 3625 de
412 3578 452 3625 se
473 3549 573 3625 etde
594 3549 691 3640 aliis,
709 3578 783 3656 que
800 3552 922 3627 dictus
942 3550 1138 3656 inquisitor
1159 3550 1305 3627 duxerit
1323 3549 1565 3657 requirenda,
1589 3567 1626 3626 et
1644 3550 1765 3654 primo

343 3679 548 3784 requisitus
567 3678 613 3755 de
633 3678 715 3757 loeo
737 3681 775 3755 in
795 3708 869 3784 quo
889 3679 960 3756 fuit
979 3697 1166 3786 receptus,
1189 3681 1278 3757 dixit
1299 3708 1366 3784 per
1379 3681 1636 3786 juramentum
1655 3708 1765 3756 suum

344 3808 448 3914 quod
463 3809 562 3916 apud
574 3809 824 3916 Latigniacum
838 3810 1000 3897 Siccum,
1019 3828 1057 3886 et
1068 3828 1153 3886 sunt
1167 3839 1230 3888 sex
1246 3811 1332 3887 anni
1350 3810 1461 3915 elapsi
1482 3827 1678 3916 postquam
1696 3808 1767 3884 fuit

343 3956 529 4046 receptus,
547 3958 584 4017 et
599 3941 699 4017 stetit
711 3940 860 4017 indicto
874 3941 1018 4016 ordine.
1032 3941 1243 4046 Requisitus
1258 3940 1323 4047 qni
1335 3941 1487 4017 fuerunt
1499 3942 1536 4015 in
1550 3940 1765 4043 recepcions

343 4072 440 4178 ejus,
463 4071 553 4147 dixit
572 4100 640 4175 per
654 4071 909 4179 juramentum
930 4099 1040 4147 suum
1062 4071 1165 4177 quod
1186 4071 1298 4147 frater
1317 4070 1538 4176 Radulphus
1559 4072 1606 4146 de
1626 4068 1764 4146 Grandi

342 4201 469 4277 Villari
484 4201 594 4278 etalii
613 4202 765 4309 quidam
778 4201 908 4278 fratres
923 4203 987 4307 qui
999 4219 1092 4278 sunt
1096 4203 1174 4311 jam
1188 4202 1338 4278 mortui.
1357 4203 1570 4307 Requisitns
1586 4201 1633 4276 de
1651 4200 1765 4276 modo

341 4333 664 4436 reccpcionissue‚
688 4332 778 4408 dicit
797 4361 865 4436 per
880 4335 1133 4440 juramentum
1155 4361 1264 4408 suum
1284 4331 1405 4437 quod,
1427 4348 1511 4435 post
1527 4329 1658 4406 multas
1678 4356 1766 4435 pro-

342 4462 537 4538 missiones
558 4462 605 4537 de
626 4461 873 4539 observanciis
892 4461 989 4539 dicte
1005 4462 1211 4569 religionis,
1235 4468 1271 4539 et
1290 4477 1440 4565 recepto
1461 4458 1654 4546 mantello,
1679 4486 1765 4563 pre-

343 4608 490 4695 ceptum
511 4590 629 4669 fuitei
646 4622 665 4668 a
686 4594 785 4669 dicto
802 4592 1032 4670 thesaurario
1048 4592 1153 4699 quod
1168 4593 1367 4670 abstineret
1382 4618 1421 4667 se
1437 4589 1711 4676 amulieribus,
1729 4607 1766 4665 et

342 4720 371 4795 si
392 4739 588 4826 urgeretur
607 4721 734 4828 aliquo
754 4723 875 4800 calore
896 4722 1049 4810 carnali,
1071 4739 1215 4827 poterat
1234 4722 1466 4801 commisceri
1491 4719 1765 4797 cumfratribus

333 4850 431 4934 ¹dicti
453 4852 604 4928 ordinis.
627 4852 771 4929 Deinde
786 4853 908 4930 oblata
925 4852 996 4930 fuit
1008 4852 1080 4930 sibi
1096 4854 1255 4959 quedam
1277 4881 1381 4942 crux,
1405 4869 1441 4930 et
1460 4853 1617 4957 petitum
1633 4850 1703 4926 luit
1717 4848 1763 4925 ab
