4236 5948
350 525 424 598 res
744 507 939 599 esoces
971 525 1063 598 nus
1094 526 1394 600 rnnrmsns

347 666 452 771 quod
467 665 661 771 sequitur:
682 659 856 744 videlicet
871 666 972 774 quod
995 667 1074 772 ipse
1089 685 1262 774 receptus
1278 667 1398 744 fuerat
1419 667 1457 742 in
1476 667 1619 772 capella
1636 668 1774 747 domus

347 796 497 902 Templi
525 797 570 872 de
598 797 753 902 Paganis
780 797 978 875 Trecensis
1006 796 1186 907 diocesis,¹
1218 800 1256 874 in
1282 797 1433 876 instanti
1467 796 1562 875 sesto
1591 798 1775 877 Omnium

348 925 587 1014 Sanctorum,
602 944 713 1003 erunt
732 927 877 1003 circiter
904 953 966 1004 xru
986 928 1091 1021 anui,
1113 958 1181 1035 per
1207 929 1358 1005 fratrem
1380 928 1591 1004 Jolrannem
1613 929 1659 1005 de
1678 931 1777 1007 Mars

346 1072 606 1161 preceptorem
624 1072 714 1132 tunc
735 1056 834 1133 dicte
857 1058 1009 1148 domus,
1026 1059 1267 1163 presentibus
1285 1058 1462 1136 fratribus
1481 1057 1652 1162 pluribus
1673 1085 1776 1137 mor-

347 1186 438 1273 tuis,
461 1187 560 1262 inter
581 1214 676 1292 quos
695 1187 851 1264 fuerunt
873 1185 1005 1265 fratres
1026 1189 1158 1266 Petrus
1185 1189 1231 1264 de
1254 1190 1384 1265 Trecis
1400 1206 1437 1264 et
1455 1189 1595 1294 Symon
1618 1189 1666 1265 de
1685 1191 1775 1267 Bre-

347 1333 468 1423 tenay,
490 1316 528 1391 in
546 1318 647 1392 hunc
667 1319 849 1394 modum:
878 1346 965 1394 nam
989 1346 1076 1393 cum
1101 1318 1355 1426 requisivisset
1379 1319 1560 1395 instanter
1576 1336 1613 1394 et
1626 1337 1685 1395 ter
1702 1319 1775 1396 sibi

346 1445 502 1522 concedi
526 1475 662 1551 panem
685 1464 722 1524 et
745 1445 876 1552 aquam
900 1447 1060 1539 ordinis,
1083 1464 1121 1524 et
1144 1448 1269 1525 eidem
1288 1449 1499 1554 predictum
1522 1446 1651 1525 fuisset
1670 1449 1776 1555 quod

345 1573 443 1651 bene
458 1574 696 1667 deliberaret,
709 1576 796 1684 quia
807 1594 1000 1683 oporteret
1019 1604 1107 1653 eum
1125 1578 1245 1653 multa
1261 1578 1355 1655 dura
1372 1595 1409 1653 et
1426 1606 1554 1682 aspera
1570 1579 1773 1668 sustinere,

345 1702 508 1780 finaliter
523 1733 567 1781 eo
584 1733 653 1811 pro
667 1705 764 1782 dicta
776 1692 999 1810 recepcione
1013 1706 1191 1797 instante,
1207 1706 1296 1784 fecit
1311 1708 1435 1783 eidem
1452 1724 1624 1812 receptor
1638 1736 1772 1786 vovere

346 1849 384 1908 et
398 1834 525 1940 jurare
547 1836 771 1924 castitatem,
794 1835 1075 1925 obedienciam,
1099 1853 1137 1912 et
1153 1837 1277 1913 vivere
1300 1837 1380 1914 sine
1399 1837 1574 1942 proprio;
1595 1855 1632 1913 et
1652 1837 1776 1942 impo-

345 1963 504 2040 sito-sibi
524 1963 724 2055 mantello,
744 1983 916 2072 receptor
937 1983 974 2042 et
992 1983 1152 2044 astantes
1167 1966 1322 2044 suerunt
1343 1995 1430 2043 eum
1451 1967 1608 2044 osculati
1628 1968 1668 2042 in
1688 1996 1772 2059 ore,

346 2109 383 2169 et
398 2094 476 2198 ipse
487 2096 592 2172 testis
604 2112 839 2201 receptorem
854 2096 894 2172 in
909 2094 1091 2173 umbilico
1107 2098 1146 2171 in
1162 2125 1272 2173 carne
1286 2097 1399 2173 nuda.
1419 2098 1593 2201 Postque
1605 2097 1776 2201 precepit

346 2223 379 2298 ei
398 2223 520 2300 dictus
533 2242 704 2329 receptor
720 2225 822 2330 quod
836 2223 1037 2333 abnegaret
1052 2253 1202 2302 crucem
1220 2226 1406 2330 depictam
1419 2225 1459 2299 in
1473 2223 1638 2329 quodam
1656 2224 1771 2313 libro,

346 2368 383 2427 et
406 2352 484 2458 ipse
505 2355 610 2431 testis
630 2355 824 2460 abnegavit
844 2382 926 2443 ore,
949 2381 1025 2432 non
1047 2354 1177 2445 corde,
1195 2354 1241 2430 ad
1260 2355 1564 2431 admonicionem
1580 2355 1773 2459 cujusdam

344 2482 542 2586 presbiteri
557 2484 621 2588 qui
638 2484 811 2572 adherat,
828 2484 935 2592 cujus
953 2512 1094 2561 nomen
1110 2502 1147 2561 et
1162 2511 1371 2591 cognomen
1384 2484 1551 2590 ignorat,
1571 2484 1638 2588 per
1656 2511 1771 2589 quem

344 2612 464 2688 fuitei
481 2612 625 2689 dictum
643 2612 747 2720 qnod
761 2613 979 2690 auctoritate
995 2613 1140 2691 domini
1156 2642 1277 2720 pappe
1295 2630 1441 2720 poterat
1459 2611 1649 2689 absolvere
1666 2641 1766 2692 eum.

344 2744 591 2823 Postmodum
626 2745 747 2821 dictus
777 2744 1144 2850 receptorprecepit
1174 2745 1207 2820 ei
1233 2744 1339 2849 quod
1365 2744 1601 2820 conculcaret
1630 2743 1769 2821 dictam

343 2902 510 2965 crucem,
530 2891 567 2951 et
580 2874 659 2978 ipse
674 2874 799 2951 noluit
814 2874 1045 2951 conculcare.
1068 2872 1150 2951 Alia
1169 2872 1301 2950 illicita
1319 2902 1395 2950 non
1415 2872 1548 2950 recolit
1567 2872 1718 2950 affuisse
1731 2875 1770 2952 in

345 3005 441 3081 dicta
462 3033 526 3082 sua
542 3006 762 3111 recepcione
787 3035 857 3082 nec
875 3023 976 3110 post,
1003 3034 1072 3083 nec
1087 3006 1155 3082 scit
1174 3005 1204 3083 si
1222 3004 1322 3081 dicta
1343 3004 1472 3080 illicita
1487 3003 1544 3079 vel
1565 3003 1636 3078 alia
1652 3003 1770 3080 inter-

342 3134 542 3212 veniebant
565 3136 605 3210 in
625 3136 908 3240 recepcionibus
932 3135 1097 3213 aliorum·
1122 3133 1181 3211 vel
1202 3151 1297 3240 post.
1330 3133 1461 3212 Credit
1483 3150 1611 3209 tamen
1638 3132 1769 3237 pocius

342 3266 448 3370 quod
475 3267 527 3341 sic
546 3293 660 3369 quam
683 3266 929 3354 contrarium,
955 3292 1170 3371 quanquam
1198 3264 1294 3340 nihil
1315 3264 1491 3340 illicitum
1515 3261 1650 3340 viderit
1664 3263 1767 3351 fieri,

344 3395 610 3500 superveniens
630 3396 670 3469 in
690 3396 908 3500 recepcione
926 3394 1049 3473 fratris
1070 3394 1228 3471 Gerardi
1257 3395 1303 3470 de
1327 3394 1553 3472 Virencourt
1575 3393 1769 3471 servientis

343 3544 428 3630 post
440 3525 688 3601 tradicionem
703 3523 871 3602 mantelli
888 3526 921 3602 ei
936 3524 1086 3613 saetam,
1106 3525 1246 3629 recepti
1261 3524 1300 3598 in
1313 3522 1453 3628 capella
1467 3522 1603 3599 domus
1616 3521 1768 3628 Templi

344 3656 390 3731 de
409 3657 632 3732 Virencourt
655 3656 846 3733 Tullensis
868 3656 1042 3746 diocesis,
1065 3684 1132 3760 per
1149 3653 1303 3730 fratrem
1322 3652 1532 3760 Aymonem
1554 3652 1630 3728 den
1648 3651 1767 3741 Zelet,

343 3804 432 3862 sunt
445 3815 545 3861 nunc
561 3787 706 3883 circiter
725 3814 800 3863 vnn
817 3786 921 3878 anni,
939 3785 1177 3891 presentibus
1197 3783 1374 3860 fratribus
1389 3781 1564 3858 Alberico
1580 3781 1628 3857 de
1644 3783 1770 3858 Νοοιι·Ι

343 3943 410 4023 roy
427 3918 621 4005 Bisuncio,
648 3917 754 4023 cujus
775 3944 983 4022 cognomen
1005 3916 1168 4022 ignorat,
1191 3931 1228 3991 et
1244 3913 1420 4019 pluribus
1444 3913 1527 3989 aliis
1548 3911 1767 3999 deffunctis3

343 4046 503 4122 aliorum
525 4042 808 4152 recepcionibus
828 4075 867 4122 se
890 4073 966 4122 non
986 4046 1118 4122 recolit
1137 4044 1298 4120 affuisse.
1322 4045 1435 4132 Item,
1458 4041 1551 4117 dixit
1571 4039 1677 4147 quod
1690 4038 1768 4144 ipse

343 4176 439 4254 bene
465 4177 642 4255 credebat
666 4174 922 4252 ecclesiasticis
952 4174 1209 4263 sacramentis,
1240 4172 1396 4249 credens
1420 4171 1523 4277 quod
1553 4169 1616 4245 alii
1638 4167 1770 4246 fratres

343 4308 487 4385 ordinis
515 4307 650 4382 eodem
676 4305 793 4382 modo
818 4305 1030 4395 crederent,
1059 4321 1096 4381 et
1121 4304 1225 4408 quod
1256 4330 1389 4378 eorum
1409 4300 1619 4378 sacerdotes
1640 4297 1769 4375 debite

343 4437 588 4514 celebrarent.
615 4437 749 4514 Statim
764 4465 834 4541 pro
850 4434 1027 4541 professis
1048 4433 1298 4520 habebantur,
1325 4448 1363 4508 et
1383 4430 1580 4508 dicebatur
1595 4430 1648 4507 eis
1663 4427 1770 4535 quod

343 4569 655 4645 excommunicati
681 4567 839 4645 luissent
860 4566 890 4644 si
918 4594 962 4643 ex
984 4583 1075 4643 tunc
1094 4564 1268 4642 ordinem
1293 4561 1500 4639 exivissent.
1525 4559 1767 4639 Clandestine

343 4695 632 4801 recipiebantur,
653 4696 768 4774 nullis
780 4696 1020 4802 presentibus
1034 4695 1106 4772 nisi
1122 4693 1299 4771 fratribus
1314 4693 1473 4782 ordinis,
1492 4721 1536 4768 ex
1550 4719 1628 4798 quo
1649 4689 1768 4767 credit

343 4826 448 4934 quod
458 4826 560 4933 juste
580 4829 638 4905 vel
658 4827 1016 4935 injustebaberetur
1034 4824 1197 4931 suspicio
1222 4839 1350 4901 contra
1371 4850 1447 4900 eos.
1469 4820 1646 4901 Cordulis
1665 4817 1766 4897 unde
