4236 5948
470 554 559 627 ,tos
854 493 1067 626 rsocts
1092 553 1187 624 nus
1214 545 1511 623 rsnrrmnns.
1577 520 1580 529 ’

484 714 520 771 et
537 694 725 782 observat,
750 711 787 768 et
808 720 875 797 per
894 721 935 768 ea
957 692 1074 768 credit
1094 693 1171 796 ipse
1193 709 1230 768 et
1253 691 1315 767 alii
1336 691 1465 767 fratres
1486 690 1574 766 dicti
1601 690 1764 778 ordinis,
1791 708 1902 795 prout

483 824 616 910 credit,
634 824 680 899 ad
698 823 855 900 salutern
875 823 1085 899 animarum
1105 839 1141 898 et
1161 851 1357 928 corporum
1377 821 1568 928 pervenire
1589 820 1739 897 debere.

541 954 599 1030 Ad
618 979 852 1029 xxx—xxxin
870 950 1043 1027 articulos
1062 951 1258 1040 inclusive,
1278 952 1477 1056 diligenter
1488 966 1526 1026 et
1543 948 1728 1055 sigillatim
1750 950 1906 1025 interro-

484 1101 607 1189 gatuS,
628 1083 857 1188 respondens
877 1083 1021 1186 negavit
1035 1082 1135 1186 ipsos
1151 1100 1188 1159 et
1206 1099 1379 1158 contenta
1399 1080 1508 1157 ineis
1529 1097 1565 1155 et
1585 1079 1739 1185 singulis
1757 1107 1905 1156 eorum-

486 1213 588 1301 dem,
604 1230 756 1318 excepto
772 1211 899 1291 osculo
916 1212 990 1290 oris
1004 1188 1149 1288 tanttim
1166 1239 1242 1316 quo
1258 1228 1414 1288 utuntur
1428 1209 1611 1324 recipiens
1631 1228 1669 1285 et
1687 1227 1868 1314 receptus.

540 1342 597 1417 Ad
616 1368 912 1420 xxxiiii—mvn
927 1341 1100 1418 articulos
1112 1341 1306 1434 inclusive,
1325 1341 1524 1444 diligenter
1539 1356 1578 1414 et
1596 1339 1781 1446 sigillatim
1795 1341 1906 1416 inter-

485 1491 633 1579 rogatus
647 1473 857 1580 respondit,
881 1489 918 1548 et
932 1489 1104 1553 contenta
1124 1473 1161 1547 in
1183 1471 1257 1549 illis
1276 1500 1360 1548 vera
1376 1498 1454 1546 esse
1475 1469 1620 1546 fatetur.

543 1603 601 1678 Ad
616 1601 866 1680 xxxvffl-lvu
879 1601 1055 1678 articulos
1071 1601 1265 1686 inclusive,
1284 1599 1483 1707 diligenter
1501 1614 1538 1675 et
1552 1599 1738 1705 sigillatim
1752 1600 1906 1676 interro

485 1750 606 1837 gatus,
637 1732 781 1837 negavit
806 1731 889 1808 illos
915 1730 1090 1807 articulos
1116 1748 1152 1806 et
1176 1747 1350 1806 contenta
1374 1730 1412 1803 in
1437 1727 1510 1803 illis
1538 1728 1766 1834 simpliciter,
1794 1749 1906 1833 prout

485 1879 633 1953 sonant,
655 1878 829 1965 tanquam
852 1860 1034 1948 inaudita,
1057 1860 1242 1966 incognita
1263 1875 1300 1935 et
1318 1860 1444 1964 ignota
1468 1857 1508 1932 in
1530 1857 1663 1934 ordine
1682 1858 1829 1964 Templi
1850 1858 1905 1934 vel

486 1994 524 2068 in
540 1992 661 2097 aliqua
680 2009 782 2096 parte
802 1991 899 2097 ejus,
913 2008 1025 2095 prout
1044 1990 1163 2065 credit
1179 1990 1225 2065 de
1246 1989 1420 2066 omnibus
1436 1986 1626 2074 fratribus,
1644 2005 1683 2063 et
1705 1988 1772 2063 scit
1796 2004 1833 2063 et
1851 2016 1906 2063 as·

486 2122 575 2196 serit
590 2119 637 2195 de
657 2149 696 2195 se
717 2121 810 2227 ips0.

542 2248 597 2323 Ad
618 2248 849 2326 lvur—lxvnt
870 2250 1044 2325 articulos
1060 2249 1254 2336 inclusive,
1273 2247 1473 2353 diligenter
1493 2265 1531 2323 et
1545 2246 1730 2354 sigillatim
1751 2248 1907 2323 interro·

485 2377 609 2484 gatils,
625 2379 768 2483 negavit
780 2378 879 2484 ipsos
893 2378 1067 2455 articulos
1084 2395 1119 2454 et
1134 2378 1259 2454 omnia
1274 2395 1311 2455 et
1326 2377 1467 2482 singula
1484 2394 1654 2453 contenta
1671 2377 1709 2452 in
1723 2376 1792 2464 eis,
1809 2376 1906 2454 salvo
1987 2393 1990 2398 ’

487 2524 524 2583 et
545 2525 696 2612 excepto
712 2508 832 2612 quod,
855 2508 893 2582 in
913 2509 1132 2613 recepcione
1155 2535 1219 2583 sua
1241 2525 1277 2583 et
1296 2507 1452 2583 fratrum
1476 2507 1564 2583 dicti
1585 2506 1726 2583 ordinis
1743 2505 1906 2612 quorum

485 2636 694 2742 recepcioni
715 2637 840 2742 sepius
857 2636 978 2725 affuit,
1001 2637 1143 2744 injungi
1163 2636 1256 2712 vidit
1277 2654 1314 2712 et
1331 2636 1503 2712 audivita
1527 2654 1718 2741 receptore
1739 2654 1782 2713 ut
1798 2665 1907 2743 quas-

488 2766 573 2841 dam
588 2766 761 2844 cordulas
779 2765 959 2873 recipiant
974 2783 1011 2842 et
1025 2784 1177 2870 portent
1196 2766 1389 2853 continue,
1408 2765 1469 2841 die
1483 2783 1690 2872 noctuque,
1706 2766 1746 2842 in
1761 2767 1907 2873 signum

487 2897 660 2973 castitatis
680 2913 717 2972 et
735 2896 940 2972 honestatis
960 2894 1154 3001 areceptis
1168 2895 1363 3000 promisse,

542 3026 643 3103 Dixit
658 3043 784 3102 tamen
803 3026 907 3133 quod
926 3055 1011 3103 cum
1029 3026 1137 3103 dictis
1152 3024 1316 3102 cordulis
1330 3051 1399 3101 nec
1411 3025 1528 3131 capita
1547 3054 1615 3103 nec
1627 3026 1737 3132 ydola
1756 3045 1908 3132 tangun-

486 3176 547 3232 tur
556 3156 607 3232 de
623 3155 760 3261 quibus
781 3157 902 3262 agitur
922 3158 961 3231 in
977 3156 1140 3232 articulis
1156 3154 1363 3260 prelibatis,
1383 3183 1451 3231 nec
1467 3156 1605 3232 audivit
1625 3155 1671 3231 de
1688 3157 1788 3233 dicto
1808 3173 1908 3233 tactu

487 3314 652 3392 unquam
670 3287 708 3361 in
729 3286 810 3390 ipso
826 3286 958 3362 ordine
974 3285 1053 3362 lieri
1074 3287 1315 3362 mentionem.

544 3416 601 3492 Ad
624 3416 864 3492 lxix—lxxxu
878 3415 1053 3492 articulos
1073 3416 1265 3503 inclusive,
1288 3416 1485 3523 diligenter
1505 3435 1542 3493 et
1560 3417 1746 3524 sigillatim
1759 3418 1909 3493 interro-

488 3563 608 3651 gatus,
630 3546 863 3651 respondens
882 3546 1028 3652 negavit
1056 3547 1156 3652 ipsos
1183 3545 1358 3622 articulos
1384 3561 1421 3622 et
1448 3548 1572 3623 omnia
1599 3564 1635 3624 et
1659 3546 1805 3652 singula
1825 3574 1909 3625 con·

487 3675 589 3750 tenta
606 3674 645 3750 in
666 3674 735 3763 eis,
757 3675 856 3752 salvo
872 3693 908 3752 et
929 3693 1081 3781 excepto
1101 3675 1221 3780 quod,
1239 3692 1408 3781 tempore
1424 3705 1491 3753 sne
1506 3677 1752 3782 recepcionis,
1774 3677 1909 3784 juravit

488 3819 621 3880 statuta
635 3820 672 3896 et
687 3804 977 3882 consuetudines
998 3821 1035 3880 et
1050 3833 1172 3880 mores
1185 3803 1307 3882 bonos
1320 3804 1409 3881 dicti
1426 3805 1567 3882 ordinis
1582 3805 1728 3912 Templi
1747 3834 1907 3894 servare3

489 3935 683 4039 interque
709 3933 799 4008 dicit
824 3962 903 4009 esse
928 3951 1055 4011 tenere
1071 3952 1220 4010 secreta
1246 3933 1398 4040 capituli
1423 3953 1606 4041 quantum
1626 3937 1907 4022 adextraneos,

489 4091 634 4139 necnon
651 4064 776 4167 quoad
792 4063 883 4140 alios
898 4064 1029 4141 fratres
1049 4064 1136 4141 dicti
1154 4064 1295 4141 ordinis
1314 4065 1380 4171 qui
1401 4093 1420 4140 a
1440 4064 1609 4170 capitulis
1625 4065 1837 4142 abfuerunt.

546 4195 637 4268 ltem
656 4193 803 4270 addidit
822 4194 927 4300 quod
947 4193 1002 4269 illi
1019 4196 1082 4300 qui
1105 4222 1248 4272 errores
1269 4213 1462 4272 contentos
1475 4197 1513 4272 in
1528 4196 1636 4273 dictis
1651 4196 1814 4273 articulis
1826 4213 1911 4273 sunt

492 4322 665 4411 confessi,
681 4324 746 4430 qni
762 4324 878 4400 eciam
896 4324 1028 4401 fratres
1049 4324 1136 4401 dicti
1153 4326 1294 4402 ordinis
1313 4327 1557 4432 appellantur,
1577 4326 1668 4403 dixit
1687 4355 1726 4402 se
1742 4354 1819 4404 non
1834 4355 1910 4402 cre-

492 4453 581 4528 dere
593 4452 723 4530 fratres
738 4453 869 4543 fuisse,
887 4455 1010 4531 necin
1030 4456 1324 4534 confessionibus
1335 4459 1413 4534 suis
1426 4486 1511 4534 vera
1527 4457 1677 4547 dixisse,
1694 4485 1781 4564 ymo
1797 4456 1912 4533 credit

491 4584 591 4685 ipsos
619 4599 656 4658 et
682 4610 811 4659 eorum
837 4585 1002 4692 singulos
1029 4603 1156 4662 contra
1184 4588 1375 4663 veritatem
1405 4585 1491 4664 falsa
1520 4587 1653 4663 dixisse
1680 4604 1715 4663 et
1740 4588 1780 4662 in
1806 4603 1911 4692 caput

491 4740 603 4787 suum
622 4730 797 4790 mentrtos
817 4743 909 4792 esse.

549 4841 606 4918 Ad
619 4842 753 4932 hxxur,
765 4843 900 4922 lxrtruu
915 4863 953 4928 et
962 4847 1070 4924 lxxxv.
1080 4850 1252 4926 articulos
1261 4849 1450 4936 inclusive,
1465 4848 1664 4954 diligenter
1676 4864 1712 4923 et
1726 4845 1909 4953 sigillatim
