4236 5948
765 522 962 615 recens
988 543 1082 613 oss
1110 540 1411 616 reuertens.
1749 553 1795 623 rs

380 679 553 786 expositis
572 678 643 756 sibi
659 678 838 758 omnibus
857 698 896 758 et
914 681 1070 789 singulis
1090 683 1265 772 articulis,
1284 688 1481 792 respondit
1501 716 1539 765 se
1554 691 1709 776 nescire,
1728 720 1799 768 nec
1843 700 1847 706 ’

379 809 545 899 credere,
576 838 646 888 nec
664 810 847 889 audivisse
877 812 950 889 dici
972 812 1019 889 de
1041 815 1227 892 contentis
1251 815 1290 892 in
1313 816 1366 893 eis
1388 816 1467 893 nisi·
1485 819 1590 924 quod
1611 822 1794 926 seqnitur.

379 941 482 1021 Dixit·
494 967 633 1047 nempe
653 968 692 1017 se
707 939 821 1017 luisse
836 958 1028 1048 receptum
1045 943 1084 1019 in
1100 944 1242 1050 capella
1264 944 1400 1023 domus
1415 946 1567 1052 Templi
1585 949 1799 1058 deboyson

381 1071 603 1148 llorinensis
623 1071 796 1158 diocesis,
817 1100 886 1178 per
905 1072 1054 1150 fratrem
1078 1073 1257 1152 Helinum
1278 1075 1439 1153 militem
1457 1079 1671 1182 qnondam,
1689 1081 1800 1187 cujus

381 1229 588 1310 cognomen
623 1202 785 1309 ignorat,
821 1202 869 1280 de
906 1203 1082 1280 mandato
1116 1204 1237 1282 fratris
1272 1206 1454 1283 lobannis
1484 1208 1531 1284 de
1565 1206 1662 1286 Villa
1699 1211 1799 1287 Nova

381 1331 570 1438 quondam
590 1334 930 1440 tunc-preceptoris
946 1333 1096 1411 ballivie
1117 1336 1164 1411 de
1185 1336 1358 1423 Pontivo,
1383 1338 1478 1414 circa
1498 1337 1641 1415 instans
1655 1337 1798 1416 festum

381 1462 577 1539 nativitatis
599 1461 698 1540 beati
731 1463 913 1540 lobannis
937 1463 1101 1569 Baptista
1130 1481 1243 1543 erunt
1275 1468 1405 1545 decem
1431 1484 1469 1543 et
1494 1486 1579 1545 octo
1616 1469 1701 1544 anni
1740 1469 1800 1547 vel

382 1592 489 1677 circa,
504 1592 744 1698 presentibus
760 1592 937 1671 fratribus
957 1595 1096 1672 Anrico
1115 1594 1165 1672 de
1179 1595 1274 1673 Gres
1292 1613 1330 1674 et
1350 1598 1520 1675 iohanne
1542 1599 1588 1674 de
1610 1598 1799 1675 Renavilla

381 1720 641 1811 servientibus,
664 1722 881 1811 deffunctis,
907 1724 946 1799 in
976 1725 1077 1800 hunc
1096 1725 1284 1802 modum:
1312 1754 1398 1801 nam
1431 1748 1523 1807 cuna
1541 1728 1716 1834 peciisset
1740 1729 1799 1805 iu-

379 1869 517 1929 stanter
534 1871 573 1929 et
591 1852 809 1960 frequenter
824 1882 960 1960 panem
977 1873 1016 1932 et
1030 1882 1166 1962 aquam
1177 1855 1322 1932 ordinis
1338 1874 1375 1932 et
1391 1858 1425 1932 ei
1438 1884 1612 1934 concessa
1628 1856 1797 1948 fuissent,

379 1986 532 2091 prestito
559 2014 627 2093 per
645 1987 904 2095 juramentum
930 1987 1035 2093 quod
1048 2016 1140 2065 non
1164 2007 1244 2066 erat
1268 1992 1633 2090 excommunicatus,
1655 1989 1799 2066 servilis

380 2114 627 2203 condicionis,
656 2145 726 2193 nec
747 2117 1011 2205 matrimonio,
1037 2143 1108 2195 nec
1127 2118 1234 2195 alteri
1254 2118 1445 2227 religioni,
1468 2148 1538 2197 nec
1563 2120 1701 2197 debitis
1724 2150 1798 2227 que

378 2245 519 2324 solvere
549 2275 626 2324 non
652 2265 779 2354 posset
801 2247 1004 2355 obligatus,
1031 2275 1101 2325 nec
1129 2249 1292 2326 habebat
1316 2250 1574 2328 infirmitatem
1600 2251 1796 2343 latentem,

361 2375 464 2493 'lecit
480 2405 570 2454 eum
589 2406 721 2454 vovere
743 2395 781 2455 et
795 2379 923 2484 jurare
943 2407 1057 2484 super
1076 2378 1281 2484 quemdam
1303 2379 1443 2457 librum
1464 2382 1688 2472 castitatem,
1706 2381 1799 2458 obe-

339 2478 352 2501 .
379 2509 581 2597 dienciam‚
598 2510 718 2587 vivere
739 2511 820 2587 sine
838 2512 1008 2617 proprio,
1030 2519 1175 2588 servare
1193 2510 1317 2588 bonos
1336 2538 1429 2588 usus
1448 2511 1621 2588 athenas
1638 2540 1798 2589 consue-

371 2608 528 2717 ludines
546 2639 706 2727 ordinis,
729 2660 767 2718 et
786 2641 891 2748 quod
916 2669 993 2717 non
1011 2641 1208 2718 interesset
1226 2640 1312 2718 loco
1331 2642 1370 2717 in
1390 2669 1470 2747 quo
1495 2642 1630 2749 aliquis
1650 2643 1799 2719 exhere·
1889 2690 1907 2721 -.

379 2771 529 2847 daretur
546 2771 704 2877 injustes
730 2789 768 2847 et
794 2771 970 2876 imposito
985 2769 1184 2858 mantello,
1209 2770 1296 2846 feeit
1321 2771 1447 2876 ipsum
1475 2789 1611 2849 testem
1637 2771 1798 2849 osculari

379 2928 528 2978 crucem
552 2898 783 2975 metallinam
809 2898 881 2976 sibi
904 2898 1100 2984 traditam,
1127 2915 1166 2973 et
1191 2899 1435 3005 postmodum
1464 2901 1543 3004 ipse
1568 2917 1741 3006 receptor.
1761 2919 1799 2977 et

379 3049 539 3110 astantes
564 3030 720 3109 luerunt
744 3030 868 3136 ipsum
891 3047 1028 3106 testem
1050 3027 1206 3107 osculati
1227 3029 1265 3105 in
1287 3057 1364 3106 ore.
1391 3029 1480 3122 Quo
1503 3029 1685 3107 instructo
1706 3048 1799 3136 quot

379 3167 490 3242 Pater
509 3180 624 3240 noster
642 3190 710 3268 pro
730 3161 833 3239 boris
855 3161 933 3238 suis
951 3160 1095 3237 diceret
1115 3177 1154 3236 et
1172 3158 1334 3266 qualiter
1355 3188 1396 3236 se
1417 3159 1455 3236 in
1475 3159 1611 3238 ordine
1631 3176 1795 3266 regeret,

379 3311 629 3381 recesserunt,
649 3291 757 3369 nullo
776 3291 908 3369 illicito
924 3292 1023 3367 dicta
1043 3291 1105 3367 die
1123 3290 1220 3368 lacto
1240 3290 1299 3368 vel
1319 3289 1598 3398 dictorElapsis
1616 3318 1704 3367 vero
1722 3303 1800 3368 mr*

378 3424 532 3515 diebus,
575 3424 729 3530 qnidam
772 3422 883 3499 miles
920 3422 1082 3512 ordinis,
1122 3422 1218 3498 duos
1259 3421 1391 3501 fratres
1430 3423 1633 3498 servientes
1671 3448 1799 3499 secum

379 3555 539 3642 ducens,
559 3581 724 3661 quorum
743 3553 897 3629 nomina
917 3571 957 3631 ct
976 3553 1199 3661 cognomina
1222 3552 1385 3658 ignorat,
1409 3551 1651 3657 proficiscens
1671 3578 1800 3629 versus

381 3684 567 3792 Angliam,
584 3700 622 3760 et
636 3711 705 3790 per
725 3682 930 3790 predictam
944 3684 1105 3759 domum
1118 3681 1165 3759 de
1180 3683 1330 3788 boysen
1347 3683 1548 3759 transitum
1565 3681 1719 3770 iaciens,
1739 3698 1801 3757 au·
1893 3669 1898 3677 ¹

378 3816 457 3896 dito
477 3817 582 3923 quod
604 3816 727 3893 dictus
750 3815 858 3891 testis
876 3814 1024 3892 noviter
1046 3828 1220 3919 receptus
1242 3811 1384 3905 fuerat,
1410 3813 1553 3889 vocavit
1569 3812 1695 3918 ipsum
1716 3828 1801 3916 post

379 3947 580 4051 prandium
607 3947 655 4021 ad
688 3944 891 4052 quamdam
925 3970 1128 4030 eameramr
1158 3959 1197 4019 et
1220 3941 1349 4020 clauso
1379 3942 1503 4030 ostio,
1532 3939 1698 4018 ostendit
1728 3939 1800 4017 sibi

379 4077 581 4182 quamdam
595 4103 744 4152 erucem
754 4075 919 4182 ligneam
928 4070 1149 4179 depositam,
1167 4073 1287 4150 nescit
1300 4099 1494 4179 perquem
1509 4069 1672 4156 allatam,
1685 4096 1800 4173 quam

381 4208 418 4284 ‘at
433 4235 548 4285 mann
562 4235 628 4284 sna
637 4204 807 4295 tenebat,
822 4221 862 4282 et
872 4202 1134 4281 assistentibus
1153 4201 1225 4280 sibi
1253 4201 1364 4279 dictis
1379 4199 1532 4279 &obus
1548 4197 1798 4288 serventibus,

379 4339 546 4444 precepit
567 4338 692 4415 eidem
709 4335 795 4413 testi
818 4336 924 4441 quod
941 4334 1145 4440 abnegaret
1160 4333 1289 4410 *Deum
1309 4349 1348 4409 et
1368 4331 1511 4411 dictam
1533 4355 1704 4415 crucem
1722 4351 1800 4431 qno

378 4469 631 4576 respondente
655 4497 697 4548 se
726 4468 800 4546 boc
827 4465 937 4544 nullo
963 4466 1079 4543 modo
1104 4460 1291 4541 factorum
1316 4479 1358 4540 et
1374 4462 1482 4569 quod
1498 4487 1576 4539 non
1600 4458 1803 4564 abnegm

380 4617 586 4678 mentorem
602 4628 736 4690 suum,
755 4598 850 4677 dixit
867 4598 904 4673 ei
921 4596 1030 4704 quod
1047 4595 1171 4672 atatim
1192 4593 1398 4700 abnegaret
1426 4592 1563 4670 dietant
1587 4606 1738 4687 crucem
1759 4606 1802 4666 at

378 4749 533 4837 queret
558 4759 671 4836 surpra
697 4758 797 4819 eam,
825 4729 915 4834 quia
939 4727 992 4804 ita
1007 4724 1201 4804 iaciebant
1224 4723 1288 4801 alii
1310 4721 1443 4801 nanu
1464 4719 1803 4811 ordinissst-tne

382 4860 504 4940 &tm
527 4860 655 4952 miles,
679 4861 811 4938 videns
829 4856 1203 4966 ejusreaistsneiam,
1220 4853 1314 4933 diait
1337 4853 1440 4961 :Ego
1459 4850 1652 4940 mandante
1665 4866 1803 4929 etcras

1649 5022 1695 5068 10·
