<?xml version="1.0" encoding="UTF-8"?>
<!DOCTYPE html PUBLIC "-//W3C//DTD XHTML 1.0 Transitional//EN"
    "http://www.w3.org/TR/xhtml1/DTD/xhtml1-transitional.dtd">
<html xmlns="http://www.w3.org/1999/xhtml" xml:lang="en" lang="en">
 <head>
  <title>
</title>
<meta http-equiv="Content-Type" content="text/html;charset=utf-8" />
  <meta name='ocr-system' content='tesseract 3.04.00' />
  <meta name='ocr-capabilities' content='ocr_page ocr_carea ocr_par ocr_line ocrx_word'/>
</head>
<body>
  <div class='ocr_page' id='page_1' title='image "./procsdestemplie00defegoog/procsdestemplie00defegoog_0343.png"; bbox 0 0 4236 5948; ppageno 0'>
   <div class='ocr_carea' id='block_1_1' title="bbox 728 522 1753 616">
    <p class='ocr_par' dir='ltr' id='par_1_1' title="bbox 728 522 1753 616">
     <span class='ocr_line' id='line_1_1' title="bbox 728 522 1753 616; baseline 0.003 -5"><span class='ocrx_word' id='word_1_1' title='bbox 728 522 922 613; x_wconf 75' lang='lat' dir='ltr'>rnocts</span> <span class='ocrx_word' id='word_1_2' title='bbox 948 540 1043 612; x_wconf 82' lang='lat' dir='ltr'>oss</span> <span class='ocrx_word' id='word_1_3' title='bbox 1069 539 1371 614; x_wconf 79' lang='lat' dir='ltr'>rrummns.</span> <span class='ocrx_word' id='word_1_4' title='bbox 1684 546 1753 616; x_wconf 80' lang='lat'>321</span> 
     </span>
    </p>
   </div>
   <div class='ocr_carea' id='block_1_2' title="bbox 341 678 1763 2349">
    <p class='ocr_par' dir='ltr' id='par_1_2' title="bbox 341 678 1763 2349">
     <span class='ocr_line' id='line_1_2' title="bbox 341 678 1759 788; baseline -0.001 -29"><span class='ocrx_word' id='word_1_5' title='bbox 341 698 380 759; x_wconf 86' lang='lat' dir='ltr'>ot</span> <span class='ocrx_word' id='word_1_6' title='bbox 393 678 570 756; x_wconf 89' lang='lat' dir='ltr'>mantello</span> <span class='ocrx_word' id='word_1_7' title='bbox 591 679 662 756; x_wconf 92' lang='lat' dir='ltr'>sibi</span> <span class='ocrx_word' id='word_1_8' title='bbox 679 678 725 755; x_wconf 89' lang='lat' dir='ltr'>ad</span> <span class='ocrx_word' id='word_1_9' title='bbox 741 679 881 757; x_wconf 93' lang='lat' dir='ltr'>collum</span> <span class='ocrx_word' id='word_1_10' title='bbox 901 678 1040 786; x_wconf 93' lang='lat' dir='ltr'>posito,</span> <span class='ocrx_word' id='word_1_11' title='bbox 1057 679 1178 757; x_wconf 91' lang='lat' dir='ltr'>dictus</span> <span class='ocrx_word' id='word_1_12' title='bbox 1192 682 1374 787; x_wconf 92' lang='lat' dir='ltr'>recipiens</span> <span class='ocrx_word' id='word_1_13' title='bbox 1389 682 1556 787; x_wconf 83' lang='lat' dir='ltr'>precepit</span> <span class='ocrx_word' id='word_1_14' title='bbox 1570 681 1640 758; x_wconf 93' lang='lat' dir='ltr'>sibi</span> <span class='ocrx_word' id='word_1_15' title='bbox 1656 683 1759 788; x_wconf 91' lang='lat' dir='ltr'>quod</span> 
     </span>
     <span class='ocr_line' id='line_1_3' title="bbox 342 808 1759 919; baseline -0.001 -30"><span class='ocrx_word' id='word_1_16' title='bbox 342 809 571 888; x_wconf 78' lang='lat' dir='ltr'>oscularetur</span> <span class='ocrx_word' id='word_1_17' title='bbox 581 838 668 886; x_wconf 93' lang='lat' dir='ltr'>eum</span> <span class='ocrx_word' id='word_1_18' title='bbox 683 810 721 884; x_wconf 93' lang='lat' dir='ltr'>in</span> <span class='ocrx_word' id='word_1_19' title='bbox 732 810 930 901; x_wconf 81' lang='lat' dir='ltr'>umbilie03</span> <span class='ocrx_word' id='word_1_20' title='bbox 946 810 1049 916; x_wconf 91' lang='lat' dir='ltr'>quod</span> <span class='ocrx_word' id='word_1_21' title='bbox 1065 808 1163 887; x_wconf 86' lang='lat' dir='ltr'>lecit.</span> <span class='ocrx_word' id='word_1_22' title='bbox 1177 811 1278 887; x_wconf 83' lang='lat' dir='ltr'>Dixit</span> <span class='ocrx_word' id='word_1_23' title='bbox 1298 812 1414 887; x_wconf 85' lang='lat' dir='ltr'>eciam</span> <span class='ocrx_word' id='word_1_24' title='bbox 1430 841 1498 917; x_wconf 92' lang='lat' dir='ltr'>per</span> <span class='ocrx_word' id='word_1_25' title='bbox 1505 812 1759 919; x_wconf 89' lang='lat' dir='ltr'>juramentum</span> 
     </span>
     <span class='ocr_line' id='line_1_4' title="bbox 341 940 1760 1048; baseline -0.002 -28"><span class='ocrx_word' id='word_1_26' title='bbox 341 970 450 1020; x_wconf 90' lang='lat' dir='ltr'>suum</span> <span class='ocrx_word' id='word_1_27' title='bbox 471 940 575 1048; x_wconf 90' lang='lat' dir='ltr'>quod</span> <span class='ocrx_word' id='word_1_28' title='bbox 594 942 633 1016; x_wconf 94' lang='lat' dir='ltr'>in</span> <span class='ocrx_word' id='word_1_29' title='bbox 652 941 841 1045; x_wconf 88' lang='lat' dir='ltr'>presencia</span> <span class='ocrx_word' id='word_1_30' title='bbox 869 941 1039 1017; x_wconf 91' lang='lat' dir='ltr'>omnium</span> <span class='ocrx_word' id='word_1_31' title='bbox 1062 941 1205 1016; x_wconf 87' lang='lat' dir='ltr'>ibidem</span> <span class='ocrx_word' id='word_1_32' title='bbox 1230 942 1480 1018; x_wconf 89' lang='lat' dir='ltr'>assistencium</span> <span class='ocrx_word' id='word_1_33' title='bbox 1506 944 1669 1019; x_wconf 85' lang='lat' dir='ltr'>ostendit</span> <span class='ocrx_word' id='word_1_34' title='bbox 1689 943 1760 1019; x_wconf 90' lang='lat' dir='ltr'>sibi</span> 
     </span>
     <span class='ocr_line' id='line_1_5' title="bbox 341 1070 1760 1178; baseline -0.002 -29"><span class='ocrx_word' id='word_1_35' title='bbox 341 1073 541 1178; x_wconf 86' lang='lat' dir='ltr'>quamdam</span> <span class='ocrx_word' id='word_1_36' title='bbox 560 1098 723 1158; x_wconf 88' lang='lat' dir='ltr'>cmcem,</span> <span class='ocrx_word' id='word_1_37' title='bbox 743 1089 780 1147; x_wconf 87' lang='lat' dir='ltr'>et</span> <span class='ocrx_word' id='word_1_38' title='bbox 798 1070 911 1177; x_wconf 89' lang='lat' dir='ltr'>peciit</span> <span class='ocrx_word' id='word_1_39' title='bbox 931 1071 976 1147; x_wconf 93' lang='lat' dir='ltr'>ab</span> <span class='ocrx_word' id='word_1_40' title='bbox 999 1099 1044 1146; x_wconf 91' lang='lat' dir='ltr'>eo</span> <span class='ocrx_word' id='word_1_41' title='bbox 1064 1070 1166 1145; x_wconf 88' lang='lat' dir='ltr'>idem</span> <span class='ocrx_word' id='word_1_42' title='bbox 1183 1072 1365 1176; x_wconf 89' lang='lat' dir='ltr'>recipiens</span> <span class='ocrx_word' id='word_1_43' title='bbox 1385 1089 1513 1149; x_wconf 89' lang='lat' dir='ltr'>utrum</span> <span class='ocrx_word' id='word_1_44' title='bbox 1533 1072 1702 1150; x_wconf 88' lang='lat' dir='ltr'>crederet</span> <span class='ocrx_word' id='word_1_45' title='bbox 1722 1074 1760 1147; x_wconf 94' lang='lat' dir='ltr'>in</span> 
     </span>
     <span class='ocr_line' id='line_1_6' title="bbox 342 1200 1759 1309; baseline -0.001 -30"><span class='ocrx_word' id='word_1_46' title='bbox 342 1202 405 1280; x_wconf 94' lang='lat' dir='ltr'>illo</span> <span class='ocrx_word' id='word_1_47' title='bbox 431 1203 496 1309; x_wconf 90' lang='lat' dir='ltr'>qui</span> <span class='ocrx_word' id='word_1_48' title='bbox 522 1230 650 1306; x_wconf 90' lang='lat' dir='ltr'>passus</span> <span class='ocrx_word' id='word_1_49' title='bbox 670 1200 790 1277; x_wconf 84' lang='lat' dir='ltr'>luerat</span> <span class='ocrx_word' id='word_1_50' title='bbox 809 1202 849 1277; x_wconf 92' lang='lat' dir='ltr'>in</span> <span class='ocrx_word' id='word_1_51' title='bbox 870 1229 993 1289; x_wconf 89' lang='lat' dir='ltr'>cruce,</span> <span class='ocrx_word' id='word_1_52' title='bbox 1019 1218 1056 1276; x_wconf 92' lang='lat' dir='ltr'>et</span> <span class='ocrx_word' id='word_1_53' title='bbox 1079 1200 1159 1305; x_wconf 89' lang='lat' dir='ltr'>ipse</span> <span class='ocrx_word' id='word_1_54' title='bbox 1185 1201 1276 1277; x_wconf 85' lang='lat' dir='ltr'>dixit</span> <span class='ocrx_word' id='word_1_55' title='bbox 1300 1201 1405 1308; x_wconf 92' lang='lat' dir='ltr'>quod</span> <span class='ocrx_word' id='word_1_56' title='bbox 1428 1203 1495 1291; x_wconf 89' lang='lat' dir='ltr'>sic,</span> <span class='ocrx_word' id='word_1_57' title='bbox 1524 1218 1560 1277; x_wconf 89' lang='lat' dir='ltr'>et</span> <span class='ocrx_word' id='word_1_58' title='bbox 1582 1219 1673 1278; x_wconf 90' lang='lat' dir='ltr'>tunc</span> <span class='ocrx_word' id='word_1_59' title='bbox 1699 1203 1759 1278; x_wconf 90' lang='lat' dir='ltr'>ille</span> 
     </span>
     <span class='ocr_line' id='line_1_7' title="bbox 342 1330 1762 1439; baseline -0.003 -29"><span class='ocrx_word' id='word_1_60' title='bbox 342 1333 508 1439; x_wconf 81' lang='lat' dir='ltr'>precepit</span> <span class='ocrx_word' id='word_1_61' title='bbox 527 1332 598 1409; x_wconf 89' lang='lat' dir='ltr'>sibi</span> <span class='ocrx_word' id='word_1_62' title='bbox 619 1331 722 1437; x_wconf 91' lang='lat' dir='ltr'>quod</span> <span class='ocrx_word' id='word_1_63' title='bbox 742 1333 938 1437; x_wconf 82' lang='lat' dir='ltr'>abnegaret</span> <span class='ocrx_word' id='word_1_64' title='bbox 957 1331 1112 1406; x_wconf 89' lang='lat' dir='ltr'>lhesum</span> <span class='ocrx_word' id='word_1_65' title='bbox 1132 1330 1323 1407; x_wconf 86' lang='lat' dir='ltr'>Christum</span> <span class='ocrx_word' id='word_1_66' title='bbox 1343 1349 1409 1420; x_wconf 89' lang='lat' dir='ltr'>ter,</span> <span class='ocrx_word' id='word_1_67' title='bbox 1432 1348 1468 1408; x_wconf 93' lang='lat' dir='ltr'>et</span> <span class='ocrx_word' id='word_1_68' title='bbox 1487 1332 1589 1437; x_wconf 91' lang='lat' dir='ltr'>quod</span> <span class='ocrx_word' id='word_1_69' title='bbox 1610 1349 1762 1436; x_wconf 87' lang='lat' dir='ltr'>spueret</span> 
     </span>
     <span class='ocr_line' id='line_1_8' title="bbox 341 1459 1760 1568; baseline -0.003 -29"><span class='ocrx_word' id='word_1_70' title='bbox 341 1480 398 1540; x_wconf 89' lang='lat' dir='ltr'>ter</span> <span class='ocrx_word' id='word_1_71' title='bbox 416 1491 526 1568; x_wconf 88' lang='lat' dir='ltr'>supra</span> <span class='ocrx_word' id='word_1_72' title='bbox 541 1491 709 1548; x_wconf 91' lang='lat' dir='ltr'>crucem,</span> <span class='ocrx_word' id='word_1_73' title='bbox 727 1479 764 1538; x_wconf 87' lang='lat' dir='ltr'>et</span> <span class='ocrx_word' id='word_1_74' title='bbox 783 1463 856 1538; x_wconf 91' lang='lat' dir='ltr'>boc</span> <span class='ocrx_word' id='word_1_75' title='bbox 875 1461 953 1566; x_wconf 90' lang='lat' dir='ltr'>ipse</span> <span class='ocrx_word' id='word_1_76' title='bbox 972 1459 1060 1535; x_wconf 86' lang='lat' dir='ltr'>lecit</span> <span class='ocrx_word' id='word_1_77' title='bbox 1078 1478 1146 1536; x_wconf 89' lang='lat' dir='ltr'>ter.</span> <span class='ocrx_word' id='word_1_78' title='bbox 1168 1461 1269 1537; x_wconf 85' lang='lat' dir='ltr'>Dixit</span> <span class='ocrx_word' id='word_1_79' title='bbox 1290 1462 1406 1536; x_wconf 85' lang='lat' dir='ltr'>eciam</span> <span class='ocrx_word' id='word_1_80' title='bbox 1426 1488 1493 1566; x_wconf 88' lang='lat' dir='ltr'>per</span> <span class='ocrx_word' id='word_1_81' title='bbox 1507 1460 1760 1567; x_wconf 85' lang='lat' dir='ltr'>juramentum</span> 
     </span>
     <span class='ocr_line' id='line_1_9' title="bbox 342 1590 1762 1699; baseline -0.003 -29"><span class='ocrx_word' id='word_1_82' title='bbox 342 1621 451 1670; x_wconf 89' lang='lat' dir='ltr'>suum</span> <span class='ocrx_word' id='word_1_83' title='bbox 467 1592 570 1699; x_wconf 92' lang='lat' dir='ltr'>quod</span> <span class='ocrx_word' id='word_1_84' title='bbox 585 1592 742 1698; x_wconf 90' lang='lat' dir='ltr'>injunxit</span> <span class='ocrx_word' id='word_1_85' title='bbox 761 1592 831 1667; x_wconf 91' lang='lat' dir='ltr'>sibi</span> <span class='ocrx_word' id='word_1_86' title='bbox 854 1592 973 1667; x_wconf 92' lang='lat' dir='ltr'>dictus</span> <span class='ocrx_word' id='word_1_87' title='bbox 993 1607 1163 1695; x_wconf 89' lang='lat' dir='ltr'>receptor</span> <span class='ocrx_word' id='word_1_88' title='bbox 1179 1591 1298 1695; x_wconf 90' lang='lat' dir='ltr'>quod,</span> <span class='ocrx_word' id='word_1_89' title='bbox 1320 1592 1351 1666; x_wconf 93' lang='lat' dir='ltr'>si</span> <span class='ocrx_word' id='word_1_90' title='bbox 1372 1590 1471 1667; x_wconf 91' lang='lat' dir='ltr'>calor</span> <span class='ocrx_word' id='word_1_91' title='bbox 1492 1590 1666 1668; x_wconf 88' lang='lat' dir='ltr'>naturalis</span> <span class='ocrx_word' id='word_1_92' title='bbox 1682 1619 1762 1666; x_wconf 90' lang='lat' dir='ltr'>mo-</span> 
     </span>
     <span class='ocr_line' id='line_1_10' title="bbox 342 1721 1762 1825; baseline -0.001 -28"><span class='ocrx_word' id='word_1_93' title='bbox 342 1738 441 1799; x_wconf 81' lang='lat' dir='ltr'>veret</span> <span class='ocrx_word' id='word_1_94' title='bbox 457 1751 559 1809; x_wconf 91' lang='lat' dir='ltr'>eum,</span> <span class='ocrx_word' id='word_1_95' title='bbox 583 1722 838 1798; x_wconf 90' lang='lat' dir='ltr'>commisceret</span> <span class='ocrx_word' id='word_1_96' title='bbox 858 1750 897 1798; x_wconf 92' lang='lat' dir='ltr'>se</span> <span class='ocrx_word' id='word_1_97' title='bbox 918 1748 1003 1796; x_wconf 90' lang='lat' dir='ltr'>cum</span> <span class='ocrx_word' id='word_1_98' title='bbox 1024 1721 1133 1798; x_wconf 90' lang='lat' dir='ltr'>sociis</span> <span class='ocrx_word' id='word_1_99' title='bbox 1153 1721 1246 1809; x_wconf 89' lang='lat' dir='ltr'>suis,</span> <span class='ocrx_word' id='word_1_100' title='bbox 1262 1739 1298 1796; x_wconf 92' lang='lat' dir='ltr'>et</span> <span class='ocrx_word' id='word_1_101' title='bbox 1313 1721 1385 1796; x_wconf 86' lang='lat' dir='ltr'>hoc</span> <span class='ocrx_word' id='word_1_102' title='bbox 1400 1750 1419 1795; x_wconf 89' lang='lat' dir='ltr'>a</span> <span class='ocrx_word' id='word_1_103' title='bbox 1435 1721 1543 1798; x_wconf 90' lang='lat' dir='ltr'>sociis</span> <span class='ocrx_word' id='word_1_104' title='bbox 1563 1721 1638 1797; x_wconf 91' lang='lat' dir='ltr'>suis</span> <span class='ocrx_word' id='word_1_105' title='bbox 1659 1736 1762 1825; x_wconf 90' lang='lat' dir='ltr'>pate—</span> 
     </span>
     <span class='ocr_line' id='line_1_11' title="bbox 343 1850 1763 1958; baseline -0.004 -29"><span class='ocrx_word' id='word_1_106' title='bbox 343 1870 454 1929; x_wconf 88' lang='lat' dir='ltr'>retur.</span> <span class='ocrx_word' id='word_1_107' title='bbox 471 1854 613 1928; x_wconf 89' lang='lat' dir='ltr'>Tamen</span> <span class='ocrx_word' id='word_1_108' title='bbox 628 1852 719 1927; x_wconf 90' lang='lat' dir='ltr'>dixit</span> <span class='ocrx_word' id='word_1_109' title='bbox 734 1880 801 1956; x_wconf 92' lang='lat' dir='ltr'>per</span> <span class='ocrx_word' id='word_1_110' title='bbox 811 1851 1065 1958; x_wconf 83' lang='lat' dir='ltr'>juramentum</span> <span class='ocrx_word' id='word_1_111' title='bbox 1081 1879 1188 1926; x_wconf 91' lang='lat' dir='ltr'>suum</span> <span class='ocrx_word' id='word_1_112' title='bbox 1202 1852 1305 1956; x_wconf 91' lang='lat' dir='ltr'>quod</span> <span class='ocrx_word' id='word_1_113' title='bbox 1317 1880 1507 1957; x_wconf 88' lang='lat' dir='ltr'>nunquam</span> <span class='ocrx_word' id='word_1_114' title='bbox 1520 1850 1617 1927; x_wconf 84' lang='lat' dir='ltr'>lecit.</span> <span class='ocrx_word' id='word_1_115' title='bbox 1629 1853 1763 1956; x_wconf 86' lang='lat' dir='ltr'>Requi·</span> 
     </span>
     <span class='ocr_line' id='line_1_12' title="bbox 343 1982 1763 2088; baseline -0.002 -29"><span class='ocrx_word' id='word_1_116' title='bbox 343 1983 434 2060; x_wconf 87' lang='lat' dir='ltr'>situs</span> <span class='ocrx_word' id='word_1_117' title='bbox 451 2000 578 2059; x_wconf 90' lang='lat' dir='ltr'>utrum</span> <span class='ocrx_word' id='word_1_118' title='bbox 598 1984 649 2071; x_wconf 89' lang='lat' dir='ltr'>vi,</span> <span class='ocrx_word' id='word_1_119' title='bbox 681 1983 737 2058; x_wconf 90' lang='lat' dir='ltr'>vel</span> <span class='ocrx_word' id='word_1_120' title='bbox 755 1999 859 2059; x_wconf 91' lang='lat' dir='ltr'>metu</span> <span class='ocrx_word' id='word_1_121' title='bbox 879 1982 1035 2058; x_wconf 88' lang='lat' dir='ltr'>carceris</span> <span class='ocrx_word' id='word_1_122' title='bbox 1054 1983 1110 2057; x_wconf 88' lang='lat' dir='ltr'>vel</span> <span class='ocrx_word' id='word_1_123' title='bbox 1130 2000 1419 2070; x_wconf 90' lang='lat' dir='ltr'>tormentorum,</span> <span class='ocrx_word' id='word_1_124' title='bbox 1445 1983 1608 2088; x_wconf 88' lang='lat' dir='ltr'>aliquam</span> <span class='ocrx_word' id='word_1_125' title='bbox 1630 1983 1763 2058; x_wconf 90' lang='lat' dir='ltr'>dixerit</span> 
     </span>
     <span class='ocr_line' id='line_1_13' title="bbox 342 2111 1760 2219; baseline 0.001 -32"><span class='ocrx_word' id='word_1_126' title='bbox 342 2111 535 2190; x_wconf 82' lang='lat' dir='ltr'>falsitatem</span> <span class='ocrx_word' id='word_1_127' title='bbox 553 2113 611 2189; x_wconf 89' lang='lat' dir='ltr'>vel</span> <span class='ocrx_word' id='word_1_128' title='bbox 631 2113 875 2189; x_wconf 90' lang='lat' dir='ltr'>immiscuerit</span> <span class='ocrx_word' id='word_1_129' title='bbox 895 2113 933 2187; x_wconf 90' lang='lat' dir='ltr'>in</span> <span class='ocrx_word' id='word_1_130' title='bbox 956 2113 1195 2219; x_wconf 90' lang='lat' dir='ltr'>deposicione</span> <span class='ocrx_word' id='word_1_131' title='bbox 1215 2144 1297 2204; x_wconf 88' lang='lat' dir='ltr'>sua,</span> <span class='ocrx_word' id='word_1_132' title='bbox 1320 2114 1411 2189; x_wconf 88' lang='lat' dir='ltr'>dixit</span> <span class='ocrx_word' id='word_1_133' title='bbox 1429 2142 1496 2219; x_wconf 88' lang='lat' dir='ltr'>per</span> <span class='ocrx_word' id='word_1_134' title='bbox 1505 2112 1760 2219; x_wconf 87' lang='lat' dir='ltr'>juramentum</span> 
     </span>
     <span class='ocr_line' id='line_1_14' title="bbox 343 2241 1151 2349; baseline -0.001 -30"><span class='ocrx_word' id='word_1_135' title='bbox 343 2270 451 2320; x_wconf 90' lang='lat' dir='ltr'>suum</span> <span class='ocrx_word' id='word_1_136' title='bbox 471 2241 574 2349; x_wconf 91' lang='lat' dir='ltr'>quod</span> <span class='ocrx_word' id='word_1_137' title='bbox 592 2272 685 2331; x_wconf 90' lang='lat' dir='ltr'>non,</span> <span class='ocrx_word' id='word_1_138' title='bbox 703 2244 819 2319; x_wconf 91' lang='lat' dir='ltr'>immo</span> <span class='ocrx_word' id='word_1_139' title='bbox 837 2243 930 2318; x_wconf 88' lang='lat' dir='ltr'>dixit</span> <span class='ocrx_word' id='word_1_140' title='bbox 948 2243 1151 2319; x_wconf 88' lang='lat' dir='ltr'>veritatem.</span> 
     </span>
    </p>
   </div>
   <div class='ocr_carea' id='block_1_3' title="bbox 341 2503 1871 4430">
    <p class='ocr_par' dir='ltr' id='par_1_3' title="bbox 341 2503 1871 4430">
     <span class='ocr_line' id='line_1_15' title="bbox 397 2503 1761 2589; baseline -0.003 -8"><span class='ocrx_word' id='word_1_141' title='bbox 397 2507 491 2581; x_wconf 89' lang='lat' dir='ltr'>Item</span> <span class='ocrx_word' id='word_1_142' title='bbox 515 2504 627 2581; x_wconf 87' lang='lat' dir='ltr'>lrater</span> <span class='ocrx_word' id='word_1_143' title='bbox 650 2505 874 2584; x_wconf 91' lang='lat' dir='ltr'>Guillelmus</span> <span class='ocrx_word' id='word_1_144' title='bbox 905 2506 951 2581; x_wconf 91' lang='lat' dir='ltr'>de</span> <span class='ocrx_word' id='word_1_145' title='bbox 978 2506 1129 2582; x_wconf 87' lang='lat' dir='ltr'>Yvriaco</span> <span class='ocrx_word' id='word_1_146' title='bbox 1159 2503 1270 2581; x_wconf 78' lang='lat' dir='ltr'>frater</span> <span class='ocrx_word' id='word_1_147' title='bbox 1296 2505 1457 2579; x_wconf 89' lang='lat' dir='ltr'>serviens</span> <span class='ocrx_word' id='word_1_148' title='bbox 1485 2504 1573 2579; x_wconf 90' lang='lat' dir='ltr'>dicti</span> <span class='ocrx_word' id='word_1_149' title='bbox 1601 2504 1761 2589; x_wconf 82' lang='lat' dir='ltr'>ordinis,</span> 
     </span>
     <span class='ocr_line' id='line_1_16' title="bbox 344 2633 1764 2741; baseline -0.002 -31"><span class='ocrx_word' id='word_1_150' title='bbox 344 2636 447 2712; x_wconf 84' lang='lat' dir='ltr'>etatis</span> <span class='ocrx_word' id='word_1_151' title='bbox 459 2636 641 2741; x_wconf 86' lang='lat' dir='ltr'>sexaginta</span> <span class='ocrx_word' id='word_1_152' title='bbox 656 2664 839 2712; x_wconf 88' lang='lat' dir='ltr'>annorum</span> <span class='ocrx_word' id='word_1_153' title='bbox 855 2635 1077 2741; x_wconf 86' lang='lat' dir='ltr'>etamplius,</span> <span class='ocrx_word' id='word_1_154' title='bbox 1100 2652 1142 2710; x_wconf 91' lang='lat' dir='ltr'>ut</span> <span class='ocrx_word' id='word_1_155' title='bbox 1155 2635 1317 2723; x_wconf 88' lang='lat' dir='ltr'>dicebat,</span> <span class='ocrx_word' id='word_1_156' title='bbox 1335 2634 1482 2740; x_wconf 86' lang='lat' dir='ltr'>juratus</span> <span class='ocrx_word' id='word_1_157' title='bbox 1500 2633 1634 2709; x_wconf 89' lang='lat' dir='ltr'>eodem</span> <span class='ocrx_word' id='word_1_158' title='bbox 1649 2633 1764 2708; x_wconf 92' lang='lat' dir='ltr'>modo</span> 
     </span>
     <span class='ocr_line' id='line_1_17' title="bbox 344 2763 1766 2873; baseline -0.003 -31"><span class='ocrx_word' id='word_1_159' title='bbox 344 2782 380 2842; x_wconf 84' lang='lat' dir='ltr'>et</span> <span class='ocrx_word' id='word_1_160' title='bbox 398 2767 600 2873; x_wconf 90' lang='lat' dir='ltr'>requisitus</span> <span class='ocrx_word' id='word_1_161' title='bbox 616 2768 664 2843; x_wconf 90' lang='lat' dir='ltr'>de</span> <span class='ocrx_word' id='word_1_162' title='bbox 680 2784 850 2872; x_wconf 89' lang='lat' dir='ltr'>tempore</span> <span class='ocrx_word' id='word_1_163' title='bbox 865 2783 902 2840; x_wconf 92' lang='lat' dir='ltr'>et</span> <span class='ocrx_word' id='word_1_164' title='bbox 914 2766 1028 2841; x_wconf 90' lang='lat' dir='ltr'>modo</span> <span class='ocrx_word' id='word_1_165' title='bbox 1046 2795 1112 2841; x_wconf 89' lang='lat' dir='ltr'>sue</span> <span class='ocrx_word' id='word_1_166' title='bbox 1126 2765 1370 2870; x_wconf 89' lang='lat' dir='ltr'>recepcionis,</span> <span class='ocrx_word' id='word_1_167' title='bbox 1387 2763 1479 2840; x_wconf 89' lang='lat' dir='ltr'>dixit</span> <span class='ocrx_word' id='word_1_168' title='bbox 1491 2792 1558 2869; x_wconf 90' lang='lat' dir='ltr'>per</span> <span class='ocrx_word' id='word_1_169' title='bbox 1573 2763 1766 2870; x_wconf 86' lang='lat' dir='ltr'>juramen-</span> 
     </span>
     <span class='ocr_line' id='line_1_18' title="bbox 342 2890 1764 3002; baseline -0.004 -30"><span class='ocrx_word' id='word_1_170' title='bbox 342 2912 422 2972; x_wconf 92' lang='lat' dir='ltr'>tum</span> <span class='ocrx_word' id='word_1_171' title='bbox 437 2926 548 2972; x_wconf 93' lang='lat' dir='ltr'>suum</span> <span class='ocrx_word' id='word_1_172' title='bbox 562 2898 665 3002; x_wconf 91' lang='lat' dir='ltr'>quod</span> <span class='ocrx_word' id='word_1_173' title='bbox 679 2897 750 2973; x_wconf 86' lang='lat' dir='ltr'>luit</span> <span class='ocrx_word' id='word_1_174' title='bbox 765 2914 935 2999; x_wconf 90' lang='lat' dir='ltr'>receptus</span> <span class='ocrx_word' id='word_1_175' title='bbox 951 2895 1050 2999; x_wconf 89' lang='lat' dir='ltr'>apud</span> <span class='ocrx_word' id='word_1_176' title='bbox 1062 2896 1254 2971; x_wconf 88' lang='lat' dir='ltr'>Yvriacum</span> <span class='ocrx_word' id='word_1_177' title='bbox 1269 2897 1306 2969; x_wconf 94' lang='lat' dir='ltr'>in</span> <span class='ocrx_word' id='word_1_178' title='bbox 1321 2894 1594 3000; x_wconf 90' lang='lat' dir='ltr'>Veuquecinio‚</span> <span class='ocrx_word' id='word_1_179' title='bbox 1617 2921 1683 2999; x_wconf 90' lang='lat' dir='ltr'>per</span> <span class='ocrx_word' id='word_1_180' title='bbox 1698 2890 1764 2967; x_wconf 84' lang='lat' dir='ltr'>fra-</span> 
     </span>
     <span class='ocr_line' id='line_1_19' title="bbox 342 3023 1765 3129; baseline -0.004 -27"><span class='ocrx_word' id='word_1_181' title='bbox 342 3041 437 3102; x_wconf 89' lang='lat' dir='ltr'>trem</span> <span class='ocrx_word' id='word_1_182' title='bbox 446 3027 670 3102; x_wconf 88' lang='lat' dir='ltr'>Ymbertum</span> <span class='ocrx_word' id='word_1_183' title='bbox 685 3026 957 3103; x_wconf 85' lang='lat' dir='ltr'>thesaurarium</span> <span class='ocrx_word' id='word_1_184' title='bbox 968 3026 1237 3111; x_wconf 85' lang='lat' dir='ltr'>tuncParisius,</span> <span class='ocrx_word' id='word_1_185' title='bbox 1249 3042 1285 3099; x_wconf 89' lang='lat' dir='ltr'>et</span> <span class='ocrx_word' id='word_1_186' title='bbox 1301 3024 1392 3101; x_wconf 90' lang='lat' dir='ltr'>dixit</span> <span class='ocrx_word' id='word_1_187' title='bbox 1407 3023 1510 3128; x_wconf 92' lang='lat' dir='ltr'>quod</span> <span class='ocrx_word' id='word_1_188' title='bbox 1525 3023 1765 3129; x_wconf 85' lang='lat' dir='ltr'>quadraginta</span> 
     </span>
     <span class='ocr_line' id='line_1_20' title="bbox 342 3152 1766 3261; baseline -0.006 -28"><span class='ocrx_word' id='word_1_189' title='bbox 342 3157 534 3233; x_wconf 82' lang='lat' dir='ltr'>annisum</span> <span class='ocrx_word' id='word_1_190' title='bbox 555 3157 659 3261; x_wconf 93' lang='lat' dir='ltr'>quod</span> <span class='ocrx_word' id='word_1_191' title='bbox 679 3155 748 3232; x_wconf 83' lang='lat' dir='ltr'>luit</span> <span class='ocrx_word' id='word_1_192' title='bbox 767 3173 954 3261; x_wconf 88' lang='lat' dir='ltr'>receptus,</span> <span class='ocrx_word' id='word_1_193' title='bbox 977 3183 1054 3231; x_wconf 92' lang='lat' dir='ltr'>non</span> <span class='ocrx_word' id='word_1_194' title='bbox 1074 3155 1291 3230; x_wconf 88' lang='lat' dir='ltr'>recordatur</span> <span class='ocrx_word' id='word_1_195' title='bbox 1313 3153 1360 3229; x_wconf 91' lang='lat' dir='ltr'>de</span> <span class='ocrx_word' id='word_1_196' title='bbox 1381 3152 1597 3229; x_wconf 92' lang='lat' dir='ltr'>nominibus</span> <span class='ocrx_word' id='word_1_197' title='bbox 1618 3179 1766 3259; x_wconf 90' lang='lat' dir='ltr'>presen-</span> 
     </span>
     <span class='ocr_line' id='line_1_21' title="bbox 342 3284 1841 3392; baseline -0.003 -31"><span class='ocrx_word' id='word_1_198' title='bbox 342 3285 454 3373; x_wconf 90' lang='lat' dir='ltr'>cium,</span> <span class='ocrx_word' id='word_1_199' title='bbox 472 3285 559 3390; x_wconf 91' lang='lat' dir='ltr'>quia</span> <span class='ocrx_word' id='word_1_200' title='bbox 571 3286 709 3361; x_wconf 90' lang='lat' dir='ltr'>mortui</span> <span class='ocrx_word' id='word_1_201' title='bbox 723 3304 818 3362; x_wconf 90' lang='lat' dir='ltr'>sunt.</span> <span class='ocrx_word' id='word_1_202' title='bbox 836 3287 937 3362; x_wconf 88' lang='lat' dir='ltr'>Dixit</span> <span class='ocrx_word' id='word_1_203' title='bbox 951 3286 1066 3360; x_wconf 87' lang='lat' dir='ltr'>eciam</span> <span class='ocrx_word' id='word_1_204' title='bbox 1077 3314 1144 3391; x_wconf 91' lang='lat' dir='ltr'>per</span> <span class='ocrx_word' id='word_1_205' title='bbox 1153 3285 1409 3392; x_wconf 85' lang='lat' dir='ltr'>juramentum</span> <span class='ocrx_word' id='word_1_206' title='bbox 1425 3312 1535 3359; x_wconf 92' lang='lat' dir='ltr'>suum</span> <span class='ocrx_word' id='word_1_207' title='bbox 1546 3284 1668 3389; x_wconf 91' lang='lat' dir='ltr'>quod,</span> <span class='ocrx_word' id='word_1_208' title='bbox 1683 3300 1766 3387; x_wconf 91' lang='lat' dir='ltr'>post</span> <span class='ocrx_word' id='word_1_209' title='bbox 1840 3341 1841 3344; x_wconf 63' lang='lat'>,</span> 
     </span>
     <span class='ocr_line' id='line_1_22' title="bbox 341 3411 1871 3520; baseline -0.003 -29"><span class='ocrx_word' id='word_1_210' title='bbox 341 3414 478 3492; x_wconf 90' lang='lat' dir='ltr'>multas</span> <span class='ocrx_word' id='word_1_211' title='bbox 491 3416 742 3491; x_wconf 84' lang='lat' dir='ltr'>observancias</span> <span class='ocrx_word' id='word_1_212' title='bbox 764 3416 853 3492; x_wconf 89' lang='lat' dir='ltr'>dicti</span> <span class='ocrx_word' id='word_1_213' title='bbox 875 3416 1017 3492; x_wconf 90' lang='lat' dir='ltr'>ordinis</span> <span class='ocrx_word' id='word_1_214' title='bbox 1038 3414 1165 3503; x_wconf 87' lang='lat' dir='ltr'>lactas,</span> <span class='ocrx_word' id='word_1_215' title='bbox 1183 3415 1303 3490; x_wconf 91' lang='lat' dir='ltr'>dictus</span> <span class='ocrx_word' id='word_1_216' title='bbox 1324 3430 1494 3519; x_wconf 89' lang='lat' dir='ltr'>receptor</span> <span class='ocrx_word' id='word_1_217' title='bbox 1512 3413 1679 3520; x_wconf 91' lang='lat' dir='ltr'>precepit</span> <span class='ocrx_word' id='word_1_218' title='bbox 1694 3411 1764 3489; x_wconf 93' lang='lat' dir='ltr'>sibi</span> <span class='ocrx_word' id='word_1_219' title='bbox 1863 3492 1871 3506; x_wconf 87' lang='lat'><strong>.</strong></span> 
     </span>
     <span class='ocr_line' id='line_1_23' title="bbox 342 3542 1766 3650; baseline -0.003 -30"><span class='ocrx_word' id='word_1_220' title='bbox 342 3545 445 3650; x_wconf 90' lang='lat' dir='ltr'>quod</span> <span class='ocrx_word' id='word_1_221' title='bbox 466 3545 694 3621; x_wconf 87' lang='lat' dir='ltr'>oscularetur</span> <span class='ocrx_word' id='word_1_222' title='bbox 715 3574 801 3622; x_wconf 91' lang='lat' dir='ltr'>eum</span> <span class='ocrx_word' id='word_1_223' title='bbox 822 3547 861 3620; x_wconf 93' lang='lat' dir='ltr'>in</span> <span class='ocrx_word' id='word_1_224' title='bbox 883 3575 946 3622; x_wconf 89' lang='lat' dir='ltr'>ore</span> <span class='ocrx_word' id='word_1_225' title='bbox 969 3563 1004 3621; x_wconf 91' lang='lat' dir='ltr'>et</span> <span class='ocrx_word' id='word_1_226' title='bbox 1029 3545 1067 3619; x_wconf 93' lang='lat' dir='ltr'>in</span> <span class='ocrx_word' id='word_1_227' title='bbox 1089 3545 1283 3634; x_wconf 89' lang='lat' dir='ltr'>umbilico,</span> <span class='ocrx_word' id='word_1_228' title='bbox 1300 3545 1403 3650; x_wconf 90' lang='lat' dir='ltr'>quod</span> <span class='ocrx_word' id='word_1_229' title='bbox 1420 3543 1520 3619; x_wconf 83' lang='lat' dir='ltr'>fecit.</span> <span class='ocrx_word' id='word_1_230' title='bbox 1544 3545 1591 3619; x_wconf 88' lang='lat' dir='ltr'>Et</span> <span class='ocrx_word' id='word_1_231' title='bbox 1610 3542 1766 3650; x_wconf 88' lang='lat' dir='ltr'>injunxit</span> 
     </span>
     <span class='ocr_line' id='line_1_24' title="bbox 342 3671 1767 3779; baseline -0.003 -29"><span class='ocrx_word' id='word_1_232' title='bbox 342 3673 412 3750; x_wconf 87' lang='lat' dir='ltr'>sibi</span> <span class='ocrx_word' id='word_1_233' title='bbox 433 3675 553 3779; x_wconf 91' lang='lat' dir='ltr'>quod,</span> <span class='ocrx_word' id='word_1_234' title='bbox 575 3676 604 3750; x_wconf 90' lang='lat' dir='ltr'>si</span> <span class='ocrx_word' id='word_1_235' title='bbox 627 3675 726 3750; x_wconf 88' lang='lat' dir='ltr'>calor</span> <span class='ocrx_word' id='word_1_236' title='bbox 743 3675 922 3750; x_wconf 87' lang='lat' dir='ltr'>naturalis</span> <span class='ocrx_word' id='word_1_237' title='bbox 941 3692 1108 3751; x_wconf 89' lang='lat' dir='ltr'>moveret</span> <span class='ocrx_word' id='word_1_238' title='bbox 1128 3703 1230 3760; x_wconf 88' lang='lat' dir='ltr'>eum,</span> <span class='ocrx_word' id='word_1_239' title='bbox 1248 3675 1505 3763; x_wconf 88' lang='lat' dir='ltr'>commisceret</span> <span class='ocrx_word' id='word_1_240' title='bbox 1524 3701 1563 3748; x_wconf 92' lang='lat' dir='ltr'>se</span> <span class='ocrx_word' id='word_1_241' title='bbox 1588 3702 1673 3749; x_wconf 91' lang='lat' dir='ltr'>cum</span> <span class='ocrx_word' id='word_1_242' title='bbox 1695 3671 1767 3747; x_wconf 85' lang='lat' dir='ltr'>fra-</span> 
     </span>
     <span class='ocr_line' id='line_1_25' title="bbox 341 3802 1765 3909; baseline -0.003 -29"><span class='ocrx_word' id='word_1_243' title='bbox 341 3802 461 3881; x_wconf 91' lang='lat' dir='ltr'>tribus</span> <span class='ocrx_word' id='word_1_244' title='bbox 482 3804 574 3893; x_wconf 89' lang='lat' dir='ltr'>suis,</span> <span class='ocrx_word' id='word_1_245' title='bbox 597 3821 634 3879; x_wconf 88' lang='lat' dir='ltr'>et</span> <span class='ocrx_word' id='word_1_246' title='bbox 654 3806 726 3880; x_wconf 94' lang='lat' dir='ltr'>hoc</span> <span class='ocrx_word' id='word_1_247' title='bbox 746 3821 936 3908; x_wconf 88' lang='lat' dir='ltr'>pateretur</span> <span class='ocrx_word' id='word_1_248' title='bbox 952 3804 999 3879; x_wconf 93' lang='lat' dir='ltr'>de</span> <span class='ocrx_word' id='word_1_249' title='bbox 1021 3804 1099 3879; x_wconf 89' lang='lat' dir='ltr'>aliis</span> <span class='ocrx_word' id='word_1_250' title='bbox 1120 3802 1305 3880; x_wconf 84' lang='lat' dir='ltr'>fratribus.</span> <span class='ocrx_word' id='word_1_251' title='bbox 1327 3804 1428 3878; x_wconf 91' lang='lat' dir='ltr'>Dixit</span> <span class='ocrx_word' id='word_1_252' title='bbox 1448 3804 1564 3880; x_wconf 88' lang='lat' dir='ltr'>eciam</span> <span class='ocrx_word' id='word_1_253' title='bbox 1585 3831 1652 3908; x_wconf 92' lang='lat' dir='ltr'>per</span> <span class='ocrx_word' id='word_1_254' title='bbox 1667 3803 1765 3909; x_wconf 89' lang='lat' dir='ltr'>jura-</span> 
     </span>
     <span class='ocr_line' id='line_1_26' title="bbox 342 3932 1761 4040; baseline -0.004 -31"><span class='ocrx_word' id='word_1_255' title='bbox 342 3951 511 4011; x_wconf 90' lang='lat' dir='ltr'>mentum</span> <span class='ocrx_word' id='word_1_256' title='bbox 529 3963 639 4009; x_wconf 91' lang='lat' dir='ltr'>suum</span> <span class='ocrx_word' id='word_1_257' title='bbox 660 3934 764 4040; x_wconf 94' lang='lat' dir='ltr'>quod</span> <span class='ocrx_word' id='word_1_258' title='bbox 778 3934 898 4010; x_wconf 89' lang='lat' dir='ltr'>dictus</span> <span class='ocrx_word' id='word_1_259' title='bbox 917 3934 1100 4038; x_wconf 85' lang='lat' dir='ltr'>recipiens</span> <span class='ocrx_word' id='word_1_260' title='bbox 1116 3933 1278 4009; x_wconf 86' lang='lat' dir='ltr'>ostendit</span> <span class='ocrx_word' id='word_1_261' title='bbox 1294 3933 1362 4009; x_wconf 94' lang='lat' dir='ltr'>sibi</span> <span class='ocrx_word' id='word_1_262' title='bbox 1379 3932 1576 4038; x_wconf 89' lang='lat' dir='ltr'>quamdam</span> <span class='ocrx_word' id='word_1_263' title='bbox 1597 3960 1761 4018; x_wconf 92' lang='lat' dir='ltr'>crucem,</span> 
     </span>
     <span class='ocr_line' id='line_1_27' title="bbox 344 4061 1766 4169; baseline -0.004 -29"><span class='ocrx_word' id='word_1_264' title='bbox 344 4080 381 4140; x_wconf 86' lang='lat' dir='ltr'>et</span> <span class='ocrx_word' id='word_1_265' title='bbox 398 4062 486 4140; x_wconf 85' lang='lat' dir='ltr'>fecit</span> <span class='ocrx_word' id='word_1_266' title='bbox 506 4092 592 4140; x_wconf 92' lang='lat' dir='ltr'>eum</span> <span class='ocrx_word' id='word_1_267' title='bbox 612 4092 725 4169; x_wconf 91' lang='lat' dir='ltr'>super</span> <span class='ocrx_word' id='word_1_268' title='bbox 744 4094 893 4140; x_wconf 89' lang='lat' dir='ltr'>crucem</span> <span class='ocrx_word' id='word_1_269' title='bbox 915 4093 1049 4168; x_wconf 90' lang='lat' dir='ltr'>spuere</span> <span class='ocrx_word' id='word_1_270' title='bbox 1073 4082 1131 4140; x_wconf 91' lang='lat' dir='ltr'>ter</span> <span class='ocrx_word' id='word_1_271' title='bbox 1151 4082 1189 4140; x_wconf 91' lang='lat' dir='ltr'>et</span> <span class='ocrx_word' id='word_1_272' title='bbox 1206 4079 1264 4140; x_wconf 91' lang='lat' dir='ltr'>ter</span> <span class='ocrx_word' id='word_1_273' title='bbox 1284 4063 1465 4168; x_wconf 87' lang='lat' dir='ltr'>abnegare</span> <span class='ocrx_word' id='word_1_274' title='bbox 1487 4062 1643 4138; x_wconf 89' lang='lat' dir='ltr'>Jbesum</span> <span class='ocrx_word' id='word_1_275' title='bbox 1662 4061 1766 4138; x_wconf 91' lang='lat' dir='ltr'>Chri-</span> 
     </span>
     <span class='ocr_line' id='line_1_28' title="bbox 343 4190 1765 4299; baseline -0.004 -30"><span class='ocrx_word' id='word_1_276' title='bbox 343 4209 457 4282; x_wconf 86' lang='lat' dir='ltr'>stum,</span> <span class='ocrx_word' id='word_1_277' title='bbox 471 4209 508 4268; x_wconf 95' lang='lat' dir='ltr'>et</span> <span class='ocrx_word' id='word_1_278' title='bbox 518 4192 622 4282; x_wconf 83' lang='lat' dir='ltr'>lecit,</span> <span class='ocrx_word' id='word_1_279' title='bbox 638 4212 680 4270; x_wconf 93' lang='lat' dir='ltr'>ut</span> <span class='ocrx_word' id='word_1_280' title='bbox 694 4193 801 4282; x_wconf 88' lang='lat' dir='ltr'>dixit,</span> <span class='ocrx_word' id='word_1_281' title='bbox 819 4195 966 4270; x_wconf 89' lang='lat' dir='ltr'>invitus.</span> <span class='ocrx_word' id='word_1_282' title='bbox 983 4193 1196 4299; x_wconf 84' lang='lat' dir='ltr'>Requisitus</span> <span class='ocrx_word' id='word_1_283' title='bbox 1212 4211 1336 4270; x_wconf 91' lang='lat' dir='ltr'>utrum</span> <span class='ocrx_word' id='word_1_284' title='bbox 1357 4193 1408 4282; x_wconf 90' lang='lat' dir='ltr'>vi,</span> <span class='ocrx_word' id='word_1_285' title='bbox 1423 4190 1481 4268; x_wconf 89' lang='lat' dir='ltr'>vel</span> <span class='ocrx_word' id='word_1_286' title='bbox 1493 4208 1598 4271; x_wconf 88' lang='lat' dir='ltr'>metu</span> <span class='ocrx_word' id='word_1_287' title='bbox 1611 4190 1765 4267; x_wconf 90' lang='lat' dir='ltr'>carceris</span> 
     </span>
     <span class='ocr_line' id='line_1_29' title="bbox 342 4320 1767 4430; baseline -0.003 -32"><span class='ocrx_word' id='word_1_288' title='bbox 342 4321 399 4399; x_wconf 86' lang='lat' dir='ltr'>vel</span> <span class='ocrx_word' id='word_1_289' title='bbox 410 4340 701 4414; x_wconf 90' lang='lat' dir='ltr'>tormentorum,</span> <span class='ocrx_word' id='word_1_290' title='bbox 714 4323 875 4430; x_wconf 90' lang='lat' dir='ltr'>aliquam</span> <span class='ocrx_word' id='word_1_291' title='bbox 886 4324 1020 4400; x_wconf 88' lang='lat' dir='ltr'>dixerit</span> <span class='ocrx_word' id='word_1_292' title='bbox 1036 4322 1230 4400; x_wconf 79' lang='lat' dir='ltr'>salsitatem</span> <span class='ocrx_word' id='word_1_293' title='bbox 1243 4321 1554 4400; x_wconf 87' lang='lat' dir='ltr'>velimmiscuerit</span> <span class='ocrx_word' id='word_1_294' title='bbox 1568 4322 1605 4396; x_wconf 94' lang='lat' dir='ltr'>in</span> <span class='ocrx_word' id='word_1_295' title='bbox 1617 4320 1767 4425; x_wconf 90' lang='lat' dir='ltr'>deposi-</span> 
     </span>
    </p>
   </div>
   <div class='ocr_carea' id='block_1_4' title="bbox 343 4449 1763 4562">
    <p class='ocr_par' dir='ltr' id='par_1_4' title="bbox 343 4449 1763 4562">
     <span class='ocr_line' id='line_1_30' title="bbox 343 4449 1763 4562; baseline -0.002 -35"><span class='ocrx_word' id='word_1_296' title='bbox 343 4449 448 4529; x_wconf 92' lang='lat' dir='ltr'>cione</span> <span class='ocrx_word' id='word_1_297' title='bbox 460 4482 542 4542; x_wconf 89' lang='lat' dir='ltr'>sua,</span> <span class='ocrx_word' id='word_1_298' title='bbox 556 4453 647 4529; x_wconf 93' lang='lat' dir='ltr'>dixit</span> <span class='ocrx_word' id='word_1_299' title='bbox 657 4483 725 4560; x_wconf 89' lang='lat' dir='ltr'>per</span> <span class='ocrx_word' id='word_1_300' title='bbox 729 4455 989 4562; x_wconf 85' lang='lat' dir='ltr'>juramentum</span> <span class='ocrx_word' id='word_1_301' title='bbox 1001 4483 1111 4532; x_wconf 86' lang='lat' dir='ltr'>suum</span> <span class='ocrx_word' id='word_1_302' title='bbox 1118 4453 1223 4562; x_wconf 92' lang='lat' dir='ltr'>quod</span> <span class='ocrx_word' id='word_1_303' title='bbox 1234 4482 1326 4543; x_wconf 87' lang='lat' dir='ltr'>n0n;</span> <span class='ocrx_word' id='word_1_304' title='bbox 1338 4454 1455 4529; x_wconf 91' lang='lat' dir='ltr'>immo</span> <span class='ocrx_word' id='word_1_305' title='bbox 1465 4451 1763 4528; x_wconf 86' lang='lat' dir='ltr'>dixitveritatem.</span> 
     </span>
    </p>
   </div>
   <div class='ocr_carea' id='block_1_5' title="bbox 343 4714 1765 4954">
    <p class='ocr_par' dir='ltr' id='par_1_5' title="bbox 343 4714 1765 4954">
     <span class='ocr_line' id='line_1_31' title="bbox 397 4714 1765 4822; baseline -0.001 -32"><span class='ocrx_word' id='word_1_306' title='bbox 397 4716 488 4791; x_wconf 90' lang='lat' dir='ltr'>ltem</span> <span class='ocrx_word' id='word_1_307' title='bbox 508 4714 620 4792; x_wconf 79' lang='lat' dir='ltr'>irater</span> <span class='ocrx_word' id='word_1_308' title='bbox 635 4715 720 4793; x_wconf 92' lang='lat' dir='ltr'>Odo</span> <span class='ocrx_word' id='word_1_309' title='bbox 737 4714 784 4791; x_wconf 88' lang='lat' dir='ltr'>de</span> <span class='ocrx_word' id='word_1_310' title='bbox 804 4716 1015 4822; x_wconf 87' lang='lat' dir='ltr'>Latigniaco</span> <span class='ocrx_word' id='word_1_311' title='bbox 1036 4717 1160 4807; x_wconf 87' lang='lat' dir='ltr'>Sicco,</span> <span class='ocrx_word' id='word_1_312' title='bbox 1182 4715 1287 4792; x_wconf 86' lang='lat' dir='ltr'>etatis</span> <span class='ocrx_word' id='word_1_313' title='bbox 1302 4714 1566 4821; x_wconf 85' lang='lat' dir='ltr'>quinquaginta</span> <span class='ocrx_word' id='word_1_314' title='bbox 1584 4740 1765 4791; x_wconf 92' lang='lat' dir='ltr'>annorum</span> 
     </span>
     <span class='ocr_line' id='line_1_32' title="bbox 343 4843 1764 4954; baseline -0.001 -36"><span class='ocrx_word' id='word_1_315' title='bbox 343 4843 399 4921; x_wconf 84' lang='lat' dir='ltr'>vel</span> <span class='ocrx_word' id='word_1_316' title='bbox 415 4844 528 4933; x_wconf 88' lang='lat' dir='ltr'>circa,</span> <span class='ocrx_word' id='word_1_317' title='bbox 551 4861 594 4922; x_wconf 92' lang='lat' dir='ltr'>ut</span> <span class='ocrx_word' id='word_1_318' title='bbox 615 4847 779 4935; x_wconf 86' lang='lat' dir='ltr'>dicebat,</span> <span class='ocrx_word' id='word_1_319' title='bbox 797 4847 943 4954; x_wconf 85' lang='lat' dir='ltr'>juratus</span> <span class='ocrx_word' id='word_1_320' title='bbox 963 4847 1099 4925; x_wconf 89' lang='lat' dir='ltr'>eodem</span> <span class='ocrx_word' id='word_1_321' title='bbox 1120 4844 1234 4923; x_wconf 91' lang='lat' dir='ltr'>modo</span> <span class='ocrx_word' id='word_1_322' title='bbox 1256 4863 1292 4922; x_wconf 90' lang='lat' dir='ltr'>et</span> <span class='ocrx_word' id='word_1_323' title='bbox 1312 4845 1514 4950; x_wconf 88' lang='lat' dir='ltr'>requisitus</span> <span class='ocrx_word' id='word_1_324' title='bbox 1535 4845 1581 4921; x_wconf 91' lang='lat' dir='ltr'>de</span> <span class='ocrx_word' id='word_1_325' title='bbox 1597 4861 1764 4948; x_wconf 86' lang='lat' dir='ltr'>tempore</span> 
     </span>
    </p>
   </div>
   <div class='ocr_carea' id='block_1_6' title="bbox 425 4993 1592 5058">
    <p class='ocr_par' dir='ltr' id='par_1_6' title="bbox 425 4993 1592 5058">
     <span class='ocr_line' id='line_1_33' title="bbox 425 4993 1592 5058; baseline -0.001 -6"><span class='ocrx_word' id='word_1_326' title='bbox 425 4995 531 5053; x_wconf 79' lang='lat' dir='ltr'>rnoc&#39;rs</span> <span class='ocrx_word' id='word_1_327' title='bbox 548 5012 600 5053; x_wconf 77' lang='lat' dir='ltr'>nes</span> <span class='ocrx_word' id='word_1_328' title='bbox 616 5012 787 5054; x_wconf 81' lang='lat' dir='ltr'>rrurmnns.</span> <span class='ocrx_word' id='word_1_329' title='bbox 803 5027 842 5038; x_wconf 90' lang='lat'>-—</span> <span class='ocrx_word' id='word_1_330' title='bbox 857 5013 890 5052; x_wconf 87' lang='lat' dir='ltr'>rr.</span> <span class='ocrx_word' id='word_1_331' title='bbox 1331 5016 1335 5022; x_wconf 86' lang='lat'><strong>·</strong></span> <span class='ocrx_word' id='word_1_332' title='bbox 1555 4993 1592 5058; x_wconf 72' lang='lat' dir='ltr'>tr</span> 
     </span>
    </p>
   </div>
   <div class='ocr_carea' id='block_1_7' title="bbox 0 0 2125 5940">
    <p class='ocr_par' dir='ltr' id='par_1_7' title="bbox 0 0 2125 5940">
     <span class='ocr_line' id='line_1_34' title="bbox 0 0 2125 5940; baseline 0 0"><span class='ocrx_word' id='word_1_333' title='bbox 0 0 2125 5940; x_wconf 95' lang='lat' dir='ltr'> </span> 
     </span>
    </p>
   </div>
  </div>
 </body>
</html>
