4236 5948
348 557 416 627 106
730 532 922 626 pancas
950 553 1044 625 nas
1071 552 1372 625 rnnrmrns.

342 694 559 772 Nannatcsis
580 694 755 782 diocesis,
777 693 817 769 in
839 669 978 797 capella
1000 693 1099 770 dicte
1121 694 1273 785 domus,
1297 710 1386 770 sunt
1405 693 1550 768 circiter
1569 722 1632 770 sex
1651 697 1755 785 anni,

341 842 515 930 presente
528 823 640 900 fratre
648 820 854 900 Guillelmo
868 822 915 899 de
928 823 1046 899 Bosco
1058 824 1087 898 F
1089 822 1213 910 errici,
1226 821 1473 900 commoranti
1481 822 1519 897 in
1532 823 1631 899 dicta
1643 823 1758 901 domo

253 1007 262 1023 .
343 955 391 1031 de
412 954 575 1040 Clisson‚
597 970 634 1029 et
653 953 735 1058 ipso
752 970 862 1044 teste,
892 952 931 1027 in
958 952 1059 1028 bunc
1085 954 1269 1030 modum:
1295 980 1382 1028 nam
1403 981 1489 1028 cmn
1509 953 1760 1058 requisivisset

344 1112 479 1190 panem
493 1099 530 1159 et
542 1111 675 1187 aquam
692 1083 845 1171 ordinis,
857 1100 896 1158 et
910 1082 945 1158 ei
957 1110 1129 1161 concessa
1143 1082 1316 1170 luissent,
1330 1098 1367 1158 et
1381 1081 1538 1157 vovisset
1554 1098 1593 1158 et
1598 1082 1760 1188 jurasset

346 1242 489 1290 servare
512 1212 634 1290 bonos
658 1242 747 1290 usus
770 1231 808 1289 et
833 1212 950 1290 bonas
980 1213 1272 1291 consuetudines
1295 1210 1454 1298 ordinis,
1477 1228 1514 1288 et
1534 1211 1638 1317 quod
1663 1229 1760 1288 esset

345 1371 472 1419 servus
498 1343 662 1419 esclavus
686 1343 775 1420 dicti
802 1344 963 1436 ordinis,
995 1344 1199 1423 castitatem
1220 1359 1257 1418 et
1276 1340 1552 1431 obedienciam,
1581 1358 1618 1417 et
1637 1341 1759 1416 virere

345 1473 425 1548 sine
439 1473 609 1577 proprio,
626 1490 664 1549 et
678 1473 916 1579 imposuisset
931 1476 965 1551 ei
981 1472 1217 1560 mantellum,
1233 1490 1270 1549 et
1283 1500 1416 1549 omnes
1431 1471 1587 1547 osculati
1602 1469 1761 1548 luissent

346 1631 435 1678 eum
454 1603 494 1677 in
514 1630 594 1689 ore,
616 1602 703 1678 fecit
720 1632 808 1679 eum
827 1621 887 1681 ter
904 1607 1088 1711 abnegare
1104 1604 1277 1694 lhesum,
1298 1602 1345 1678 de
1356 1601 1505 1680 Christo
1517 1601 1620 1677 nulla
1634 1601 1760 1679 habita

347 1733 560 1823 mensione,
578 1752 615 1810 et
625 1734 792 1839 precepit
808 1736 910 1839 quod
928 1751 1081 1840 spueret
1093 1762 1205 1839 super
1219 1733 1419 1839 quamdam
1435 1759 1585 1808 crucem
1598 1731 1760 1839 ligneam

348 1860 385 1935 in
400 1890 473 1967 qua
487 1891 563 1938 non
583 1881 661 1939 erat
678 1892 811 1972 ymago
831 1863 1022 1954 Crucilixi,
1046 1865 1163 1940 nescit
1182 1891 1375 1969 perquem
1393 1859 1559 1951 allatam,
1585 1877 1623 1937 et
1638 1861 1761 1938 dictus

346 1991 517 2070 Nicolaus
533 1996 632 2100 spuit
648 1996 752 2102 juxta
768 2026 866 2085 earn,
889 2014 927 2072 et
941 2012 1114 2102 receptor
1128 1993 1198 2071 suit
1218 1993 1407 2071 osculatus
1420 1993 1544 2098 ipsum
1564 1989 1759 2069 Nicolaum

346 2122 385 2196 in
406 2122 566 2201 humero
587 2155 631 2200 ox
645 2143 751 2231 parte
770 2126 948 2203 anteriori
963 2143 1001 2202 et
1014 2123 1211 2232 posteriori
1231 2152 1345 2228 super
1363 2138 1500 2210 vestes3
1522 2138 1559 2199 ct
1572 2149 1641 2227 per
1656 2149 1762 2196 eum·

348 2250 434 2326 dem
462 2252 618 2328 modum
639 2254 731 2329 dixit
755 2255 878 2332 eidem
903 2256 986 2332 testi
1014 2284 1052 2332 se
1073 2253 1185 2333 luisse
1202 2270 1394 2358 receptum
1422 2250 1580 2326 indicta
1600 2249 1759 2355 capella,

347 2380 441 2456 circa
456 2382 591 2457 festum
605 2382 787 2460 Omnium
802 2384 1023 2461 Sanctorum
1036 2383 1203 2489 proxime
1217 2381 1438 2490 preteritum
1451 2379 1603 2456 fuerunt
1615 2381 1762 2456 circiter

348 2509 477 2586 decem
499 2528 536 2587 et
555 2530 639 2588 octo
659 2513 765 2605 anni,
789 2543 857 2619 per
878 2513 1028 2592 fratrem
1045 2513 1253 2592 Oliverium
1273 2510 1441 2587 Flameni
1461 2509 1622 2586 militem
1639 2537 1761 2615 quon-

348 2640 450 2725 dam,
471 2659 731 2745 preceptorem
754 2660 843 2719 tunc
866 2644 914 2720 de
934 2642 1033 2721 Malo
1053 2647 1199 2731 Leone,
1227 2638 1465 2746 presentibus
1485 2638 1660 2716 fratribus
1678 2640 1762 2717 Ste-

346 2770 472 2873 phano
490 2771 613 2847 Enrici
634 2773 802 2877 predicto
825 2794 863 2852 et
880 2775 1050 2851 lolianne
1069 2773 1116 2849 de
1135 2774 1270 2851 Sancto
1286 2769 1477 2848 Maxencio
1498 2769 1760 2856 servientibus,

347 2897 561 2992 deffnnctis,
584 2920 621 2978 et
640 2903 759 2979 credit
784 2906 888 3010 quod
914 2934 982 3010 per
1002 2905 1179 2980 eumdem
1202 2902 1357 2979 modum
1383 2900 1641 3006 reciperentur
1659 2928 1763 2977 com-

309 3059 312 3067 ·
346 3030 513 3107 munitor
526 3059 657 3109 omnes
672 3033 733 3108 alii
750 3035 788 3108 in
806 3036 958 3125 ordine,
980 3053 1018 3111 et
1030 3034 1132 3141 quod
1145 3032 1250 3110 nulla
1263 3031 1334 3107 alia
1348 3030 1477 3106 illicita
1494 3031 1764 3108 intervenirent

346 3159 385 3237 in
407 3161 691 3264 recepcionibus
718 3161 878 3240 aliorum
903 3164 959 3240 vel
983 3182 1083 3271 post,
1112 3163 1219 3267 plura
1246 3160 1416 3236 nesciens
1446 3160 1494 3235 de
1513 3160 1701 3237 contentis
1724 3161 1763 3234 in

271 3392 288 3406 ι
346 3287 455 3364 dictis
469 3289 649 3379 articulis,
670 3319 739 3367 nec
754 3291 823 3367 alia
842 3292 998 3369 credens
1020 3321 1097 3370 esse
1119 3321 1201 3368 vera
1218 3291 1266 3367 de
1280 3291 1465 3367 contentis
1484 3290 1522 3364 in
1539 3291 1592 3366 eis
1606 3290 1677 3365 nisi
1692 3292 1765 3365 boc

347 3416 450 3522 quod
477 3419 658 3523 sequitur.
688 3422 779 3496 Nam
804 3421 898 3498 dixit
924 3452 962 3499 se
984 3423 1136 3499 credere
1166 3420 1418 3498 ecclesiasticis
1446 3421 1699 3512 sacramentis,
1727 3439 1765 3498 et

346 3546 450 3651 quod
470 3547 532 3623 alii
548 3546 679 3625 iratres
695 3551 838 3627 ordinis
855 3552 989 3628 eodem
1010 3554 1125 3629 modo
1146 3551 1357 3640 crederent,
1378 3569 1416 3625 et
1436 3548 1540 3655 quod
1557 3577 1691 3625 eornm
1708 3579 1764 3626 sa·

346 3674 517 3752 cerdotes
536 3676 661 3754 debite
678 3676 921 3758 celebrarent.
946 3684 1087 3759 Juravit
1104 3683 1183 3787 ipse
1199 3697 1236 3756 et
1252 3680 1372 3757 dictus
1393 3678 1566 3755 Nicolaus
1587 3679 1762 3756 ordinem

345 3831 422 3880 non
443 3805 557 3891 exire,
579 3807 735 3884 credens
751 3811 855 3916 quod
872 3811 935 3887 alii
951 3811 1052 3888 idem
1068 3813 1256 3918 jurarent,
1278 3826 1315 3884 et
1332 3809 1477 3886 dictum
1496 3808 1566 3885 fuit
1585 3811 1639 3887 eis
1656 3811 1763 3915 quod

347 3933 471 4008 statim
492 3962 560 4039 pro
579 3936 753 4041 professis
773 3938 1020 4017 habebantur.
1049 3939 1292 4017 Clandestine
1319 3939 1612 4044 recipiebantur,
1645 3937 1763 4015 nullis

344 4062 582 4167 presentibus
601 4066 672 4142 nisi
691 4065 866 4144 fratribus
890 4069 1052 4155 ordinis,
1080 4098 1124 4146 ex
1138 4097 1215 4174 quo
1231 4068 1350 4144 credit
1369 4068 1474 4173 quod
1489 4084 1585 4143 esset
1599 4068 1762 4172 suspicio

344 4209 471 4269 contm
491 4221 567 4270 eos.
590 4194 766 4274 Cordulis
780 4199 883 4275 unde
902 4199 1076 4277 volebant
1096 4199 1294 4303 assumptis
1311 4197 1557 4304 cingebantur
1572 4225 1686 4302 super
1705 4227 1765 4273 oa·

343 4321 467 4400 misias
493 4352 579 4399 cum
607 4325 746 4431 quibus
760 4327 946 4433 jacebant.
971 4329 1240 4437 Injungebatur
1258 4329 1312 4404 eis
1331 4355 1398 4433 per
1418 4343 1691 4404 sacramentum
1714 4356 1763 4404 ne

343 4454 550 4532 revelarent
573 4474 714 4534 secreta
734 4458 1000 4564 capitulorum,
1023 4461 1140 4537 eciam
1161 4459 1337 4536 fratribus
1360 4459 1427 4564 qui
1452 4486 1529 4535 non
1547 4456 1761 4545 adfuerant,

344 4584 391 4660 de
408 4584 522 4661 modo
539 4587 766 4692 recepcionis
788 4586 937 4695 speciali
961 4616 1037 4666 non
1059 4588 1185 4665 habita
1206 4589 1425 4674 mancinum
1453 4588 1520 4693 qui
1537 4586 1764 4665 revelassent

343 4713 501 4819 graviter
519 4717 639 4821 puniti
659 4718 831 4806 fuissent,
857 4720 923 4795 sed
946 4719 1064 4796 nescit
1081 4719 1253 4824 (feraliter.
1278 4718 1472 4812 Quamdiu
1494 4716 1633 4794 habere
1654 4734 1764 4824 pote-

342 4861 426 4920 rant
439 4846 649 4923 sacerdotes
663 4848 821 4934 ordinis,
839 4875 915 4924 non
937 4847 1127 4926 debebant
1145 4849 1227 4925 aliis
1247 4848 1431 4925 confiteri.
1452 4850 1597 4924 Fratres
1617 4847 1764 4925 ordinis
