4236 5948
730 539 926 632 ruoots
952 557 1048 629 uss
1074 555 1375 629 rsurrrrcns.
1689 551 1763 629 ssa

340 704 537 783 missiones
552 701 598 777 de
615 699 855 776 observandis
868 698 1012 777 statutis
1026 714 1063 774 et
1079 697 1231 776 secretis
1246 697 1334 775 dicti
1357 695 1516 783 ordinis,
1535 713 1573 771 et
1587 696 1765 773 mantello

341 837 389 915 ad
401 834 539 914 collum
554 833 692 938 posito,
706 847 871 938 aportata
882 829 953 907 luit
967 829 1038 907 sibi
1054 828 1217 934 quedam
1229 857 1335 917 crux,
1349 827 1565 934 etprecepit
1575 827 1648 905 sibi
1662 828 1767 934 quod

341 967 540 1072 abnegaret
555 965 710 1040 Jbesum
726 962 940 1049 Christum,
959 978 997 1038 et
1013 959 1119 1066 quod
1137 977 1288 1066 spueret
1306 988 1416 1064 supra
1434 986 1600 1047 crucem;
1623 976 1660 1035 et
1680 960 1767 1064 quia

341 1097 465 1175 uoluit
483 1094 623 1181 facere,
647 1092 719 1170 fuit
739 1092 778 1170 in
792 1092 956 1199 prisione
972 1119 1039 1197 per
1053 1090 1222 1168 triduum
1239 1090 1277 1166 in
1298 1118 1394 1196 pane
1415 1107 1453 1166 et
1467 1118 1573 1195 aqua.
1595 1090 1642 1166 Et
1660 1106 1765 1179 tunc,

337 1203 476 1305 ‘timore
498 1225 649 1312 mortis,
670 1223 866 1331 abnegavit
888 1224 1045 1300 lhesum
1066 1222 1272 1310 Christum,
1295 1239 1334 1299 et
1351 1220 1453 1328 spuit
1473 1248 1585 1327 supra
1604 1249 1766 1300 crucem.

342 1357 554 1465 Requisitus
581 1357 629 1434 de
655 1356 799 1442 osculo,
827 1355 920 1432 dixit
946 1382 1014 1460 per
1035 1353 1289 1460 jurameutum
1319 1369 1430 1431 suu'm
1454 1352 1557 1460 quod
1582 1352 1768 1432 osculatus

343 1488 521 1567 furseum
549 1489 588 1565 iu
613 1487 792 1565 umbilico
817 1504 854 1562 et
879 1490 918 1562 in
945 1514 1009 1562 ore
1034 1485 1285 1564 solummodo.
1311 1484 1412 1564 Dixit
1437 1484 1553 1562 eciam
1578 1512 1644 1591 per
1663 1484 1768 1590 jura-

344 1637 512 1699 meutum
531 1648 644 1708 suum
662 1617 766 1725 quod
791 1618 1001 1725 injunctum
1026 1616 1097 1694 luit
1121 1617 1192 1695 sibi
1216 1616 1320 1724 quod
1344 1616 1500 1693 omuino
1523 1615 1727 1695 abstineret
1749 1647 1769 1693 a

344 1748 581 1838 rudioribus,
598 1768 636 1827 et
653 1748 758 1855 quod
770 1749 800 1826 si
815 1749 916 1826 calor
927 1747 1105 1825 naturalis
1124 1765 1291 1825 moveret
1309 1775 1414 1834 cum,
1434 1747 1539 1854 quod
1553 1748 1770 1825 commisce·

343 1896 403 1957 ret
413 1907 454 1959 se
475 1879 752 1958 cumfratribus
771 1880 866 1967 suis,
888 1897 925 1957 et
945 1881 1019 1957 boc
1033 1880 1138 1957 idem
1155 1879 1201 1957 ab
1216 1879 1297 1956 aliis
1315 1896 1515 1984 pateretur.
1530 1878 1631 1957 Dixit
1650 1882 1768 1957 eciam

344 2038 409 2114 per
419 2010 674 2116 jurameutum
694 2040 806 2088 suum
819 2012 922 2117 quod
941 2010 1175 2116 creditquod
1188 2009 1250 2086 alii
1261 2010 1520 2088 eodemmodo
1531 2010 1767 2116 recipiantur.

398 2142 651 2248 Interrogatus
663 2160 788 2223 utrum
802 2142 854 2229 vi,
870 2141 1043 2219 velmetu
1059 2141 1213 2221 carceris
1229 2139 1286 2219 rel
1301 2156 1591 2230 tormentorum,
1609 2141 1770 2248 adquam

346 2269 478 2349 dixerit
496 2269 690 2349 falsitatem
707 2290 772 2349 aut
790 2272 1034 2349 immiscuerit
1056 2272 1355 2377 indeposicioue
1377 2301 1461 2361 sua,
1479 2270 1571 2349 dixit
1591 2300 1658 2377 per
1671 2273 1770 2379 jura·

346 2417 514 2479 nasutum
535 2402 645 2507 quod
660 2430 755 2491 n0n3
773 2404 888 2479 immo
907 2402 999 2480 dixit
1012 2403 1215 2479 veritatem.

378 2663 494 2739 ltem
516 2660 630 2738 frater
650 2660 877 2766 Reginaldus
903 2662 951 2738 de
975 2662 1168 2747 Fontanus,
1195 2661 1301 2739 etatis
1323 2661 1474 2766 triginta
1498 2687 1684 2738 annorum
1712 2664 1770 2739 vel

346 2791 457 2880 circa,
478 2790 626 2897 juratus
652 2791 787 2867 eodem
812 2790 928 2870 modo
951 2808 991 2869 et
1013 2790 1215 2896 requisitus
1240 2790 1287 2866 de
1311 2807 1482 2896 ternpore
1508 2800 1544 2868 e't
1565 2793 1680 2869 modo
1701 2821 1766 2870 sue

345 2921 590 3026 reccpcionis,
609 2921 701 2999 dixit
720 2949 787 3026 per
798 2922 1057 3027 jurameutum·
1073 2949 1184 2998 suum
1199 2920 1305 3026 quod·
1316 2920 1388 2998 fuit
1407 2940 1578 3027 receptus
1597 2923 1637 2999 in
1653 2923 1767 3001 domo

348 3050 613 3135 dessoloribus
632 3052 673 3127 iu
690 3051 780 3141 Ota,
797 3051 1035 3156 per-fratrem
1056 3052 1100 3128 ll.
1123 3051 1172 3129 de
1191 3052 1376 3138 Paraudo,
1399 3052 1530 3129 decern
1551 3053 1637 3129 anni
1664 3071 1765 3142 suut,

347 3182 580 3285 presentibus
604 3180 715 3260 fratre
735 3184 893 3288 Hugone
915 3183 964 3260 de
982 3181 1127 3261 Chaluu
1147 3197 1287 3288 nepote
1295 3182 1395 3260 uicti
1418 3182 1541 3259 fratris
1564 3181 1608 3261 H.
1626 3183 1673 3260 de
1701 3187 1766 3262 Pa·

347 3311 479 3399 raudo,
502 3331 540 3389 et
564 3312 791 3418 quibusdam
810 3315 891 3390 aliis
912 3314 960 3391 de
981 3340 1144 3420 quorum
1166 3312 1383 3390 nominibus
1406 3337 1483 3392 uon
1502 3312 1644 3391 recolit.
1669 3315 1773 3393 Dixit

349 3443 465 3525 eriam
496 3470 564 3548 per
586 3444 845 3550 jurameutum
876 3470 987 3523 suum
1010 3445 1131 3550 quod,
1152 3463 1240 3550 post
1266 3443 1402 3521 multus
1425 3444 1695 3550 promissiones
1721 3446 1768 3524 de

348 3574 492 3655 statutis
510 3591 548 3651 et
570 3575 722 3652 secretis
748 3575 836 3651 dicti
856 3575 1000 3652 ordinis
1015 3574 1262 3653 observandis
1282 3573 1412 3662 lactas,
1437 3574 1560 3652 dictus
1587 3574 1770 3679 recipiens

349 3702 512 3781 ostendit
525 3703 598 3780 sibi
613 3732 763 3780 crucem
775 3705 814 3781 iu
827 3704 993 3809 quadarn
1006 3703 1160 3795 missali,
1176 3721 1215 3780 et
1226 3704 1395 3810 precepit
1408 3704 1479 3780 sibi
1493 3705 1596 3810 quod
1612 3706 1768 3784 Jbesum

348 3831 537 3909 Christum
551 3831 767 3939 abnegaret,
784 3849 820 3908 et
833 3832 937 3938 quod
949 3850 1099 3937 spueret
1113 3861 1223 3938 supra
1232 3861 1396 3921 crucem,
1411 3835 1475 3940 qui
1490 3833 1577 3912 fecit
1588 3836 1766 3940 predicta.

348 3959 447 4037 Dixit
465 3963 582 4038 eciam
602 3989 669 4067 per
684 3963 939 4069 juramentum
960 3990 1070 4040 suum
1089 3962 1193 4069 quod
1216 3963 1402 4041 osculatus
1422 3962 1494 4039 suit
1512 3965 1653 4043 dictum
1677 3967 1769 4040 reci-

347 4091 512 4196 pientem
540 4094 579 4170 in
610 4121 674 4171 ore
700 4110 739 4170 et
762 4093 801 4169 in
822 4091 1010 4177 ,umbilico
1031 4109 1072 4170 et
1093 4092 1131 4169 iu
1155 4091 1231 4171 fine
1256 4094 1362 4199 spiue
1386 4082 1626 4198 dorsptDiait
1653 4094 1768 4172 eciam

348 4249 416 4325 per
423 4221 678 4327 juramentum
698 4251 813 4302 suum
826 4224 930 4329 quod
949 4223 1157 4331 injunctum
1176 4224 1248 4302 fuit
1268 4223 1341 4302 sibi
1359 4224 1469 4331 quod
1481 4225 1639 4303 omniuo
1657 4224 1772 4301 absti-

348 4367 489 4433 neret-a
506 4352 743 4447 mulieribus,
758 4372 795 4433 et
808 4354 839 4452 si
853 4354 952 4440 celox
966 4353 1146 4437 naturalis
1158 4373 1325 4433 moveret
1339 4384 1444 4444 eum,
1457 4355 1719 4434 commisceret
1731 4385 1770 4434 se

349 4509 435 4559 cum
455 4482 536 4559 aliis
555 4481 747 4576 iratribus,
769 4502 807 4562 et
826 4485 900 4563 boc
919 4485 1022 4567 idem
1039 4484 1087 4562 de
1106 4484 1188 4565 aliis
1207 4484 1381 4569 fratribus
1396 4500 1598 4593 pateretur.
1619 4486 1721 4565 Dixit
1735 4505 1772 4565 et

349 4640 416 4716 per
429 4612 688 4718 juramentum
705 4642 818 4695 suum
836 4616 939 4721 quod
960 4615 1079 4695 credit
1094 4616 1199 4722 quod
1216 4643 1347 4695 omnes
1365 4617 1427 4695 alii
1445 4616 1559 4700 simili
1576 4617 1694 4724 modo
1711 4647 1771 4695 re·

351 4743 542 4848 cipiantur.

402 4876 620 4980 llequisitus
633 4877 825 4968 utrumvi,
846 4877 904 4956 vel
916 4895 1021 4959 metu
1041 4880 1197 4957 carceris
1217 4880 1277 4959 vel
1293 4898 1588 4973 tormentorum,
1607 4882 1772 4987 aliquam
