4236 5948
352 522 424 597 aas
742 506 937 598 procus
963 525 1059 597 ons
1084 523 1383 598 reuertens.

351 666 463 742 lactas
482 664 528 741 ab
549 692 594 741 eo
615 662 663 740 de
680 665 825 742 statutis
840 663 929 744 dicti
948 664 1091 745 ordinis
1108 664 1363 754 observandis,
1381 682 1419 742 et
1437 662 1615 742 mantello
1629 666 1679 741 ad
1695 668 1774 747 col·

349 795 429 873 lnm
442 795 581 901 posito,
596 792 696 872 idem
709 793 891 900 recipiens
903 794 1068 872 ostendit
1081 794 1150 874 sibi
1164 797 1367 904 quamdam
1380 824 1544 883 crucem,
1559 813 1597 873 et
1608 799 1775 906 precepit

349 927 422 1005 sibi
441 927 546 1034 quod
561 956 674 1032 supra
693 925 795 1004 illam
817 944 985 1032 spueret,
1004 945 1041 1005 et
1062 928 1167 1034 quod
1186 926 1389 1035 abnegaret
1405 928 1552 1035 signum
1569 928 1709 1020 omnim
1736 946 1774 1007 et

349 1059 428 1164 ipse
453 1057 633 1135 recusavit
657 1056 776 1135 lacere
802 1076 984 1165 quantum
1005 1059 1146 1164 potnit,
1169 1077 1207 1136 et
1227 1075 1317 1136 tunc
1337 1059 1457 1136 dictus
1476 1059 1660 1164 recipiens
1681 1059 1774 1138 dixit

349 1189 419 1265 sibi
433 1189 552 1296 quod,
571 1189 641 1265 nisi
657 1187 811 1277 faceret,
827 1190 906 1294 ipse
921 1200 1079 1296 poneret
1094 1218 1180 1267 eum
1196 1189 1236 1277 in
1254 1219 1397 1271 carcerc
1417 1207 1617 1295 perpetum
1632 1207 1670 1267 et
1683 1208 1774 1268 tunc

348 1320 436 1397 lecit
453 1320 680 1425 compulsus.

404 1452 655 1557 Interrogatus
671 1453 718 1528 de
734 1453 879 1541 osculo,
901 1452 994 1530 dixit
1015 1481 1082 1558 per
1096 1453 1354 1561 juramentum
1375 1482 1486 1534 suum
1508 1453 1616 1561 quod
1631 1453 1773 1533 oscula·

346 1599 407 1657 tus
433 1581 506 1659 luit
529 1581 672 1660 dictum
692 1582 933 1688 recipientem
956 1583 995 1659 in
1014 1582 1193 1661 umbilico
1218 1602 1255 1660 et
1278 1584 1316 1660 in
1341 1611 1419 1662 ore.
1445 1584 1548 1664 Dixit
1561 1585 1684 1662 ⁴eciam
1706 1613 1773 1690 per

342 1712 598 1818 juramentum
616 1741 727 1791 suum
746 1713 851 1819 quod
870 1714 1037 1820 precepit
1056 1713 1126 1793 sibi
1146 1715 1250 1821 quod
1269 1714 1499 1793 oscularetur
1517 1744 1611 1793 eum
1631 1716 1671 1792 in
1695 1715 1772 1791 line

348 1844 452 1949 spine
474 1843 592 1928 dorsi,
615 1843 682 1919 sed
701 1841 833 1920 noluit.
852 1844 1066 1951 Requisitus
1086 1844 1134 1920 de
1154 1863 1240 1923 voto
1260 1845 1450 1935 castitatis,
1473 1846 1566 1923 dixit
1583 1874 1652 1952 per
1667 1845 1771 1951 jure·

347 1991 516 2052 mentum
536 2003 648 2052 suum
668 1974 773 2080 quod
795 1973 999 2053 inhibitum
1024 1974 1096 2052 luit
1120 1974 1192 2053 sibi
1218 1976 1322 2082 quod
1350 2005 1426 2053 non
1454 1977 1712 2054 commisceret
1731 2005 1769 2053 se

347 2098 433 2182 cum
450 2103 685 2192 mulieribus,
705 2121 742 2181 et
760 2104 865 2209 quod
884 2105 914 2181 si
931 2104 1221 2183 calor-naturalis
1239 2124 1405 2184 moveret
1419 2107 1648 2213 eumsquod
1668 2134 1770 2185 com·

348 2237 520 2312 misceret
540 2263 579 2310 se
601 2234 875 2312 cumfratribus
890 2237 981 2325 suis,
1003 2252 1040 2312 et
1055 2235 1127 2313 hoc
1140 2236 1187 2312 ab
1202 2235 1283 2313 aliis
1305 2252 1506 2342 pateretur.
1533 2237 1634 2315 Dixit
1653 2238 1769 2315 eciam

347 2365 452 2473 quod
469 2394 661 2471 nunquam
680 2364 784 2453 fecit,
802 2394 872 2442 nec
890 2364 962 2442 fuit
979 2365 1194 2472 requisitus.

403 2497 654 2603 Interrogatus
665 2495 696 2574 si
705 2523 901 2601 nunquam
914 2495 1008 2571 vidit
1021 2494 1162 2602 aliquos
1176 2495 1308 2575 fratres
1322 2497 1435 2602 recipi
1451 2497 1490 2573 in
1505 2494 1605 2574 dicto
1618 2497 1768 2587 ordine,

315 2663 318 2667 ’
348 2625 446 2705 ἀὶιιίῑΔ
456 2626 561 2733 quod
580 2627 634 2705 sic
652 2653 789 2717 unum,
802 2624 954 2704 fratrem
970 2624 1184 2731 Philippum
1199 2627 1247 2704 de
1260 2627 1403 2732 Supere
1415 2628 1657 2706 Normanum.
1671 2627 1771 2706 Dixit

347 2758 463 2836 eciam
488 2785 556 2863 per
574 2757 831 2864 juramentum
854 2784 969 2833 suum
987 2756 1092 2862 quod
1117 2755 1253 2835 eodem
1273 2758 1388 2835 modo
1415 2756 1507 2835 vidit
1530 2784 1619 2835 eum
1640 2758 1768 2864 recipi.

225 2885 228 2890 ’
346 2888 560 2994 Requisitus
573 2905 701 2964 utrum
717 2885 835 2962 credit
846 2884 951 2992 quod
967 2885 1030 2963 alii
1046 2884 1179 2964 eodem
1194 2886 1309 2965 modo
1321 2887 1556 2991 recipiantur,
1568 2887 1770 2995 dixitquod

346 3019 464 3096 credit
482 3019 522 3100 in
541 3018 693 3095 veritate
713 3017 817 3123 quod
837 3016 897 3094 alii
917 3016 1146 3122 recipiantur
1160 3018 1223 3095 ita.
1243 3017 1344 3096 Dixit
1363 3018 1479 3095 eciam
1498 3046 1566 3124 per
1579 3018 1770 3125 juramen-

344 3167 426 3226 tum
450 3177 561 3226 suum
586 3147 690 3255 qnod
715 3146 762 3223 de
790 3147 978 3252 premissis
1003 3146 1193 3224 confessus
1219 3147 1290 3223 fuit
1316 3147 1463 3225 cuidam
1494 3148 1598 3226 fratri
1626 3148 1769 3226 ordinis

344 3281 554 3368 Minorum,
575 3280 639 3384 qui
661 3278 753 3354 dixit
771 3278 876 3384 quod
893 3304 973 3354 non
992 3294 1138 3384 poterat
1158 3306 1244 3355 eum
1260 3277 1469 3366 absolvere,
1486 3296 1524 3356 et
1543 3279 1646 3384 quod
1659 3308 1770 3385 opor-

343 3406 447 3488 tebat
461 3408 566 3516 quod
587 3409 658 3485 iret
677 3408 725 3486 ad
739 3407 869 3487 sedem
884 3408 1136 3512 apostolicam.
1188 3473 1190 3476 Α

399 3540 613 3645 Requisitns
633 3556 762 3616 utrum
777 3540 830 3626 vi,
849 3537 907 3615 vel
926 3555 1031 3615 metu
1050 3538 1204 3633 carceris
1218 3538 1276 3615 vel
1290 3556 1581 3627 tormentorum,
1601 3540 1767 3646 aliquam

344 3669 478 3746 dixerit
494 3669 688 3747 falsitatem
709 3688 774 3747 aut
792 3669 1036 3747 immiscuerit
1052 3669 1093 3745 in
1112 3669 1350 3776 deposicione
1370 3697 1451 3759 sua,
1474 3670 1565 3746 dixit
1583 3698 1651 3775 per
1665 3672 1770 3777 jura·

267 3840 269 3844 ⁷
344 3818 512 3880 mentum
531 3828 642 3880 suum
662 3800 767 3907 quod
785 3828 882 3891 non;
898 3803 1015 3878 immo
1036 3799 1128 3879 dixit
1140 3800 1344 3878 veritatem.

398 4066 491 4142 Item
506 4062 620 4141 frater
633 4063 804 4143 Mathcus
814 4063 884 4143 des
897 4064 1080 4158 Quesn0i‚
1100 4063 1206 4141 etatis
1220 4062 1371 4169 triginta
1386 4062 1551 4141 duorum
1565 4090 1765 4150 annorum,

335 4195 483 4303 juratus
503 4195 639 4276 eodem
658 4194 774 4274 modo
799 4212 838 4274 et
859 4195 1061 4301 requisitus
1082 4195 1131 4273 de
1148 4211 1320 4300 tempore
1342 4212 1380 4273 et
1403 4195 1518 4277 modo
1544 4221 1614 4271 sue
1634 4222 1767 4299 recep·

341 4325 472 4416 cieris,
488 4326 580 4405 dixit
590 4354 658 4432 per
667 4325 923 4438 juramentum
935 4324 1339 4435 suumquodreceptus
1348 4323 1529 4432 liiitapud
1540 4323 1765 4414 soisiacum,

340 4455 524 4535 sexdecim
546 4458 632 4535 anni
657 4474 745 4535 sunt
769 4457 901 4564 elapsi,
930 4487 999 4565 per
1020 4456 1173 4536 fratrem
1200 4457 1410 4536 Johannem
1437 4459 1485 4535 de
1511 4458 1647 4535 ‚Turno
1676 4473 1768 4535 tunc

341 4587 612 4667 thesaurarium
638 4588 785 4695 Templi
814 4588 1044 4680 parisiensis,
1077 4586 1311 4693 presentibus
1340 4586 1452 4665 fratrc
1485 4585 1682 4692 Radulpbo
1718 4587 1767 4665 de

340 4716 567 4823 Hardiriller
580 4735 617 4796 et
639 4719 864 4826 quibusdam
886 4719 967 4800 aliis
989 4720 1162 4809 mortuis,
1188 4719 1236 4796 de
1257 4748 1421 4827 quorum
1446 4718 1664 4797 nominibus
1688 4745 1766 4798 non

339 4845 481 4934 recolit.
508 4848 609 4957 Dixit
640 4850 756 4929 eciam
772 4878 841 4956 per
859 4849 1118 4956 juramentum
1136 4877 1247 4929 suum
1277 4851 1399 4956 quod¹
1420 4847 1658 4955 posttmultas
1678 4875 1767 4954 pm·
