4236 5948
745 553 938 646 PROCES
964 574 1059 646 nas
1086 575 1386 649 renarrans.
1732 585 1779 653 27

351 709 500 816 injuste.
519 711 697 820 Postque
713 713 895 822 imposuit
910 717 944 794 ei
961 717 1204 808 mantellum,
1221 719 1323 798 dicto
1336 719 1548 828 presbitero
1562 741 1781 830 aspergente

351 869 484 949 aquarn
514 841 755 923 benedictam
779 876 891 955 supra
914 877 1002 925 eum
1029 867 1066 926 et
1090 849 1232 958 aliquas
1253 851 1446 929 oraciones
1472 853 1644 944 dicente,
1667 869 1704 930 et
1721 881 1781 931 re-

351 990 478 1079 ceptor
498 993 536 1052 et
554 994 717 1056 astantes
737 979 893 1057 fuerunt
909 1010 1005 1058 eum.
1016 982 1174 1059 osculati
1194 983 1233 1058 in
1256 1012 1333 1062 ore.
1357 985 1444 1078 Quo
1465 982 1581 1074 facto,
1605 985 1780 1062 instruxit

349 1133 436 1182 eum
456 1125 552 1214 quot
571 1108 685 1186 Pater
702 1127 817 1190 noster
837 1111 980 1189 diceret
998 1142 1067 1220 pro
1088 1114 1193 1192 horis
1213 1116 1308 1204 suis,
1328 1116 1433 1224 quod
1450 1117 1592 1224 jaceret
1611 1145 1698 1194 cum
1721 1147 1780 1194 ca·

348 1237 430 1344 ligis
451 1254 489 1315 et
508 1237 756 1358 femoralibus
782 1260 820 1320 et
847 1244 998 1323 camisia
1023 1244 1150 1338 lineis,
1178 1274 1254 1324 una
1279 1247 1435 1326 cordula
1458 1248 1561 1325 unde
1585 1248 1699 1327 vellet
1725 1278 1781 1327 as·

348 1384 495 1476 sumpta
515 1371 676 1466 cinctus,
690 1392 727 1452 et
739 1375 902 1483 qualiter
913 1396 1063 1486 regeret
1074 1407 1113 1454 se
1130 1379 1170 1454 in
1181 1379 1327 1457 ordine.
1343 1381 1520 1487 Postque
1535 1380 1779 1488 inpresencia

348 1502 605 1608 predictorum
626 1508 795 1613 precepit
814 1508 849 1584 ei
869 1509 975 1615 quod
1003 1511 1206 1617 abnegaret
1226 1512 1367 1602 Deum,
1391 1529 1428 1588 et
1452 1538 1498 1589 eo
1524 1511 1778 1617 respondente

347 1633 450 1741 quod
469 1635 543 1712 hoc
567 1663 645 1713 non
671 1635 827 1731 faceret,
850 1638 944 1716 dixit
970 1642 1074 1748 quod
1092 1642 1165 1719 hoc
1191 1643 1390 1750 oportebat
1413 1671 1501 1719 eum
1522 1641 1659 1734 facere,
1689 1645 1778 1749 quia

346 1765 429 1842 talis
455 1784 534 1844 erat
558 1769 796 1847 consuetudo
825 1771 985 1864 ordinis,
1012 1790 1051 1851 et
1074 1791 1165 1850 tunc
1193 1775 1273 1880 ipse
1298 1774 1405 1851 testis
1431 1773 1628 1883 abnegavit
1653 1774 1777 1852 Deum

347 1928 410 1977 ore
443 1927 522 1977 non
556 1900 687 1990 corde,
724 1918 767 1979 ut
797 1901 900 1979 dixit.
931 1904 1080 1983 Deinde
1104 1906 1273 2012 precepit
1297 1905 1331 1982 ei
1359 1904 1465 2012 quod
1485 1921 1640 2011 spueret
1664 1933 1778 2012 super

346 2032 551 2139 quamdam
576 2062 725 2112 crucem
756 2034 919 2144 ligneam
946 2036 1109 2127 ibidem,
1139 2038 1258 2115 nescit
1281 2064 1350 2144 per
1377 2064 1512 2144 quem,
1542 2035 1711 2126 allatam,
1737 2038 1775 2112 in

346 2192 418 2270 qua
438 2164 544 2242 nulla
565 2183 645 2243 erat
670 2195 804 2277 ymago
832 2167 1032 2260 Crucifixi,
1055 2170 1190 2276 etipse
1210 2171 1316 2248 testis
1340 2169 1441 2277 spuit
1464 2195 1542 2247 non
1569 2196 1682 2276 supra
1709 2170 1776 2246 sed

341 2293 444 2402 juxta
466 2324 560 2375 eam.
582 2300 830 2378 Postmodum
851 2301 1021 2409 precepit
1039 2301 1073 2380 ei
1093 2301 1200 2410 quod
1219 2300 1451 2380 oscularetur
1471 2330 1558 2378 eum
1585 2299 1625 2376 in
1649 2299 1777 2381 umbi-

345 2426 433 2517 lico,
452 2429 492 2506 in
513 2458 590 2536 quo
611 2430 683 2509 fuit
704 2461 792 2509 eum
811 2433 1001 2512 osculatus
1021 2462 1136 2543 super
1156 2434 1363 2525 camisiam3
1385 2433 1456 2509 alia
1473 2432 1604 2510 illicita
1621 2460 1699 2510 non
1720 2434 1777 2510 in·

344 2575 587 2640 tervenerunt
605 2564 644 2640 in
666 2564 765 2642 dicta
785 2594 852 2644 sua
872 2566 1092 2673 recepcione
1115 2566 1175 2645 vel
1194 2584 1291 2674 post.
1318 2566 1535 2674 Requisitus
1559 2565 1589 2642 si
1609 2564 1776 2670 predicta

346 2691 473 2771 illicita
504 2694 805 2774 interveniebant
835 2699 875 2776 in
903 2699 1193 2806 recepcionibus
1221 2700 1383 2778 aliorum
1417 2696 1577 2776 fratrum
1608 2696 1789 2790 ordinis,

345 2826 540 2933 respondit
554 2829 661 2935 quod
674 2829 881 2919 nesciebat,
901 2859 971 2907 nec
989 2830 1136 2909 viderat
1155 2830 1255 2922 fieri,
1278 2857 1349 2907 nec
1367 2828 1561 2905 audiverat
1578 2825 1652 2905 dici
1668 2830 1777 2933 quod

346 2956 495 3047 fierent,
518 2987 587 3036 nec
608 2961 748 3039 sciebat
773 2961 879 3068 quod
904 2961 1091 3050 crederet,
1118 2978 1156 3038 et
1180 2961 1211 3037 si
1234 2958 1390 3038 forsitan
1412 2957 1712 3036 interveniebant
1736 2959 1775 3034 in

346 3091 630 3200 recepcionibus
644 3092 879 3199 aliquorum,
898 3122 976 3170 non
993 3092 1115 3171 credit
1127 3092 1233 3200 quod
1248 3090 1519 3169 intervenirent
1534 3091 1573 3166 in
1588 3088 1777 3195 recepcio-

347 3223 458 3302 nibus
485 3225 675 3315 omnium3
698 3252 786 3302 nam
816 3223 960 3301 viderat
984 3223 1024 3301 in
1049 3225 1147 3302 dicta
1172 3222 1330 3329 capella,
1356 3249 1424 3330 per
1454 3220 1597 3299 dictum
1622 3219 1774 3297 fratrem

345 3356 583 3463 Philippum,
612 3356 727 3462 recipi
754 3354 906 3433 fratrem
935 3356 1089 3434 Petrum
1110 3355 1226 3465 Agate
1248 3354 1458 3462 quondam,
1482 3369 1664 3461 nepotem
1684 3351 1775 3429 dicti

344 3489 526 3597 Philippi,
553 3490 593 3564 in
613 3487 753 3597 vigillia
781 3487 959 3597 Symonis
984 3505 1023 3565 et
1046 3489 1144 3566 Jude
1170 3487 1430 3595 apostolorum
1457 3484 1616 3563 fuerunt
1644 3483 1776 3562 decem

341 3621 430 3698 anni
466 3620 525 3698 vel
555 3620 666 3707 circa,
700 3620 941 3726 presentibus
970 3620 1071 3697 dicto
1102 3637 1231 3697 curato
1257 3637 1296 3697 et
1319 3618 1499 3696 fratribus
1518 3615 1707 3695 Richardo
1728 3615 1775 3694 de

341 3751 825 3860 Sanquenvillaquondam,
837 3769 875 3829 et
883 3751 965 3829 aliis
978 3779 1143 3859 quorum
1156 3751 1313 3829 nomina
1323 3765 1362 3828 et
1375 3748 1599 3856 cognomina
1609 3748 1774 3858 ignorat,

341 3885 382 3961 in
402 3886 512 3993 cujus
525 3885 747 3991 recepcione
763 3882 880 3961 nichil
895 3884 990 3961 vidit
1006 3885 1088 3962 fieri
1111 3883 1307 3973 illicitum,
1323 3909 1395 3959 nec
1412 3880 1556 3958 audivit
1572 3881 1680 3989 quod
1691 3898 1777 3988 post

340 4017 598 4095 interveniret.
615 4019 722 4105 Item,
742 4017 836 4094 dixit
847 4016 953 4123 quod
970 4017 1050 4125 ipse
1067 4015 1167 4094 bene
1187 4014 1365 4093 credebat
1381 4012 1642 4091 ecclesiasticis
1656 4037 1776 4090 sacra-

342 4150 498 4242 mentis,
516 4166 555 4226 et
570 4149 691 4227 credit
705 4149 812 4258 quod
827 4149 888 4226 alii
903 4147 1036 4227 fratres
1050 4148 1149 4227 bene
1166 4150 1381 4235 crederent,
1400 4162 1439 4221 et
1453 4143 1558 4251 quod
1574 4170 1708 4221 eorum
1722 4170 1777 4218 sa·

343 4282 514 4360 cerdotes
533 4281 660 4359 debite
679 4282 928 4369 celebrarent..
941 4281 1146 4359 Dicebatur
1164 4281 1218 4359 eis
1238 4279 1345 4387 quod
1364 4277 1489 4356 statim
1509 4302 1579 4384 pro
1599 4271 1776 4380 professis

344 4413 594 4491 habebantur.
614 4413 858 4492 Clandestine
874 4406 1166 4522 recipiebantur,
1178 4411 1296 4490 nullis
1308 4408 1550 4519 presentibus
1565 4403 1635 4482 nisi
1652 4401 1777 4482 fratri·

343 4546 415 4624 bus
426 4546 585 4637 ordinis,
605 4573 648 4622 ex
665 4575 741 4653 quo
758 4547 970 4625 habebatur
981 4546 1144 4653 suspicio
1158 4562 1373 4621 contraeas.
1391 4540 1467 4635 Qui
1477 4537 1704 4617 revelassent
1719 4566 1777 4615 se·

345 4696 441 4757 creta
463 4678 715 4785 capitulorum
742 4679 866 4785 puniti
893 4679 1067 4767 fuissent,
1102 4677 1220 4755 nescit
1248 4669 1420 4782 qualiter.
1442 4671 1595 4779 Absque
1621 4670 1776 4747 licencia

346 4840 421 4889 non
442 4828 616 4918 poterant
635 4811 806 4909 confiteri
830 4813 903 4891 nisi
925 4810 1184 4890 sacerdotibus
1198 4807 1360 4898 ordinis,
1382 4808 1413 4885 si
1434 4833 1567 4884 eorum
1587 4801 1778 4883 habebant

348 4946 504 5051 copiam.
524 4945 695 5024 Scientes
716 4973 862 5025 errores
887 4945 1044 5024 fuerunt
1061 4943 1297 5054 negligentes
1319 4941 1408 5048 quia
1436 4966 1514 5019 non
1535 4950 1778 5015 correxerunt

1640 5075 1669 5138 d.
