4236 5948
730 524 926 616 rnocus
950 544 1046 616 uns
1071 544 1370 617 TEMPLIERS.
1688 542 1761 617 aiis

342 683 545 791 predictam
570 681 837 762 confessionem
860 684 1025 765 secerimt
1043 685 1134 763 salso
1154 685 1269 763 modo
1292 701 1329 761 et
1354 701 1480 762 contra
1507 710 1656 759 omnem
1676 688 1764 762 veri-

237 848 238 851 *
342 834 473 906 tatem,
497 834 534 892 et
556 814 630 894 hoc
650 818 743 896 dixit
760 848 799 896 se
820 822 971 899 credere
992 821 1077 898 ideo
1098 823 1184 928 quia
1201 841 1321 900 certus
1342 840 1397 899 est
1412 823 1459 899 de
1479 851 1518 898 se
1539 821 1636 925 ipso,
1661 834 1697 893 et
1718 817 1764 895 dc

342 947 422 1024 aliis
446 945 564 1023 credit
587 949 681 1025 sicut
701 949 747 1026 de
775 981 830 1039 se,
857 982 942 1029 cum
972 953 1109 1059 quibus
1135 971 1367 1031 conversatus
1383 971 1437 1029 est
1461 953 1498 1028 in
1529 952 1625 1027 dicta
1650 947 1764 1024 domo

342 1079 458 1156 Mansi
478 1079 549 1156 Dei
569 1079 710 1158 ordinis
730 1081 928 1188 supradicti
950 1100 987 1160 et
1010 1083 1097 1161 alibi
1119 1083 1247 1161 fratres
1272 1084 1359 1160 dicti
1386 1082 1528 1159 ordinis
1552 1108 1627 1157 uon
1656 1078 1767 1154 comi-

343 1210 430 1286 sisse
450 1210 627 1314 predicta.

399 1338 456 1414 Ad
474 1338 593 1418 lxxxvi
613 1341 809 1418 articulum
824 1344 1051 1450 respondens
1069 1342 1264 1452 diligenter
1276 1345 1535 1449 iuterrogatus,
1558 1340 1649 1416 dixit
1663 1338 1767 1452 quod

343 1469 501 1546 fratch.
520 1470 566 1545 de
579 1470 746 1548 Cerdone
766 1474 937 1579 magister
953 1474 1140 1580 quondam
1154 1475 1336 1582 Aragonie
1357 1473 1497 1550 ordinis
1513 1471 1600 1549 dicti
1618 1469 1765 1576 Templi

348 1599 445 1705 apud
461 1601 697 1692 Miravetum,
712 1601 777 1707 qui
793 1602 897 1679 locus
917 1604 1070 1680 estdicti
1086 1605 1232 1711 Templi
1245 1622 1282 1681 et
1297 1621 1352 1680 est
1362 1604 1402 1680 in
1410 1599 1612 1689 catalonia,
1627 1600 1767 1704 recepit

344 1730 465 1835 ipsum
481 1730 630 1808 fratrem
647 1733 911 1840 Berengarium
934 1753 970 1810 et
984 1735 1215 1813 Bernardum
1228 1734 1475 1822 Gaucerandi‚
1498 1730 1699 1810 Geraldum
1718 1731 1765 1806 de

344 1859 572 1939 Rochamora
590 1880 627 1939 et
645 1864 784 1941 multos
802 1862 895 1942 alios
914 1865 1051 1942 milites
1067 1884 1104 1944 et
1121 1896 1195 1944 non
1213 1867 1365 1953 milites,
1383 1892 1501 1972 usque
1515 1891 1715 1940 numerum
1730 1888 1766 1937 ix

344 1990 399 2066 vel
414 2018 451 2081 x,
474 1993 512 2068 in
532 1992 661 2071 iratres
688 1994 829 2071 ordinis
850 1994 1064 2102 supradicti,
1087 1997 1238 2073 infesto
1259 1997 1372 2073 sancti
1392 1994 1577 2072 Laurentii
1598 1993 1767 2099 proxime

343 2125 536 2228 preterito,
546 2141 588 2201 ut
602 2123 735 2214 credit,
754 2125 905 2204 fuerunt
915 2156 1048 2207 novem
1065 2128 1149 2203 anni
1167 2127 1281 2233 elapsi
1297 2127 1354 2203 vel
1367 2126 1479 2212 circa,
1497 2125 1535 2200 iu
1549 2122 1664 2201 domo
1678 2121 1766 2199 dicti

343 2254 490 2360 Templi
514 2254 580 2331 ubi
607 2256 808 2363 capitulum
839 2259 957 2334 teneri
985 2258 1174 2335 consuevit
1197 2257 1236 2333 in
1262 2256 1361 2334 dicto
1386 2272 1504 2332 castro
1530 2254 1576 2330 de
1596 2253 1765 2339 Miravet‚

343 2382 576 2488 presentibus
596 2401 632 2460 et
650 2385 791 2462 ibidem
810 2388 1010 2464 astantibus
1023 2388 1065 2464 B.
1084 2387 1130 2463 de
1147 2388 1278 2465 Sancto
1293 2388 1313 2463 J
1317 2404 1414 2474 usto,
1434 2387 1544 2461 Petro
1560 2383 1606 2459 de
1625 2381 1768 2461 Vilalba

345 2532 381 2589 et
390 2514 516 2590 multis
531 2514 611 2591 aliis
624 2514 797 2592 fratribus
814 2536 850 2593 et
867 2516 1147 2623 preceptoribus
1161 2516 1250 2594 dicti
1264 2515 1425 2621 Templi.
1443 2516 1499 2591 De
1515 2513 1629 2591 modo
1644 2529 1768 2589 autem

344 2673 408 2720 sue
429 2645 655 2749 recepcionis
676 2662 714 2722 et
732 2644 890 2723 aliorum
907 2674 942 2722 ix
961 2646 1018 2722 vel
1039 2647 1143 2757 iqui
1164 2646 1332 2723 similiter
1352 2645 1503 2721 fuerunt
1521 2643 1660 2749 recepti
1681 2670 1767 2718 cum

344 2776 423 2879 ipso
442 2776 507 2881 qui
527 2775 708 2882 loquitur,
728 2777 766 2851 iii
787 2776 960 2853 omuibus
981 2794 1020 2853 ct
1040 2805 1108 2883 per
1128 2777 1253 2854 omnia
1273 2777 1311 2851 in
1330 2773 1466 2851 effectu
1485 2772 1577 2849 dixit
1596 2790 1633 2848 et
1654 2771 1768 2879 depo-

344 2906 416 2980 suit
435 2921 479 2981 ut
496 2906 639 3012 primus
660 2906 764 2983 testis
782 2906 956 3013 deposuit
969 2936 1080 3013 super
1100 2907 1235 2984 eodem
1256 2904 1426 2990 articulo,
1450 2920 1487 2979 et
1500 2920 1543 2981 ut
1556 2901 1768 2978 continetur

346 3036 382 3109 iii
408 3033 506 3112 dicto
526 3034 623 3113 libro
643 3065 710 3142 per
733 3036 854 3142 ipsum
875 3038 1038 3144 primum
1054 3055 1187 3114 testem
1202 3035 1386 3124 exhibito,
1406 3034 1615 3111 continente
1634 3048 1767 3108 statuta

347 3181 383 3240 et
403 3164 567 3272 regulam
590 3165 730 3242 ordinis
748 3166 959 3273 supradicti.

402 3296 459 3373 Ad
473 3296 606 3374 lxxxvii
622 3316 659 3374 et
677 3296 822 3376 lxxxviii
838 3316 877 3376 et
887 3299 1060 3376 ultimum
1075 3297 1248 3375 articulos
1262 3295 1490 3403 respondens
1504 3295 1765 3399 interrogntus,

300 3505 305 3515 ,
346 3426 436 3503 dixit
452 3456 491 3503 se
512 3428 652 3503 nescire
674 3455 741 3503 nec
761 3429 963 3534 capitauec
982 3427 1092 3536 ydola
1111 3458 1180 3505 uec
1195 3428 1319 3534 aliqua
1339 3427 1408 3503 alia
1428 3425 1467 3501 in
1486 3424 1592 3501 dictis
1605 3422 1767 3501 articulis

345 3575 529 3646 contenta,
552 3586 620 3633 uec
640 3557 775 3647 credit,
802 3589 887 3635 cum
908 3588 983 3636 non
1005 3559 1079 3637 sint
1101 3560 1196 3637 dicta
1217 3559 1334 3664 capita
1353 3586 1422 3634 nec
1435 3555 1545 3663 ydola
1563 3553 1609 3631 de
1630 3553 1767 3659 quibus

345 3686 396 3763 ibi
417 3687 537 3792 agitur
555 3716 625 3763 nec
643 3705 741 3765 retro
762 3688 901 3765 fuerint
920 3717 1028 3798 posse
1059 3691 1097 3766 in
1125 3690 1207 3767 loco
1235 3689 1359 3794 aliquo
1392 3688 1482 3764 dicti
1507 3685 1648 3762 ordinis
1668 3685 1767 3760 iuve-

344 3846 426 3892 uiri.

402 3947 523 4051 Super
552 3946 632 4024 aliis
655 3974 741 4026 vero
772 3948 818 4025 de
849 3948 987 4055 quibus
1014 3949 1217 4057 precipitur
1235 3949 1317 4026 [ieri
1346 3946 1537 4052 inquisitio
1567 3944 1763 4051 generalis,

343 4095 454 4183 prout
473 4078 591 4154 visum
611 4079 681 4154 suit
700 4079 799 4157 dicto
827 4080 980 4159 domino
1001 4083 1174 4189 episcopo
1196 4098 1232 4157 et
1249 4078 1425 4186 predictis
1437 4076 1517 4154 aliis
1534 4074 1694 4153 dominis
1709 4103 1767 4151 ca·

344 4209 485 4285 nonicis
501 4227 538 4286 et
549 4208 730 4317 religiosis
744 4211 831 4288 viris
850 4211 1122 4317 inquirentibus
1139 4211 1277 4316 pariter
1296 4238 1380 4286 cum
1401 4206 1551 4294 eodem,
1567 4204 1766 4311 requisitus

346 4339 436 4417 dixit
454 4370 492 4417 se
514 4341 671 4447 amplius
690 4340 804 4418 nichil
820 4343 924 4418 scire.

400 4602 486 4678 Post
505 4600 591 4690 hec,
613 4629 708 4679 anuo
729 4630 803 4709 quo
824 4632 950 4710 supra,
981 4630 1039 4681 xvi
1060 4599 1232 4681 kalendas
1257 4601 1450 4695 februarii,
1480 4598 1668 4706 predictus
1698 4597 1767 4672 do·

344 4732 466 4807 minus
495 4732 690 4838 episcopus
715 4763 788 4810 uua
819 4760 904 4809 cum
936 4733 1110 4840 predictis
1137 4734 1222 4812 viris
1248 4733 1320 4810 sibi
1346 4731 1531 4810 associatis
1554 4745 1590 4804 et
1616 4726 1767 4804 notariis

344 4859 561 4968 supradictis
585 4863 735 4940 accessit
752 4862 994 4959 personaliter
1012 4864 1059 4943 ad
1085 4864 1239 4941 domum
1259 4863 1461 4969 predictam
1484 4858 1601 4939 Mami
1620 4858 1707 4944 Dei,
1731 4874 1769 4932 et

429 5020 533 5075 ruociis
550 5037 601 5076 uus
617 5036 839 5079 inuisimu—
853 5039 885 5077 ii.
1558 5015 1595 5093 57
