4236 5948
497 410 547 477 ,ἐξ

619 524 814 617 rnocts
846 543 943 616 ons
973 541 1284 617 ravennas.
1586 547 1657 621 rso
1695 522 1700 531 '

233 679 434 791 quamdam
455 682 604 758 crucem
623 682 786 790 ligneam
808 684 848 760 in
870 701 969 761 terra
994 685 1174 791 positam,
1197 683 1315 761 nescit
1340 708 1408 788 per
1431 711 1546 790 quem
1572 685 1658 762 alla-

130 860 133 865 ·
231 832 325 904 tam,
347 812 386 888 in
407 838 482 917 qua
501 838 579 888 non
604 831 683 890 erat
708 842 841 922 ymago
870 810 1064 903 Crucifixi,
1091 831 1130 890 et
1151 815 1230 921 ipse
1251 813 1357 890 testis
1378 812 1502 890 noluit
1522 843 1657 921 spuere
1691 828 1694 833 '

230 971 360 1050 supra,
392 939 459 1019 sed
484 941 586 1048 spuit
612 959 672 1021 ter
692 943 797 1052 juxta
821 972 915 1020 eam.
938 944 1027 1021 Post
1048 973 1123 1051 que
1144 944 1247 1021 idem
1273 958 1444 1050 receptor
1470 944 1658 1023 osculatus

229 1073 301 1151 luit
326 1074 453 1180 ipsum
479 1088 614 1149 testem
635 1073 675 1149 in
695 1102 805 1152 carne
824 1075 930 1151 nuda
949 1075 989 1150 in
1013 1093 1184 1181 pectore,
1207 1093 1245 1152 et
1272 1074 1365 1151 dixit
1389 1074 1423 1151 ei
1449 1075 1554 1182 quod
1574 1106 1658 1183 pre-

231 1203 328 1281 dicta
345 1219 450 1280 erant
464 1200 679 1310 deponetis
695 1204 850 1282 ordinis.
868 1204 949 1282 Alia
964 1204 1093 1281 illicita
1107 1233 1185 1282 non
1202 1206 1485 1281 intervenerunt
1501 1206 1539 1281 in
1560 1207 1657 1284 dicta

230 1362 295 1411 sua
314 1333 538 1440 recepcione
556 1362 625 1412 nec
644 1352 748 1442 post,
767 1352 805 1412 et
825 1335 944 1412 credit
961 1336 1066 1442 quod
1084 1336 1215 1412 eadem
1236 1334 1335 1411 licita
1361 1352 1399 1411 et
1418 1334 1546 1412 illicita
1567 1366 1657 1416 con-

230 1462 360 1540 lessata
380 1492 451 1570 per
469 1492 556 1540 eum
578 1465 850 1542 intervenirent
869 1467 1122 1542 communiter
1142 1483 1179 1541 et
1199 1465 1343 1572 ubique
1366 1465 1405 1541 in
1429 1467 1658 1573 recepcioni-

230 1595 302 1670 bus
326 1593 487 1671 aliorum
512 1593 670 1672 fratrum
692 1596 837 1673 ordinis
859 1596 916 1672 vel
937 1612 1032 1702 post.
1061 1597 1175 1684 Item,
1202 1596 1294 1672 dixit
1314 1624 1353 1672 se
1377 1595 1530 1673 credere
1550 1597 1656 1705 quod

229 1722 359 1801 iratres
379 1723 469 1802 dicti
486 1725 629 1803 ordinis
641 1725 740 1804 bene
757 1727 954 1803 crederent
969 1727 1224 1804 ecclesiasticis
1242 1727 1499 1818 sacramentis,
1516 1728 1656 1836 quibus

230 1853 307 1960 ipse
330 1855 523 1947 credebat,
550 1873 587 1932 et
606 1858 708 1963 quod
735 1885 868 1934 eorum
892 1857 1103 1934 sacerdotes
1125 1856 1253 1935 debite
1279 1855 1524 1935 celebrarent.
1547 1859 1656 1936 Clan-

231 1985 374 2063 destine
396 1986 684 2093 recipiebantur,
700 1988 815 2065 nullis
833 1987 1071 2094 presentibus
1091 1989 1161 2065 nisi
1182 1987 1361 2064 iratribus
1381 1988 1536 2066 ordinis.
1561 1990 1655 2068 Cor-

230 2116 328 2193 dulis
348 2116 452 2194 unde
468 2117 642 2195 volebant
662 2118 862 2225 assumptis
884 2117 1131 2225 cingebantur
1149 2147 1261 2225 super
1281 2118 1449 2195 camisias
1471 2148 1556 2195 curn
1574 2121 1657 2225 qui·

228 2247 298 2324 bus
316 2247 506 2356 jacebant,
536 2276 579 2324 ex
607 2266 783 2354 precepto
812 2249 1052 2354 superiorum
1080 2278 1249 2326 suorum.
1278 2249 1493 2356 injunctum
1521 2249 1595 2327 luit
1616 2251 1655 2325 in

228 2377 445 2485 recepcione
467 2406 533 2455 sua
554 2377 660 2484 quod
682 2407 759 2456 non
779 2378 960 2457 revelaret
981 2379 1139 2457 modum
1159 2408 1225 2456 suc
1248 2380 1491 2486 recepcionis.
1508 2381 1655 2457 Fratres

229 2508 388 2587 scientes
408 2537 555 2586 errores
575 2509 731 2585 luerunt
751 2509 1000 2618 negligentes,
1029 2509 1118 2615 quia
1145 2539 1225 2587 non
1244 2527 1485 2587 correxerunt
1501 2538 1566 2587 eos
1585 2539 1656 2587 nec

229 2637 547 2716 denunciaverunt
563 2639 739 2716 Ecclesie.
762 2639 995 2718 Elemosinas
1022 2658 1060 2716 et
1085 2641 1376 2747 hospitalitatem
1403 2640 1494 2717 vidit
1519 2668 1654 2718 conve-

228 2768 374 2846 nienter
397 2769 482 2846 ficri
510 2787 547 2846 ct
573 2769 708 2845 servari
734 2769 773 2845 in
803 2769 981 2848 domibus
1003 2770 1148 2847 ordinis
1171 2771 1209 2846 in
1232 2770 1372 2876 quibus
1393 2769 1530 2847 exstitit
1552 2798 1654 2846 com-

227 2918 405 2978 moratus.
421 2900 601 2980 Ordinata
615 2930 683 3007 per
696 2900 917 3006 Magistrum
931 2929 1017 2976 curn
1032 2918 1216 2977 conventu
1232 2917 1412 2977 servasset
1424 2918 1527 2977 totus
1542 2899 1650 2988 ordo,

228 3048 268 3107 ut
289 3029 428 3118 credit,
451 3048 579 3108 contra
599 3059 713 3137 quem
737 3058 840 3108 nunc
860 3031 1014 3138 grandia
1034 3029 1223 3119 scandala,
1251 3030 1413 3136 suspicio
1438 3047 1476 3106 et
1499 3029 1653 3107 infamia

226 3180 313 3239 sunt
334 3179 476 3250 exorta,
499 3179 535 3238 et
556 3178 685 3239 contra
710 3188 825 3267 quem
849 3161 953 3237 idem
978 3160 1154 3268 Magister
1179 3177 1216 3235 et
1242 3160 1304 3235 alii
1326 3159 1450 3267 aliqua
1475 3160 1652 3237 dicuntur

226 3289 341 3368 luisse
361 3291 539 3381 consessi3
562 3292 610 3368 ad
631 3291 736 3398 cujus
757 3291 902 3368 ordinis
923 3290 1196 3368 deffensionem
1217 3319 1255 3367 se
1276 3318 1353 3367 non
1374 3289 1575 3367 obtulerat.

282 3422 497 3528 Requisitus
511 3422 540 3499 si
554 3423 606 3499 sic
621 3421 848 3528 deposuerat
858 3451 986 3527 prece,
1004 3438 1199 3527 precepto
1218 3422 1367 3512 timore,
1385 3449 1530 3510 amore,
1548 3422 1650 3512 odio,

225 3552 282 3628 vel
296 3553 495 3660 temporali
517 3553 677 3632 comodo
696 3552 826 3631 habito
843 3552 901 3630 vel
920 3551 1113 3639 habendo,
1133 3554 1328 3659 respondit
1346 3552 1452 3659 quod
1469 3580 1562 3639 non,
1585 3553 1653 3629 sed

226 3710 294 3786 pro
314 3683 468 3760 veritate
489 3682 667 3773 dicenda;
693 3684 752 3759 cui
780 3682 850 3760 luit
877 3684 1090 3790 injunctum
1115 3683 1220 3788 quod
1243 3711 1320 3760 nou
1348 3682 1531 3759 revelaret
1557 3682 1652 3759 hanc

225 3840 332 3888 suam
354 3811 651 3919 deposicionem,
673 3839 870 3920 quousque
890 3813 1150 3891 attestaciones
1170 3811 1311 3889 suerint
1330 3813 1530 3918 publicata.

279 4079 406 4155 Frater
424 4077 625 4156 Arnaudus
642 4079 780 4156 Bceion
797 4078 844 4155 de
857 4077 998 4158 Goerta
1009 4080 1193 4166 serviens,
1211 4076 1507 4183 Engolisrnensis
1523 4075 1649 4152 dioce-

225 4208 290 4297 sis,
315 4208 419 4286 testis
443 4238 557 4316 supra
577 4209 746 4318 juratus,
775 4208 999 4286 mantellum
1026 4208 1170 4287 ordinis
1197 4225 1235 4285 et
1260 4205 1416 4283 barbam
1444 4204 1646 4290 defferens,

225 4339 568 4447 quinquagenarius
592 4339 650 4417 vel
676 4340 791 4428 circa,
821 4369 907 4417 cum
932 4368 1009 4446 quo
1035 4338 1259 4445 inquisitum
1287 4336 1426 4425 suerat,
1453 4335 1649 4413 absolutus

224 4485 261 4543 et
277 4469 537 4547 reconciliatus
560 4499 628 4575 per
651 4468 850 4547 officialem
874 4469 1145 4555 Pictavensem,
1168 4467 1273 4544 lectis
1293 4485 1331 4544 et
1359 4466 1560 4575 diligenter
1587 4494 1651 4541 ex·

223 4598 353 4702 positis
376 4600 447 4677 sibi
475 4601 655 4679 omnibus
675 4617 713 4677 et
732 4601 888 4707 singulis
908 4599 1093 4688 articulis,
1115 4597 1310 4704 respondit
1331 4625 1370 4673 se
1395 4596 1557 4683 nescire,
1579 4624 1648 4673 nec

223 4726 394 4816 credere,
416 4759 485 4808 nec
510 4731 694 4808 audivisse
716 4730 789 4807 dici
814 4730 861 4809 de
876 4730 1060 4807 contentis
1082 4722 1122 4803 in
1148 4727 1202 4803 eis
1226 4725 1297 4803 nisi
1323 4726 1427 4833 quod
1449 4726 1646 4832 sequitur:

222 4858 322 4937 Dixit
340 4889 505 4968 namque
520 4891 559 4940 se
574 4861 688 4940 luisse
706 4879 900 4969 receptum
916 4863 954 4938 in
971 4859 1112 4966 capella
1134 4858 1271 4935 domus
1290 4858 1438 4964 Templi
1461 4859 1508 4935 dc
1529 4858 1646 4933 Bancs
