4236 5948
722 517 917 609 raocts
947 538 1044 610 nas
1073 540 1374 615 ratramnus.
1679 544 1753 619 aaa

342 691 379 751 et
392 673 515 752 dictus
533 674 665 752 Petrus
689 674 885 768 Moncelli,
901 676 1086 783 impositis
1104 680 1308 772 mantellis,
1324 681 1546 789 juraverunt
1562 710 1639 760 non
1652 713 1756 762 reve-

342 804 433 895 lare,
466 805 681 882 incarcerati
706 806 764 883 rel
791 806 880 884 alias
911 808 1070 914 graviter
1100 810 1222 916 puniti
1245 809 1421 899 brissent,
1449 829 1494 889 ut
1512 812 1643 891 credit.
1664 812 1757 891 Abs·

343 963 416 1042 que
432 934 589 1012 licencia
607 963 684 1014 noo
700 953 873 1042 poterant
888 938 970 1015 aliis
984 967 1098 1046 quam
1118 941 1376 1019 sacerdotibus
1388 932 1393 939 ¹
1403 941 1547 1019 ordinis
1565 942 1756 1033 confiteri,

342 1082 456 1171 prout
470 1065 611 1142 audivit
630 1065 716 1143 dici.
735 1067 882 1145 Fratres
905 1069 1063 1146 scientes
1086 1070 1206 1147 dictos
1227 1097 1372 1148 errores
1395 1070 1550 1148 luerunt
1566 1071 1758 1179 negligen-

344 1212 414 1286 tes,
431 1195 610 1302 quianon
631 1215 873 1275 correxerunt
887 1226 951 1275 eos
966 1227 1035 1275 nec
1053 1200 1372 1277 denunciaverunt
1382 1199 1558 1277 Ecclesia.
1577 1199 1760 1280 Elemosi-

344 1342 485 1403 namet
500 1325 792 1432 hospitalitatem
814 1328 907 1405 vidit
926 1331 1190 1408 convenienter
1209 1331 1290 1407 lieri
1312 1347 1349 1409 et
1368 1331 1502 1408 servari
1522 1329 1563 1406 in
1583 1331 1760 1411 domibus

345 1454 489 1532 ordinis
511 1456 550 1531 in
574 1455 713 1561 quibus
737 1457 877 1534 exstitit
900 1478 1164 1537 commoratus.
1187 1460 1467 1566 Pracipiebatur
1495 1460 1549 1537 eis
1569 1462 1673 1565 quod
1693 1461 1760 1538 de·

345 1581 422 1661 bite
447 1584 685 1691 acquirerent
703 1585 844 1674 ordini,
868 1603 905 1662 et
926 1587 1068 1664 audivit
1088 1588 1162 1664 dici
1188 1590 1295 1695 quod
1314 1616 1444 1666 eorum
1468 1589 1641 1695 capitulis
1665 1589 1758 1667 elam

346 1714 583 1803 tenebantur,
614 1712 730 1792 nullis
750 1717 990 1822 presentibus
1017 1718 1089 1795 nisi
1113 1715 1290 1796 iratribus
1311 1719 1466 1795 ordinis.
1490 1718 1672 1796 Ordinato
1693 1747 1762 1826 per

346 1845 563 1954 Magistrum
590 1874 676 1922 cnm
702 1861 888 1924 conventu
909 1865 1086 1925 servasset
1108 1863 1211 1924 totus
1236 1848 1347 1935 ordo,
1378 1864 1508 1925 contra
1534 1875 1649 1953 quem
1674 1876 1762 1954 pro-

347 1993 432 2082 pter
441 1978 609 2085 predicta
622 2005 725 2054 nunc
739 1976 893 2084 grandia
908 1976 1095 2064 scandala,
1114 1975 1276 2083 suspicio
1296 1994 1334 2055 et
1349 1975 1501 2053 infamia
1517 1993 1606 2053 sunt
1622 1995 1760 2055 exorta.

349 2104 479 2184 Credit
497 2108 602 2213 quod
621 2108 752 2185 illicita
776 2106 981 2184 confessata
999 2134 1069 2213 per
1097 2135 1185 2183 eum
1217 2125 1343 2183 essent
1361 2122 1450 2183 nota
1465 2104 1642 2183 iratribus
1661 2106 1764 2183 ordi·

348 2235 424 2323 nis,
447 2252 485 2312 et
502 2235 608 2341 quod
629 2236 803 2342 Magister
825 2254 863 2313 et
886 2237 949 2313 alii
970 2237 1103 2315 eadem
1124 2237 1200 2313 sint
1218 2235 1389 2314 confessi.
1415 2236 1499 2311 Non
1517 2233 1708 2312 obtulerat
1724 2252 1779 2312 se'

349 2365 395 2440 ad
415 2363 688 2442 deffensionem
709 2364 867 2453 ordinis,
886 2392 956 2441 nee
969 2364 1090 2442 luerat
1110 2365 1207 2442 ultra
1229 2393 1343 2443 mare.

403 2493 620 2603 Requisitus
654 2493 686 2570 si
712 2493 765 2569 sic
793 2493 1019 2600 deposuerat
1051 2521 1177 2600 prece,
1212 2511 1405 2600 precepto,
1433 2493 1587 2580 timore,
1618 2521 1763 2583 amore,

349 2623 458 2713 odio,
486 2622 545 2699 vel
570 2622 768 2728 temporali
791 2623 953 2700 comodo
981 2623 1110 2701 habito
1141 2624 1199 2700 vel
1223 2623 1417 2709 babendo,
1443 2621 1638 2727 respondit
1659 2622 1766 2729 quod

350 2781 447 2842 non,
473 2753 540 2829 sed
563 2754 803 2858 proteritate
823 2753 1000 2843 dicenda,
1028 2753 1087 2830 cui
1108 2752 1179 2830 fuit
1199 2754 1409 2861 injunctum
1440 2751 1546 2857 quod
1565 2779 1642 2828 non
1663 2778 1768 2830 reve-

351 2889 443 2967 laret
461 2892 559 2968 hanc
590 2915 695 2966 stram
716 2887 1014 2994 deposicionem‚
1038 2913 1238 2992 quousque
1260 2885 1518 2976 attestaciones
1538 2882 1680 2958 fuerint
1698 2911 1769 2988 pu-

351 3018 496 3096 blicate.

406 3282 537 3358 Frater
561 3280 776 3386 Stephanus
800 3281 847 3357 de
871 3280 1033 3358 Cellario
1054 3280 1234 3369 serviens,
1257 3277 1574 3356 Claramontensis
1591 3278 1769 3366 diocesis,

351 3410 457 3487 testis
468 3438 580 3517 supra
596 3410 760 3517 juratus,
781 3437 851 3490 xav
880 3439 1066 3488 annorum
1086 3410 1146 3487 vel
1171 3411 1284 3498 circa,
1307 3410 1372 3515 qui
1399 3407 1623 3486 mantellum
1638 3408 1773 3486 volun·

353 3541 447 3616 tarie
482 3538 675 3618 dimiserat
699 3557 736 3616 et
760 3540 841 3616 radi
868 3540 1008 3618 fecerat
1032 3539 1102 3618 sibi
1128 3538 1300 3630 barbam,
1329 3568 1416 3617 cum
1442 3566 1521 3645 quo
1546 3538 1772 3643 inquisitum

355 3669 496 3760 fuerat,
518 3670 713 3748 absolutus
740 3685 778 3747 et
799 3671 1062 3747 reconciliatus
1087 3698 1155 3776 per
1181 3670 1379 3747 dominum
1404 3668 1623 3776 episcopum
1648 3668 1775 3747 Clara·

356 3816 612 3891 montensem,
640 3801 746 3877 lectis
770 3817 807 3877 et
834 3799 1035 3906 diligenter
1055 3799 1231 3904 expositis
1259 3798 1330 3876 sibi
1356 3798 1534 3875 omnibus
1559 3816 1596 3875 et
1613 3797 1773 3906 singulis

355 3929 539 4019 articulis,
565 3930 760 4037 respondit
784 3957 822 4008 se
847 3930 1008 4018 nescire,
1033 3957 1103 4007 nec
1127 3929 1300 4017 credere,
1320 3955 1391 4005 nec
1412 3926 1598 4005 audivisse
1622 3928 1697 4005 dici
1727 3928 1774 4005 de

356 4060 542 4139 contentis
566 4061 605 4136 in
630 4062 684 4139 eis
708 4060 778 4137 nisi
805 4058 911 4166 quod
932 4059 1103 4166 sequitur
1124 4090 1133 4133 ε
1158 4058 1333 4135 videlieet
1356 4057 1461 4162 quod
1480 4055 1629 4134 volebat
1651 4085 1691 4134 se
1716 4072 1793 4134 te·.

356 4191 510 4266 nereio
534 4189 769 4268 confessione
797 4219 865 4296 per
893 4217 983 4266 eum
1008 4187 1102 4265 facta
1130 4217 1257 4266 coram
1286 4187 1387 4265 dieto
1415 4185 1573 4265 domino
1598 4186 1774 4293 episeopo

356 4317 675 4410 Claromontensi,
698 4338 737 4399 et
755 4320 860 4427 quod
878 4320 958 4426 ipse
979 4336 1017 4397 et
1030 4319 1162 4396 fratres
1180 4319 1395 4426 Stephanus
1414 4317 1461 4396 de
1480 4320 1580 4395 Boce
1593 4333 1632 4394 et
1647 4314 1775 4396 (luido

357 4448 488 4528 Moteti
522 4448 663 4529 milites
693 4450 742 4529 de
775 4450 971 4540 Arvernia,
1008 4447 1175 4527 defuncti
1201 4448 1301 4526 ultra
1328 4476 1447 4539 mare,
1479 4447 1634 4525 luerunt
1658 4443 1775 4525 simul

356 4579 496 4686 recepti
518 4579 558 4656 in
578 4583 740 4687 quadam
765 4581 888 4658 insula
914 4609 1032 4688 prope
1052 4581 1270 4668 Massiliam,
1291 4580 1331 4655 in
1351 4578 1492 4684 capella
1516 4577 1654 4655 domus
1668 4578 1777 4655 Tam·

356 4709 407 4817 pli
437 4710 538 4789 dicte
561 4712 703 4805 insule,
729 4740 797 4820 per
821 4712 974 4790 fratrem
994 4710 1228 4790 Gaufrednm
1251 4711 1301 4786 de
1322 4709 1487 4817 Vicbeyo
1511 4707 1631 4786 milite
1650 4734 1776 4814 quon·

360 4841 464 4931 dam,
484 4861 574 4922 sunt
586 4841 736 4923 circiter
752 4869 840 4921 xxm
863 4843 969 4932 anni,
991 4841 1231 4949 presentibus
1253 4839 1431 4918 fratribus
1450 4841 1560 4918 Petro
1584 4835 1776 4917 deBrolio

1581 4976 1630 5036 31.
