4236 5948
631 516 824 607 esoces
856 534 950 606 nus
983 534 1286 609 rsurmnas.
1592 542 1661 611 an

245 677 360 755 eciam
377 675 487 783 quod
505 674 680 783 generale
699 675 902 753 concilium
920 674 1098 764 instabat,
1125 694 1164 753 et
1191 676 1294 782 quod
1320 675 1492 753 voluutas
1518 679 1664 759 domiai

243 811 362 914 Pappa
382 822 421 882 et
438 805 528 883 dicti
550 805 695 883 domiui
719 806 817 913 regis
837 804 954 883 eciam
976 805 1222 883 concurrebat
1237 806 1285 882 ad
1304 805 1422 883 finem
1444 808 1665 914 hujusmodi

244 936 535 1043 imponendum,
558 934 804 1012 decreverunt
823 935 1020 1041 imponere
1048 932 1162 1010 finem
1190 934 1348 1044 negocio
1370 936 1604 1042 supradict0,
1631 955 1670 1015 et

244 1069 280 1142 in
306 1083 492 1173 quantum
512 1065 552 1140 in
576 1066 666 1170 ipsis
690 1065 761 1141 luit
780 1066 1073 1170 imposuerunt,
1105 1065 1420 1170 potissimarum
1448 1095 1518 1143 nec
1548 1068 1666 1145 eciam

243 1196 369 1304 plures
386 1213 501 1273 testes
519 1196 871 1273 administrarentur
901 1195 1063 1286 eisdem,
1087 1195 1305 1272 ordinantes
1328 1197 1520 1273 remittere
1542 1198 1666 1302 ipsum

243 1327 440 1436 negocium
467 1342 505 1402 et
530 1353 748 1430 processum
783 1324 940 1400 domino
968 1326 1110 1430 Pappe,
1144 1354 1212 1430 per
1240 1327 1337 1401 viros
1368 1325 1669 1403 venerabilcs'et

244 1457 423 1534 discretos
448 1456 644 1564 magistros
679 1455 909 1533 Chatardum
937 1454 985 1530 de
1011 1456 1137 1532 Penna
1157 1457 1265 1534 Varia
1296 1457 1516 1533 canonicum
1543 1457 1668 1535 Sancti

243 1586 404 1680 Iuniani,
417 1602 455 1664 et
474 1588 626 1664 Petrum
644 1587 690 1662 de
712 1583 908 1663 Aureliaco
934 1585 1149 1666 licenciatos
1167 1588 1207 1662 in
1225 1586 1384 1694 legibus,
1410 1618 1495 1665 cum
1508 1589 1669 1693 patenti·

244 1717 313 1795 bus
334 1746 465 1795 eorum
492 1716 629 1793 litteris
656 1714 787 1825 sigillis
816 1717 893 1792 suis
920 1715 1108 1824 sigillatis,
1137 1719 1374 1797 continencie
1402 1718 1635 1825 infrascripta
1657 1750 1666 1795 ε

299 1979 567 2058 «sanctissimo
604 1978 700 2086 patri
739 1979 972 2087 dominoque
1011 1984 1080 2057 su'o
1119 1980 1274 2057 domino
1306 1981 1508 2072 Clementi,
1544 1982 1667 2059 divina

243 2109 459 2216 providente
492 2110 697 2187 clemencia
729 2128 960 2187 sacrosancte
994 2140 1035 2186 ac
1068 2111 1287 2189 universalis
1322 2110 1486 2191 Ecclesie
1517 2140 1665 2188 summo

244 2237 429 2344 pontifici,
446 2237 571 2313 devoti
591 2239 701 2313 vestri
723 2239 923 2342 capellani,
944 2239 1196 2317 Narbonensis
1215 2241 1536 2346 archiepiscopus,
1558 2241 1666 2347 Bajo-

245 2352 380 2459 ceritis,
405 2367 636 2444 Mimatensis
661 2386 698 2443 et
726 2368 1002 2444 Lemovicensis
1028 2369 1211 2473 episcopi,
1239 2369 1411 2447 Matheus
1438 2370 1484 2444 de
1509 2369 1666 2475 Neapoli

245 2496 411 2576 notarius
431 2497 582 2604 Majon‘s
605 2496 724 2575 Caleti
750 2498 1079 2605 Rothomagensis,
1106 2516 1144 2575 et
1169 2500 1360 2577 lohannes
1381 2498 1428 2575 de
1447 2502 1588 2576 Nantua
1615 2529 1666 2576 ca·

246 2627 415 2733 pellanus
433 2626 572 2719 Vestri,
594 2628 818 2704 Tridentine
841 2627 1081 2705 ecclesiarum
1109 2629 1378 2719 archidiaconi,
1404 2629 1451 2704 ad
1470 2630 1667 2734 inquiren·

248 2758 335 2834 dum
366 2775 494 2835 contra
513 2757 818 2864 Templariorum
850 2759 1025 2835 ordinem
1054 2761 1092 2835 iu
1124 2788 1240 2868 regno
1271 2760 1442 2851 Francia,
1474 2788 1549 2837 una
1579 2789 1665 2837 cum

245 2886 518 2964 venerabilibus
541 2887 629 2964 viris
663 2887 827 2966 dominis
857 2887 1064 2967 Guillelmo
1090 2889 1225 2996 Agaroi
1253 2889 1419 2996 Aquensi
1452 2890 1662 2995 preposito,

246 3034 281 3093 et
305 3019 474 3095 iohanne
508 3019 556 3094 de
581 3019 710 3094 Monte
747 3022 867 3096 Lauro
897 3019 1151 3124 Magalonensi
1178 3019 1460 3108 archidiacon0,
1489 3049 1573 3095 cum
1600 3019 1664 3097 illa

245 3147 405 3225 clausula
422 3149 546 3254 quod,
563 3149 593 3224 si
614 3149 794 3253 predictis
813 3149 1041 3256 exequendis
1053 3176 1185 3239 omnes
1199 3151 1444 3255 nequiremus
1464 3150 1663 3241 interesse,

244 3296 401 3384 septem,
424 3306 503 3370 sea,
526 3280 712 3385 quinque,
734 3296 896 3386 quatuor
914 3280 972 3356 vel
998 3298 1074 3357 tres
1099 3309 1142 3356 ex
1162 3281 1291 3372 nobis,
1318 3279 1410 3356 dum
1432 3297 1558 3356 tamen
1585 3281 1664 3358 duo

244 3407 414 3484 adessent
431 3409 581 3512 prelati,
604 3436 876 3513 exequeremur
891 3411 1076 3513 predicta,
1092 3440 1111 3484 a
1129 3412 1320 3486 sanctitate
1341 3426 1460 3487 vestra
1475 3410 1662 3515 deputati,

242 3534 382 3637 pedum
403 3535 531 3612 oscula
546 3536 757 3614 beatorum.
779 3539 911 3615 Noscat
925 3537 1122 3616 beatitudo
1139 3556 1277 3630 vestra,
1294 3556 1401 3644 pater
1412 3541 1661 3629 sanctissime,

241 3693 308 3769 per
326 3693 395 3743 nos
415 3694 569 3755 ornnes,
598 3668 708 3744 dictis
734 3670 927 3774 Preposito
946 3670 992 3745 ab
1016 3670 1129 3758 inicio
1155 3670 1321 3775 negocii,
1351 3689 1388 3746 et
1408 3671 1663 3778 Magalonensi

242 3795 503 3872 archidiacono
531 3815 617 3904 post
650 3799 966 3876 examinacionem
997 3801 1129 3879 decem
1157 3819 1195 3876 et
1222 3817 1365 3906 septem
1387 3800 1549 3884 ,testium-
1573 3801 1665 3906 legi·

241 3928 330 4004 time
349 3930 546 4019 excusatis,
564 3931 603 4005 in
623 3931 722 4007 dicta
740 3931 1006 4037 inquisicione,
1029 3962 1116 4008 cum
1134 3949 1272 4037 quanta
1292 3931 1388 4017 lide,
1409 3931 1608 4034 diligencia
1626 3948 1663 4017 et

241 4057 529 4146 acceleracione,
557 4078 698 4137 servata
725 4062 1001 4138 commissionis
1029 4061 1166 4148 forma,
1197 4061 1409 4166 potuimus,
1437 4058 1549 4135 luisse
1577 4087 1664 4164 pro·

241 4214 397 4264 cessum.
429 4188 472 4263 ln
500 4217 573 4294 qua
602 4191 760 4296 quidem
795 4190 1043 4297 inquisicione
1078 4192 1261 4268 ducentos
1290 4189 1443 4300 triginta
1476 4207 1513 4265 et
1541 4217 1661 4266 unum

239 4333 351 4394 testes
379 4347 399 4393 a
416 4318 619 4396 venerabili
638 4322 717 4397 viro
740 4323 782 4398 N.
799 4321 993 4427 Proposito
1009 4321 1212 4399 Pictaveusi
1230 4320 1423 4397 reverendi
1449 4320 1489 4394 in
1510 4319 1660 4399 Christo

238 4449 353 4550 patris
373 4448 518 4525 domini
539 4451 637 4527 Petri
657 4451 729 4530 Dei
749 4452 869 4559 gracia
892 4453 1128 4539 Penestrini‚
1155 4469 1193 4528 et
1212 4452 1369 4558 provido
1394 4451 1472 4528 viro
1491 4450 1662 4526 iohanne

242 4577 286 4652 de
306 4577 477 4655 Jemvilla
496 4581 679 4658 serviente
702 4611 895 4660 armorum
915 4583 1062 4660 domini
1081 4583 1179 4689 regis
1198 4581 1352 4658 Francia
1375 4580 1547 4667 illustris,
1572 4580 1661 4669 dicti

241 4706 384 4785 domini
421 4711 517 4818 regis
546 4715 789 4814 auctoritate,
821 4716 869 4790 ad
905 4714 1113 4792 custodiam
1146 4713 1450 4818 Templariorum
1483 4713 1522 4787 in
1557 4712 1658 4788 dicto
1784 4697 1785 4701 Ἰ

240 4863 354 4946 regno
373 4840 579 4947 deputatis,
598 4844 767 4923 nobisde
788 4844 942 4923 diversis
956 4845 1156 4953 provinciis
1178 4844 1471 4936 administratos,
1488 4845 1552 4950 qui
1567 4842 1657 4919 alias
