4236 5948
353 553 400 623 sa
672 563 675 566 >
746 526 940 619 Procas
966 545 1060 616 ons
1087 544 1386 616 ratramnus.
1491 605 1493 608 ⁴

352 692 501 767 Trecas.
525 687 741 796 Requisitus
760 690 789 765 si
804 689 872 766 scit
886 687 949 782 vel
961 685 1083 764 credit
1096 685 1200 791 quod
1217 684 1277 760 alii
1298 685 1430 762 [ratres
1449 682 1593 760 ordinis
1614 713 1786 760 commu-

352 821 451 898 niter
464 820 722 926 reciperentur
737 819 833 897 sicut
852 819 1027 927 deposuit
1048 817 1215 894 saluisse
1233 834 1446 923 receptum,
1467 815 1662 920 respondit
1680 817 1784 921 qnod

351 954 425 1030 hoc
446 953 650 1043 nesciebat,
675 953 742 1030 sed
762 953 893 1059 pocius
914 951 1092 1032 credebat
1106 950 1209 1056 quod
1227 950 1279 1025 sic
1295 950 1555 1054 reciperentur
1565 978 1678 1054 quam
1696 977 1787 1025 con·

352 1086 522 1162 trarium.
544 1086 652 1172 Item,
672 1084 764 1161 dixit
779 1085 883 1190 quod
898 1084 998 1161 bene
1014 1080 1191 1159 credebat
1205 1080 1462 1158 ecclesiasticis
1480 1081 1732 1170 sacramentis,
1750 1098 1787 1156 et

353 1217 472 1293 credit
488 1216 592 1322 quod
616 1214 680 1291 alii
707 1216 924 1302 crederent,
955 1232 992 1290 et
1017 1215 1123 1320 quod
1144 1242 1278 1290 corum
1300 1214 1513 1290 sacerdotes
1537 1211 1664 1289 debite
1686 1211 1786 1289 cele-

351 1348 515 1425 brarent.
530 1347 671 1423 Juravit
685 1347 859 1423 ordinem
878 1375 956 1424 non
980 1346 1098 1434 exire,
1115 1345 1273 1422 credens
1288 1344 1394 1452 quod
1409 1344 1471 1420 alii
1486 1343 1589 1419 idern
1599 1343 1782 1451 jurarent.

352 1477 593 1555 Clandestine
609 1477 899 1583 recipiebantur.
921 1476 1099 1555 Cordulis
1119 1474 1222 1552 unde
1241 1475 1417 1554 volebant
1436 1474 1634 1581 assumptis
1659 1475 1785 1583 cinge-

350 1610 491 1686 bantur
510 1638 624 1715 super
640 1609 808 1685 camisias
832 1638 919 1685 cum
940 1608 1080 1714 quibus
1100 1606 1287 1714 jacebant.
1311 1607 1583 1715 lnjungebatur
1603 1606 1656 1681 eis
1678 1607 1785 1713 quod

352 1768 429 1815 non
450 1738 659 1817 revelarent
674 1756 815 1815 secreta
835 1737 1087 1843 capitulorum
1106 1755 1144 1814 et
1159 1737 1264 1844 quod
1281 1736 1422 1843 absque
1436 1737 1589 1814 licencia
1604 1766 1680 1815 non
1695 1765 1785 1814 con·

352 1869 551 1948 {iterentur
571 1869 642 1946 nisi
658 1869 918 1946 sacerdotibus
939 1867 1096 1946 ordinis.
1119 1871 1266 1946 Fratres
1286 1869 1446 1946 scientes
1466 1897 1612 1945 errores
1631 1868 1786 1945 suerunt

352 2002 585 2112 negligentes
606 2000 692 2108 quia
723 2030 801 2078 nou
822 2017 1066 2078 correxerunt
1088 2029 1244 2078 cosnec
1265 2000 1589 2078 denunciaverunt
1606 2000 1784 2076 Ecclesie,

352 2133 505 2212 Audivit
519 2133 592 2209 dici
612 2132 717 2238 quod
739 2131 854 2208 frater
873 2131 1064 2210 Gerardus
1088 2133 1135 2208 de
1148 2131 1353 2210 Villaribus
1371 2148 1589 2238 preceperat
1609 2131 1784 2239 restringi

354 2264 601 2341 eleemosinas
618 2280 655 2340 et
671 2262 981 2370 hospitalitatem,
1002 2293 1094 2370 quas
1107 2263 1203 2340 vidit
1217 2264 1483 2341 convenienter
1499 2262 1579 2339 sieri
1597 2280 1633 2338 et
1648 2263 1784 2338 servari

353 2395 392 2470 in
407 2394 588 2473 domibus
603 2395 746 2472 ordinis
762 2395 800 2471 in
822 2394 963 2501 quibus
978 2395 1118 2473 exstitit
1132 2413 1397 2472 commoratus.
1420 2393 1719 2473 Dellendebatur
1733 2395 1786 2469 eis

354 2526 459 2632 quod
478 2555 556 2604 non
576 2527 813 2633 acquirerent
838 2526 969 2604 illicite
990 2527 1132 2617 ordini,
1159 2528 1199 2603 in
1222 2557 1300 2634 quo
1322 2545 1508 2605 servatum
1530 2525 1661 2604 suisset
1681 2526 1785 2632 quod

354 2687 513 2765 magnus
545 2661 723 2768 Magister
752 2689 838 2737 cum
864 2675 1050 2737 conventu
1079 2660 1282 2750 statuisset,
1313 2678 1440 2737 contra
1465 2688 1580 2766 quem
1609 2657 1784 2734 ordinem

355 2818 455 2866 nunc
466 2791 621 2899 grandia
641 2790 829 2881 scandala,
852 2791 1016 2896 suspicio
1039 2807 1076 2866 et
1098 2790 1251 2867 infamia
1273 2809 1362 2868 sunt
1383 2810 1520 2869 exorta.
1540 2790 1694 2868 Audivit
1712 2790 1785 2866 dici

355 2950 533 3027 magnum
553 2922 774 3030 Magistrum
797 2939 835 2998 et
853 2921 946 2999 alios
966 2921 1090 3028 aliqua
1107 2921 1297 3000 confessos
1313 2922 1426 2999 luisse
1444 2940 1572 2999 contra
1592 2923 1784 3009 ordinem,

353 3052 401 3128 ad
415 3055 522 3160 cujus
534 3053 809 3131 deffensionem
824 3082 939 3159 super
949 3052 1141 3159 aliquibus
1151 3055 1300 3160 punctis
1316 3083 1355 3130 se
1370 3054 1569 3145 obtulerat,
1584 3083 1661 3130 non
1679 3055 1785 3160 quod

353 3184 570 3260 intenderet
585 3212 675 3260 eum
691 3183 909 3260 deffendere
924 3213 944 3259 a
960 3182 1177 3261 confessatis
1192 3213 1260 3289 per
1275 3212 1384 3272 eum,
1401 3203 1438 3261 et
1452 3184 1525 3261 tuit
1540 3185 1578 3261 in
1599 3185 1785 3291 principio

354 3331 582 3420 protestatus
606 3314 712 3421 quod
736 3342 814 3391 non
844 3315 1065 3392 intendebat
1086 3316 1263 3392 recedere
1285 3344 1305 3391 a
1330 3312 1572 3422 deposicione
1598 3346 1665 3422 per
1697 3345 1785 3394 eum

354 3443 450 3520 saeta
468 3472 594 3520 coram
612 3443 713 3520 dicto
730 3444 887 3523 domino
909 3446 1086 3552 episcopo
1099 3446 1332 3525 Carnotensi.

410 3575 628 3681 Requisitus
644 3576 672 3652 si
688 3575 741 3652 sic
755 3576 983 3682 deposuerat
996 3607 1125 3684 prece,
1141 3596 1336 3685 precept0,
1349 3579 1502 3666 timore,
1517 3608 1661 3670 amore,
1678 3580 1784 3666 odio,

353 3705 412 3782 vel
428 3707 628 3812 temporali
645 3710 806 3785 comodo
822 3707 952 3786 habito
970 3708 1029 3785 rel
1044 3709 1240 3800 habende,
1265 3710 1461 3815 respondit
1481 3712 1585 3816 quod
1609 3740 1701 3798 non,
1720 3714 1787 3787 sed

354 3863 423 3941 pro
443 3835 596 3913 veritate
626 3837 807 3929 dicenda,
838 3839 898 3914 cui
923 3837 994 3915 suit
1018 3839 1230 3945 injunctum
1251 3841 1356 3946 quod
1381 3869 1459 3918 non
1486 3842 1669 3955 revelaret
1691 3841 1790 3918 hanc

355 3994 461 4044 suam
484 3968 764 4072 deposicionem
780 3997 979 4075 quousque
1001 3972 1261 4049 attestaciones
1276 3970 1418 4049 suerint
1435 3971 1638 4078 publicate.

412 4235 541 4310 Frater
560 4235 693 4311 Petrus
718 4235 766 4312 de
789 4237 875 4311 lanz
901 4236 1066 4313 serviens
1087 4237 1320 4317 Belvacensis
1347 4238 1523 4326 diocesis,
1549 4239 1655 4315 testis
1676 4267 1787 4346 supra
1862 4231 1864 4236 ’

350 4365 517 4471 juratus,
548 4367 807 4475 sexagenarius
831 4367 889 4444 vel
920 4369 1031 4460 circa,
1063 4397 1140 4446 non
1164 4369 1351 4448 defferens
1378 4370 1602 4448 mantellum
1624 4371 1785 4460 ordinis,

354 4496 444 4603 quia
463 4498 588 4603 ipsum
608 4499 802 4579 dimiserat
820 4500 860 4575 in
877 4499 1037 4578 concilio
1054 4500 1285 4592 Senonensi,
1308 4518 1436 4608 postea
1456 4502 1536 4577 radi
1558 4501 1697 4579 lecerat
1716 4502 1787 4579 sibi

355 4626 535 4717 barbam,
558 4660 644 4709 cum
666 4661 743 4740 quo
761 4633 986 4741 inquisitum
1007 4633 1148 4727 luerat,
1168 4634 1365 4713 absolutus
1383 4652 1422 4713 et
1438 4633 1703 4713 reconciliatus
1721 4665 1789 4743 per

357 4760 558 4838 dominum
579 4765 799 4871 episcopum
820 4764 1086 4854 Parisiensem,
1108 4768 1214 4845 lectis
1233 4785 1271 4846 et
1291 4768 1494 4877 diligenter
1519 4768 1694 4875 expositis
1715 4768 1786 4846 sibi

356 4894 534 4973 omnibus
567 4914 604 4975 et
628 4897 788 5007 singulis
823 4899 1004 4991 articulis,
1032 4900 1229 5006 respondit
1254 4931 1293 4979 se
1319 4901 1484 4993 nescire,
1514 4930 1585 4978 nec
1611 4901 1784 4992 credere,
