4236 5948
617 505 810 598 esoces
837 524 930 596 nas
956 522 1252 625 reuertens.
1573 530 1642 600 ror

229 662 324 740 dicta
344 661 463 740 domo
478 662 611 740 Sancte
626 664 789 754 Eulalia,
806 666 845 742 in
867 693 941 771 qua
964 665 1083 743 extitit
1103 682 1371 754 commoratus,
1393 663 1485 742 vidit
1506 664 1645 744 elemo-

225 793 322 870 sinas
349 809 388 870 et
418 790 709 899 hospitalitatem
736 812 774 871 et
796 794 993 872 luminaria
1023 795 1177 874 ecclesie
1205 795 1468 873 convenienter
1495 795 1576 871 lieri
1608 815 1644 873 et

224 924 381 1012 servari;
405 940 444 1002 et
464 923 554 1000 dicti
579 923 710 1003 frenes
730 925 892 1003 Poncius
910 942 948 1001 et
966 925 1089 1034 Guigo
1112 925 1379 1005 deffenderunt
1405 925 1473 1031 ipsi
1498 928 1582 1003 testi
1607 945 1645 1003 et

224 1052 305 1131 aliis
326 1052 502 1132 fratribus
519 1054 559 1131 in
574 1055 672 1132 dicta
688 1056 803 1135 domo
819 1055 1140 1135 commorantibus
1156 1084 1204 1133 ne
1221 1056 1387 1134 indebite
1407 1056 1643 1162 acquirerent

224 1183 359 1271 aliena,
380 1201 419 1261 et
432 1210 565 1262 omnes
583 1185 810 1264 curialitates
829 1187 1134 1265 concedebantur
1152 1189 1224 1277 eis,
1245 1204 1284 1264 et
1297 1184 1564 1264 incurialitates
1583 1217 1643 1264 ve-

224 1314 406 1391 tabantur.
429 1313 646 1420 Capitulum
670 1314 900 1393 celebratum
924 1345 994 1423 pro
1016 1318 1233 1423 recepcione
1256 1316 1345 1393 dicti
1370 1315 1529 1393 Deodati
1550 1318 1642 1395 vidit

223 1442 269 1520 de
291 1444 375 1532 die,
395 1444 507 1531 clam,
528 1444 644 1522 nullis
668 1445 905 1552 presentibus
928 1447 999 1524 nisi
1022 1445 1199 1524 fratribus
1218 1446 1379 1536 ordinis,
1400 1447 1532 1522 teneri.
1552 1447 1643 1525 Cre·

222 1572 279 1650 dit
299 1573 402 1680 quod
426 1575 596 1652 ordinata
616 1604 685 1682 per
705 1576 924 1685 Magistrum
946 1606 1031 1654 cum
1051 1594 1235 1655 conventu
1259 1575 1417 1654 fuissent
1441 1593 1579 1654 servata
1601 1580 1641 1654 in

221 1720 302 1780 toto
321 1704 473 1792 ordine,
498 1722 628 1783 contra
650 1734 766 1812 quem
792 1733 893 1783 nunc
913 1708 1065 1816 grandia
1089 1705 1279 1794 scandala,
1303 1706 1466 1811 suspicio
1492 1723 1529 1783 et
1548 1707 1605 1782 inf
1621 1752 1639 1769 ·

222 1833 295 1911 mia
316 1851 405 1911 sunt
426 1850 570 1924 exona,
600 1851 639 1912 et
660 1853 791 1913 contra
811 1864 924 1943 quem
950 1865 1106 1945 magnus
1127 1837 1303 1943 Magister
1316 1853 1355 1912 et
1373 1834 1435 1912 alii
1462 1835 1640 1914 dicuntur
1673 1927 1676 1936 Ι

222 1960 344 2069 aliqua
363 1963 478 2041 luisse
492 1963 662 2042 confessi.

276 2093 491 2200 Reqnisitns
504 2095 534 2172 si
550 2097 602 2173 sic
618 2097 843 2203 deposuerat
858 2125 983 2203 prece,
1003 2097 1342 2205 precepto‚timore
1353 2159 1361 2185 ,
1372 2125 1516 2187 amore,
1534 2097 1636 2184 odio,
1700 2072 1704 2078 ι

223 2223 277 2301 vel
292 2224 489 2330 temporali
510 2227 673 2305 comodo
695 2226 826 2304 habito
839 2227 898 2305 vel
917 2227 1110 2319 habendo,
1128 2226 1324 2332 respondit
1340 2227 1446 2333 quod
1460 2254 1554 2316 non,
1572 2227 1640 2304 sed

221 2379 288 2458 pro
309 2354 462 2432 veritate
488 2354 669 2447 dicenda3
690 2358 752 2435 cni
772 2356 846 2435 luit
868 2358 1083 2465 injunctum
1107 2357 1213 2464 quod
1237 2385 1314 2434 non
1341 2357 1521 2435 revelaret
1544 2357 1639 2433 hanc

221 2509 324 2561 suam
340 2482 640 2595 deposiciouem,¹
653 2474 853 2594 quousque
866 2486 1491 2593 attestacionessuerintpublicate3
1508 2504 1544 2562 et
1561 2513 1637 2562 non

220 2612 407 2692 obtulerat
425 2643 465 2694 se
480 2618 527 2694 ad
545 2617 817 2696 deffensionem
832 2618 921 2696 dicti
937 2619 1093 2696 ordinis.

271 2877 400 2953 Frater
414 2879 657 2986 Raymundus
675 2878 855 2955 Amalvini
870 2880 1052 2965 serviens,
1071 2872 1323 2954 Rutbenensis
1339 2878 1517 2963 diocesis,
1531 2880 1636 2954 testis

217 3033 325 3110 sopra
341 3005 508 3113 juratus,
530 3008 846 3116 quadragenarius
866 3007 924 3085 vel
948 3009 1061 3099 circa,
1089 3006 1312 3084 mantellum
1336 3005 1480 3083 ordinis
1497 3023 1535 3082 et
1549 3005 1635 3082 bar-

80 3236 83 3241 ·
212 3134 300 3212 bam
324 3135 527 3227 defferens,
553 3167 638 3216 cum
662 3166 739 3245 quo
765 3139 988 3246 inquisitum
1018 3138 1159 3228 luerat,
1191 3136 1385 3215 absolutus
1408 3152 1446 3213 et
1467 3137 1635 3212 reconci-

213 3265 324 3342 liatus
348 3294 416 3372 per
437 3266 636 3345 dominum
662 3269 881 3375 episcopum
900 3269 1201 3355 Ruthenensem,
1228 3269 1294 3374 qui
1319 3284 1491 3373 receptus
1512 3265 1635 3342 luerat

213 3397 252 3471 in
275 3394 415 3501 capella
442 3398 573 3475 Sancte
603 3398 744 3475 Eulalia
770 3397 870 3476 dicte
896 3399 1074 3490 diocesis,
1104 3426 1173 3504 per
1194 3397 1346 3474 fratrem
1375 3396 1556 3474 Poncium
1586 3395 1633 3471 de

213 3526 379 3603 Broheto
403 3527 562 3606 militem
580 3530 793 3636 proadem,
820 3530 861 3605 in
881 3530 1008 3607 hieme
1030 3530 1209 3636 preterita
1225 3528 1380 3605 luerunt
1394 3555 1456 3605 xus
1471 3527 1560 3604 anni
1575 3526 1633 3603 vel

212 3658 327 3744 urea,
348 3660 586 3763 presentibus
600 3657 777 3738 fratribus
792 3661 972 3738 Rancerio
993 3660 1041 3738 de
1053 3658 1305 3737 Lemovicinio
1320 3657 1461 3747 milite,
1479 3657 1633 3735 Othone

211 3803 438 3892 preceptora
450 3788 683 3879 Tbolosano,
705 3788 815 3895 cujus
833 3816 1043 3897 cognomen
1061 3790 1224 3896 ignorat,
1242 3816 1338 3894 quos
1351 3787 1471 3865 credit
1489 3788 1630 3874 vivere3

211 3915 383 4024 Guigone
403 3917 578 3996 Ademari
605 3919 742 4012 milite,
776 3936 815 3997 et
836 3921 1059 4028 boymundo
1081 3918 1287 3996 bermundi
1315 3936 1408 3994 tunc
1429 3917 1632 3995 camerario

211 4044 300 4124 dicti
324 4046 417 4136 loci,
441 4049 688 4127 servientibus
710 4048 928 4137 deffnuctis,
950 4051 1073 4156 etqui
1096 4048 1246 4126 nullum
1271 4046 1387 4124 alium
1406 4047 1549 4123 viderat
1572 4074 1630 4121 re-

211 4175 284 4281 cipi
304 4178 344 4253 in
359 4178 509 4267 ordine,
526 4207 596 4256 nee
615 4178 783 4258 adsuerat
803 4179 1040 4287 generalibus
1059 4177 1230 4285 capitulis
1251 4175 1486 4255 eorumdem.
1509 4176 1631 4251 Lectis
1669 4279 1674 4291 .

211 4323 248 4383 et
259 4305 645 4416 diligenteroxpositis
663 4309 735 4387 sibi
746 4309 923 4388 omnibus
941 4326 979 4387 et
998 4308 1155 4415 singulis
1172 4307 1355 4395 articulis,
1378 4305 1570 4412 respondit
1590 4333 1630 4382 se

210 4436 324 4514 nichil
343 4439 436 4514 scire
458 4468 528 4516 nec
546 4439 715 4533 credere,
738 4469 806 4518 nec
828 4439 1011 4518 audivisse
1035 4440 1108 4515 dici
1136 4439 1184 4516 de
1209 4438 1394 4517 contentis
1419 4437 1459 4512 in
1482 4436 1535 4512 eis
1558 4434 1630 4511 nisi

210 4566 313 4670 qnod
328 4570 511 4676 sequitur.
527 4570 710 4648 Videlicet
724 4571 827 4678 quod
845 4572 885 4647 in
904 4569 987 4678 ejus
1001 4570 1221 4675 recepcione
1240 4585 1422 4673 receptor,
1440 4595 1527 4643 cum
1542 4592 1630 4643 con-

211 4698 378 4777 cessisset
397 4726 484 4777 eum
504 4702 690 4807 racipere,
714 4702 806 4778 dixit
820 4700 942 4807 quod,
960 4701 998 4776 in
1020 4700 1172 4777 nomine
1190 4698 1307 4775 Patris
1323 4715 1360 4774 et
1385 4695 1468 4773 Filii
1489 4713 1527 4774 et
1546 4696 1630 4801 Spi-

210 4827 302 4906 ritus
319 4829 461 4920 Sancti,
482 4845 520 4907 et
534 4831 581 4907 ad
602 4832 787 4909 honorem
806 4831 875 4908 Dei
899 4848 936 4907 et
951 4831 1059 4908 beate
1081 4829 1217 4919 Mario,
1240 4827 1443 4935 recipiebat
1463 4854 1567 4913 eum,
1591 4841 1629 4901 et
