4236 5948
354 518 428 592 ara
492 518 494 523 ·
683 606 687 612 ,
746 499 1387 591 ruostsoasrsurnaus.

354 662 401 738 de
420 688 547 748 causa,
569 658 733 766 aliquam
760 659 894 738 dixerit
911 659 1108 737 falsitatem
1132 659 1190 737 vel
1206 658 1453 737 immiscuerit
1472 659 1510 734 in
1534 659 1776 767 deposicioue

351 821 434 881 sua,
465 772 557 868 dixit
574 819 643 897 per
664 791 919 898 juramentum
941 819 1049 868 suum
1065 790 1169 897 quod
1196 817 1293 880 non3
1323 791 1440 868 immo
1464 790 1555 867 dixit
1583 819 1716 896 puram
1739 811 1777 869 et

351 953 492 1001 meram
510 924 713 1000 veritatem.

407 1188 497 1261 ltem
517 1183 630 1261 irater
649 1184 838 1260 Jobannes
855 1185 901 1259 de
914 1183 992 1262 Gisi
1008 1184 1191 1288 presbiter
1206 1182 1296 1259 dicti
1322 1182 1476 1270 ordinis,
1492 1183 1599 1258 etatis
1616 1209 1699 1261 xxvt
1718 1213 1776 1260 au·

351 1344 485 1392 nornm
504 1315 562 1391 vel
592 1315 703 1402 circa,
721 1315 868 1420 juratus
889 1313 1024 1390 eodem
1045 1314 1160 1390 modo
1184 1313 1231 1391 de
1260 1342 1300 1391 se
1319 1329 1357 1389 et
1383 1311 1464 1390 aliis
1484 1311 1524 1389 in
1549 1341 1657 1390 causa
1684 1311 1774 1391 lidei

241 1439 244 1444 ’
349 1445 474 1522 dicere
490 1445 699 1535 veritatem,
714 1461 751 1520 et
764 1443 1011 1551 interrogatus
1023 1444 1071 1520 de
1086 1461 1258 1549 tempore
1272 1462 1312 1520 et
1326 1442 1441 1520 modo
1451 1471 1516 1520 sue
1526 1442 1774 1549 receptionis,

350 1576 441 1652 dixit
455 1604 524 1681 per
532 1575 785 1681 juramentum
807 1605 917 1652 suum
934 1575 1039 1681 quod
1061 1593 1233 1682 receptus
1256 1573 1329 1652 fuit
1348 1574 1525 1652 indomo
1553 1575 1600 1651 de
1620 1575 1776 1683 lnigne-

349 1705 434 1782 ville
452 1706 682 1787 belvacensis
702 1707 879 1793 diocesis,
897 1724 973 1783 tres
996 1707 1081 1781 anni
1104 1707 1244 1783 suntin
1259 1704 1355 1782 festo
1369 1705 1773 1783 sanctorumlobannis

348 1852 386 1912 et
409 1835 531 1924 Pauli,
559 1864 627 1940 per
657 1834 810 1913 fratrem
834 1836 1073 1942 Radulphum
1104 1838 1151 1914 dc
1181 1836 1260 1915 Gisi
1295 1852 1527 1942 receptorem
1552 1834 1772 1940 Campanis,

346 1967 583 2073 presentibus
601 1967 778 2044 fratribus
796 1967 978 2045 Durando
1009 1966 1126 2044 milite
1155 1967 1243 2044 dicti
1273 1966 1432 2053 ordinis,
1452 1982 1489 2042 et
1500 1965 1676 2042 -Johanne
1694 1994 1773 2070 pre-

346 2114 496 2202 ceptore
517 2097 615 2173 dicte
636 2097 785 2187 domus,
807 2098 1028 2202 presbitero.
1050 2097 1151 2184 Dixit
1169 2098 1287 2174 eciam
1304 2126 1372 2204 per
1384 2096 1641 2204 juramentum
1657 2124 1771 2173 snum

346 2227 466 2332 q-uod,
489 2245 574 2332 post
593 2227 727 2304 malms
745 2229 1012 2332 promissiones
1032 2228 1078 2324 ab
1099 2256 1145 2304 eo
1164 2227 1276 2304 lactas
1295 2228 1344 2304 de
1365 2225 1607 2320 observandis
1626 2227 1773 2304 statutis

346 2374 385 2434 et
404 2357 555 2434 secretis
574 2356 664 2433 dicti
685 2358 845 2445 ordinis,
867 2357 987 2434 dictus
1008 2358 1191 2462 recipiens
1211 2358 1376 2435 ostendit
1393 2357 1463 2434 sibi
1482 2357 1641 2465 liguram
1655 2359 1771 2436 Jbesu

345 2487 481 2564 Christi
500 2487 684 2592 depictam
699 2489 737 2563 in
756 2489 919 2593 quodam
939 2489 1094 2576 missali,
1118 2506 1156 2566 et
1174 2489 1304 2594 petivit
1319 2489 1373 2567 ab
1393 2516 1439 2565 eo
1454 2505 1582 2565 utrum
1601 2489 1773 2575 crederet

345 2618 383 2692 in
402 2617 512 2694 illum
528 2618 634 2723 cujus
645 2617 765 2726 figora
786 2636 864 2695 erat
883 2618 957 2707 ibi,
980 2619 1106 2724 etipse
1122 2619 1214 2695 dixit
1228 2619 1333 2725 quod
1347 2618 1416 2710 sic,
1432 2625 1567 2696 ettunc
1585 2619 1680 2696 dixit
1696 2620 1767 2697 sihi

346 2749 457 2852 quod¹
470 2749 672 2855 abnegaret
692 2778 779 2825 eum
794 2767 863 2837 ter,
882 2766 920 2825 et
937 2766 996 2826 ter
1010 2767 1159 2855 spueret
1178 2738 1290 2856 supra
1316 2779 1483 2840 crucem3
1507 2767 1547 2828 et
1572 2778 1659 2827 cum
1689 2750 1768 2855 ipse

347 2880 420 2956 hoe
444 2877 563 2955 facere
591 2880 811 2988 denegaret,
836 2896 963 2955 tamen
995 2880 1178 2986 compulit
1206 2908 1294 2957 eum
1325 2881 1373 2957 ad
1395 2880 1483 2970 hoc,
1512 2881 1640 2957 dicens
1664 2881 1769 2986 quod

344 3010 540 3115 oportebat
558 3010 662 3117 quod
682 3011 755 3087 hoc
769 3009 922 3098 faceret,
945 3029 981 3088 et
1004 3027 1092 3088 tunc
1112 3040 1177 3088 ore
1195 3029 1233 3089 et
1248 3041 1325 3091 non
1349 3011 1461 3088 corde
1483 3010 1677 3117 abnegavit
1698 3028 1765 3097 ter,

345 3158 381 3216 et
400 3158 459 3217 ter
477 3139 586 3217 finxit
598 3169 732 3246 spuere
752 3169 861 3244 supra
882 3168 1045 3230 enicem,
1068 3143 1135 3218 sed
1155 3144 1254 3247 spuit
1271 3143 1319 3219 ad
1329 3160 1484 3247 partem.

400 3272 494 3348 Item
514 3271 607 3348 dixit
625 3302 694 3378 per
706 3271 963 3377 juramentum
982 3300 1093 3349 suum
1108 3274 1214 3379 quod
1233 3272 1419 3351 osculatus
1433 3271 1504 3348 luit
1522 3299 1612 3348 earm
1628 3271 1769 3348 solum-

344 3402 459 3477 modo
481 3403 518 3476 in
539 3430 625 3488 ore,
647 3402 735 3476 licet
755 3401 869 3477 fuerit
884 3400 1088 3506 requisitus
1103 3402 1150 3479 de
1166 3403 1370 3481 osculando
1390 3430 1478 3479 eum
1503 3401 1541 3476 in
1567 3399 1767 3489 umbilico;

345 3531 412 3605 sed
441 3532 651 3608 assistentes
676 3532 850 3607 dixerunt
879 3530 983 3637 quod
1013 3550 1179 3636 parceret
1214 3533 1300 3621 sibi,
1324 3534 1421 3638 .quia
1451 3548 1530 3609 erat
1548 3529 1602 3606 de
1626 3559 1766 3637 genere

344 3689 412 3736 suo
433 3662 667 3738 etsacerdos.
1560 3735 1563 3741 .

396 3793 492 3867 ltem
514 3792 607 3868 dixit
621 3822 688 3898 per
697 3794 953 3898 jurameutum
969 3820 1078 3868 suum
1098 3794 1201 3898 quod
1222 3791 1345 3870 dictus
1364 3792 1549 3898 recipiens
1568 3791 1676 3868 dedit
1695 3790 1766 3869 sibi

342 3922 534 3999 licenciam
557 3923 749 4000 habitandi
766 3953 850 4001 cum
871 3922 1049 4000 fratribus
1074 3923 1163 4010 dicti
1190 3922 1348 4013 ordinis,
1370 3925 1399 4001 si
1425 3952 1503 4002 non
1524 3942 1651 4029 posset
1676 3951 1766 3999 con·

342 4054 464 4131 tinere
478 4087 486 4140 ;
501 4055 581 4132 ,sed
603 4054 703 4131 dixit
717 4083 785 4160 per
807 4055 1061 4160 juramentum
1088 4082 1199 4132 suum
1224 4056 1328 4160 quod
1349 4049 1541 4160 nunquam
1566 4054 1670 4142 fecit,
1694 4082 1765 4130 nec

342 4183 414 4262 fuit
438 4185 639 4290 requisitus
665 4185 712 4262 ab
737 4186 874 4292 aliquo.
901 4185 1002 4262 Dixit
1021 4186 1138 4263 eciam
1168 4215 1235 4291 per
1253 4191 1509 4291 juramentum
1524 4213 1640 4262 suum
1656 4186 1766 4291 quod

341 4316 433 4392 vidit
450 4333 525 4393 tres
551 4315 667 4423 recipi
688 4345 754 4422 per
779 4317 920 4393 dictum
941 4315 1092 4393 fratrem
1118 4319 1159 4392 R.
1188 4318 1234 4394 de
1252 4318 1350 4406 Gisi,
1376 4347 1445 4424 per
1468 4317 1581 4394 istum
1605 4319 1763 4400 modurn

341 4475 409 4551 per
427 4477 540 4553 quem
554 4446 653 4523 dixit
668 4476 707 4524 se
721 4477 801 4525 esse
816 4465 1025 4552 receptum,
1044 4466 1081 4525 et
1102 4449 1220 4525 credit
1235 4449 1338 4555 quod
1354 4477 1485 4527 omnes
1505 4447 1566 4524 alii
1582 4448 1765 4552 recipiun-

340 4595 402 4653 tur
416 4607 484 4684 per
503 4578 611 4657 illum
632 4580 802 4660 modum.
1817 4578 1819 4583 ⁴

397 4710 644 4815 Interrogatus
654 4727 780 4786 utrum
797 4711 848 4797 vi,
865 4710 921 4785 vel
933 4728 1037 4788 metu
1053 4713 1208 4789 carceris
1225 4740 1292 4789 seu
1305 4729 1594 4800 tormentorum,
1615 4727 1680 4789 aut
1693 4709 1761 4786 alia

341 4836 388 4913 de
408 4866 531 4924 causa,
554 4839 717 4946 aliquam
741 4840 873 4917 dixerit
891 4816 1096 4925 falsitatem
1111 4843 1168 4920 vel
1185 4842 1434 4932 immiscuerit
1456 4841 1760 4948 indeposicione
