4236 5948
735 537 929 629 enonas
955 555 1051 628 nus
1077 556 1380 628 sanctinus.
1690 549 1766 631 ‘ass

403 697 625 792 Adxl—xlv
638 697 815 774 articulos
831 697 1023 785 inclusive,
1042 697 1241 804 diligenter
1253 715 1290 773 et
1300 697 1765 804 sigillatiminterrogatus,

348 828 494 933 negavit
513 828 613 932 ipsos
634 826 809 903 articulos
830 846 868 903 et
886 828 1010 903 omnia
1032 844 1068 902 et
1084 828 1230 934 singula
1252 844 1426 903 contenta
1445 827 1562 903 ineis.

402 957 460 1034 Ad
479 956 713 1045 xlvi—,lxxnr
734 956 910 1035 articulos
932 957 1126 1045 inclusive,
1144 957 1343 1064 diligenter
1364 958 1611 1064 interrogatus
1631 959 1768 1064 sigilla-

343 1089 464 1164 timet
483 1087 721 1194 singulariter
737 1117 851 1195 snper
871 1089 1027 1195 singulis
1048 1089 1228 1177 articulis,
1250 1089 1394 1195 negavit
1419 1090 1519 1195 ipsos
1538 1089 1717 1167 articulos
1733 1110 1768 1167 et

346 1218 471 1295 omnia
502 1235 540 1294 et
568 1218 714 1324 singula
744 1235 917 1295 contenta
944 1219 1078 1307 ineis,
1112 1236 1264 1324 excepto
1295 1218 1398 1325 quod
1418 1216 1618 1296 confitetur
1649 1220 1769 1298 dictos

345 1347 475 1424 fratres
496 1377 538 1423 ex
559 1378 634 1455 quo
654 1367 743 1425 sunt
756 1349 897 1454 recepti
919 1350 958 1424 in
978 1349 1079 1425 dicto
1098 1349 1254 1438 ordine,
1275 1366 1313 1424 et
1328 1349 1375 1424 de
1392 1376 1431 1425 se
1446 1349 1528 1454 ipso
1542 1349 1631 1424 dicit
1647 1349 1765 1435 idem,

343 1496 542 1583 portarunt
562 1499 598 1556 et
617 1498 766 1585 portant
782 1479 972 1586 cingulum
993 1481 1068 1556 sive
1088 1479 1281 1557 cordulam
1298 1478 1350 1553 fili
1367 1478 1457 1555 linei
1468 1508 1583 1585 snper
1600 1480 1768 1556 camisias

344 1609 481 1687 cinctas
499 1611 593 1686 circa
613 1608 779 1699 lumbos,
803 1639 896 1716 quas
911 1639 1058 1716 semper
1077 1627 1225 1715 portant
1244 1610 1304 1686 die
1329 1626 1520 1715 noctuque
1547 1627 1688 1686 etcum
1715 1614 1768 1688 eis

340 1741 463 1846 jacent
482 1742 679 1847 insignum
700 1741 874 1818 castitatis
893 1742 1083 1818 servande.
1105 1740 1261 1816 Addidit
1283 1739 1397 1815 eciam
1419 1769 1457 1816 sc
1474 1741 1617 1816 nescire
1636 1770 1682 1818 an
1696 1741 1767 1820 fra-

343 1886 418 1946 tres
439 1872 528 1947 dicti
550 1872 693 1948 ordinis
711 1872 954 1977 astringantur
969 1871 1188 1976 juramento
1213 1899 1259 1944 ne
1290 1869 1453 1945 revelent
1472 1898 1546 1975 que
1576 1870 1614 1945 in
1637 1901 1765 1949 eorum

345 2002 512 2106 capitulis
530 2020 707 2108 aguntur,
730 2001 905 2077 dicuntur
925 2018 963 2076 et
980 2000 1093 2089 finnt,
1117 2000 1219 2105 quod
1240 2000 1318 2105 ipse
1335 2028 1527 2105 nunquam
1547 2000 1620 2078 fuit
1646 2002 1685 2078 in
1709 2034 1767 2081 ca-

344 2131 486 2236 pitulis,
507 2133 576 2208 nisi
598 2161 643 2208 eo
663 2150 831 2236 tempore
858 2159 933 2237 quo
958 2131 997 2205 in
1018 2129 1167 2206 fratrem
1188 2129 1260 2205 fuit
1287 2147 1468 2235 receptus.
1497 2129 1626 2208 Credit
1643 2151 1768 2211 tamen

344 2262 446 2366 quod
467 2263 556 2338 dicti
576 2263 707 2339 fratres
725 2263 791 2367 qui
812 2262 995 2338 intersunt
1010 2260 1178 2366 capitulis
1197 2278 1392 2337 teneantur
1406 2279 1442 2336 et
1458 2260 1618 2339 debeant
1630 2284 1769 2342 secreta

345 2419 476 2466 eorum
494 2409 638 2480 tenere,
661 2409 697 2466 ct
714 2389 825 2466 nullis
846 2389 925 2465 aliis
946 2390 1104 2494 quinon
1126 2389 1361 2467 interfuerint
1379 2389 1553 2468 revelare.

400 2520 458 2595 Ad
481 2519 595 2597 lxxun
619 2519 814 2596 articulum
840 2517 1101 2623 interrogatus,
1125 2517 1216 2592 dixit
1242 2537 1278 2593 et
1297 2519 1489 2624 respondit
1507 2538 1550 2595 ut
1578 2550 1687 2628 supra
1710 2555 1768 2600 re-

343 2678 521 2756 sponsum
544 2668 598 2727 est
614 2650 653 2724 in
673 2677 771 2727 xxnu
792 2648 958 2725 articula.

399 2781 455 2856 Ad
467 2779 703 2859 lxxv-lxxxi
718 2775 891 2856 articulos
902 2778 1096 2866 inclusive,
1109 2779 1307 2885 diligenter
1321 2799 1358 2856 et
1370 2780 1556 2886 sigillatim
1570 2781 1767 2889 interroga-

342 2928 413 2997 tus,
425 2911 619 3016 respondit
635 2929 671 2987 et
691 2911 782 2986 dixit
800 2909 926 2986 omnia
942 2927 977 2985 et
992 2908 1136 3015 singula
1156 2927 1328 2986 contenta
1346 2909 1384 2985 in
1398 2910 1451 2987 eis
1466 2939 1505 2987 se
1520 2939 1597 2987 non
1614 2913 1765 2990 credere

342 3069 426 3117 vera
445 3071 525 3119 esse
540 3042 812 3119 necveritatem
824 3040 985 3146 aliquam
1000 3040 1189 3117 continere
1201 3075 1210 3129 ς
1223 3039 1364 3117 addens
1374 3041 1477 3146 quod
1491 3070 1584 3147 opus
1603 3070 1677 3118 non
1695 3044 1766 3121 fnit

343 3191 512 3249 contenta
525 3175 676 3280 corrigi,
697 3203 766 3249 nec
781 3173 898 3249 eciam
913 3190 1036 3248 sancte
1053 3172 1121 3247 Dei
1140 3172 1302 3249 Ecclesia
1323 3172 1507 3265 nunciari,
1526 3201 1594 3248 nec
1614 3173 1685 3250 luit
1703 3205 1766 3251 ne-

342 3302 520 3408 gligencia
548 3304 585 3378 in
605 3305 835 3410 corrigendis
855 3303 911 3380 vel
927 3303 1150 3379 nunciandis
1170 3302 1368 3407 predictis,
1390 3304 1478 3410 quia
1503 3332 1686 3409 nusquam
1704 3307 1765 3382 illa

343 3431 453 3510 fuisse
471 3452 586 3540 putat.
616 3436 690 3510 Nec
716 3434 834 3510 credit
862 3435 900 3508 in
926 3432 1057 3510 ordine
1079 3432 1166 3508 dicti
1196 3433 1344 3538 Templi
1366 3462 1435 3510 nec
1465 3434 1502 3508 in
1533 3433 1655 3539 aliqua
1686 3439 1765 3542 ejus

342 3582 461 3668 parte,
485 3583 521 3639 et
540 3594 608 3669 per
627 3592 857 3670 consequens
877 3593 945 3639 nec
968 3563 1136 3639 nunciari
1162 3591 1230 3637 nec
1250 3564 1385 3670 corrigi
1405 3563 1633 3654 debuerunt,
1657 3570 1765 3645 etsie

343 3695 433 3768 dixit
449 3723 486 3769 se
509 3691 665 3769 firmiter
680 3693 832 3769 credere
849 3722 932 3770 vera
953 3721 1032 3769 esse
1053 3710 1095 3768 nt
1113 3694 1316 3798 respoudit.

397 3822 454 3899 Ad
484 3823 595 3899 lxxxu
616 3823 809 3900 articulum
834 3823 1095 3929 interrogatus,
1112 3822 1306 3929 respondit
1336 3842 1373 3900 et
1399 3823 1490 3899 dixit
1517 3855 1554 3900 se
1582 3855 1657 3903 uon
1685 3854 1764 3901 cre-

342 3955 429 4030 dere
456 3954 735 4030 multitudinem
768 3955 929 4061 aliquam
963 3954 1117 4030 fratrum
1138 3955 1253 4060 ipsius
1273 3954 1420 4060 Templi
1440 3955 1519 4032 fore
1540 3955 1760 4038 confessam,

341 4085 436 4160 sicut
452 4086 634 4161 invenitur
656 4085 691 4159 in
711 4083 865 4160 articulo
886 4083 1113 4190 supradicto,
1133 4102 1170 4160 et
1190 4085 1217 4160 si
1240 4084 1334 4160 sorte
1356 4084 1469 4190 aliqui
1492 4087 1566 4161 sint
1586 4084 1761 4171 confessi,

342 4214 432 4289 dixit
452 4244 489 4290 se
520 4214 670 4290 credere
697 4213 779 4291 illos
803 4242 878 4292 non
909 4243 987 4290 esse
1014 4213 1188 4290 homines
1207 4243 1276 4290 nec
1295 4213 1424 4303 fuisse,
1445 4216 1513 4291 sed
1531 4214 1679 4320 penitus
1699 4215 1764 4289 de-

341 4373 471 4422 mones
490 4344 686 4422 infemales
700 4346 765 4451 qui
784 4345 999 4422 naturaliter
1011 4345 1099 4422 falsa
1116 4345 1238 4421 dicere
1260 4362 1539 4422 consueverunt.

398 4476 455 4551 ad
474 4476 617 4564 lxxxru,
639 4476 775 4553 lxxxrur
792 4494 828 4552 et
844 4476 949 4556 lxxxv
966 4475 1138 4552 articulos
1155 4476 1344 4564 inclusive,
1365 4475 1563 4582 diligenter
1573 4494 1615 4551 et
1627 4475 1764 4581 sigilla-

341 4607 409 4681 tim
432 4608 677 4714 interrogatus
703 4624 740 4683 et
767 4637 878 4713 snper
898 4625 1070 4684 contenta
1095 4608 1132 4681 in
1153 4606 1240 4694 illis,
1260 4606 1378 4683 credit
1397 4606 1499 4711 quod
1519 4605 1648 4683 fratres
1673 4605 1761 4681 dicti

266 4731 271 4739 ⁸
341 4737 482 4813 ordinis
495 4738 643 4844 Templi
664 4739 730 4843 qui
751 4736 907 4814 confessi
930 4755 1016 4815 sunt
1037 4766 1180 4814 errores
1200 4737 1387 4843 predictos
1413 4737 1452 4812 in
1472 4736 1579 4813 dictis
1600 4735 1764 4813 articulis

341 4886 532 4945 contentos
553 4867 643 4946 falso
666 4871 778 4945 modo
800 4869 957 4946 confessi
980 4887 1065 4946 sunt
1087 4888 1122 4946 et
1143 4886 1269 4946 contra
1289 4869 1497 4959 veritatem,
1520 4887 1563 4946 ut
1582 4869 1661 4976 ipse
1684 4897 1763 4944 cre·
