4236 5948
485 533 559 608 tsi
869 513 1068 607 Pnoots
1096 531 1191 602 uns
1217 529 1521 635 rnurmnns

482 677 584 754 latim
605 677 872 783 interrogatus,
904 674 1135 780 respondens
1166 672 1311 779 negavit
1341 672 1443 778 ipsos
1469 670 1643 748 articulos
1669 688 1707 749 et
1732 669 1859 749 omnia
1880 687 1918 746 et

483 809 626 916 singula
655 824 830 886 contenta
855 807 981 894 ineis,
1006 822 1158 911 excepto
1184 804 1288 909 quod
1309 803 1500 882 consessus
1529 821 1585 881 est
1611 802 1716 911 quod
1743 820 1918 908 receptus

483 941 727 1046 recipientem
746 937 933 1016 osculatur
956 937 995 1011 in
1017 964 1081 1015 ore
1103 952 1251 1013 tantum
1273 952 1310 1011 et
1328 934 1477 1042 aliquos
1504 933 1551 1012 de
1574 932 1752 1012 fratribus
1772 932 1916 1012 ibidem

483 1071 700 1149 astantibus.
1580 1052 1584 1058 ’

540 1202 598 1279 Ad
617 1229 904 1280 xxxuu—xxmx
924 1200 1099 1278 articulos
1115 1200 1306 1289 inclusive,
1329 1200 1530 1309 diligenter
1540 1217 1579 1277 et
1597 1199 1787 1308 sigillatim
1804 1199 1918 1276 inter·

483 1353 649 1442 rogatus,
671 1334 903 1442 respondens
917 1334 1064 1441 negavit
1082 1335 1184 1440 ipsos
1204 1333 1379 1411 articulos
1400 1349 1439 1409 et
1454 1332 1580 1410 omnia
1601 1349 1638 1409 et
1661 1332 1805 1442 singula
1826 1361 1918 1411 con·

481 1484 584 1545 tenta
604 1468 643 1543 in
665 1468 735 1556 eis,
761 1484 912 1573 excepto
934 1466 1038 1572 quod
1059 1465 1250 1543 consessus
1271 1483 1326 1542 est
1345 1465 1451 1572 quod
1470 1464 1610 1571 recepti
1631 1463 1762 1541 fratres
1783 1466 1831 1542 ad
1855 1494 1917 1543 or-

484 1599 611 1675 dinem
625 1598 883 1705 supradictum
898 1597 997 1674 inter
1015 1596 1172 1706 aliaque
1189 1597 1417 1703 promittunt
1430 1624 1531 1701 pera
1550 1625 1589 1672 se
1606 1595 1803 1702 prestitum
1813 1597 1918 1704 jnra-

482 1749 672 1822 mentum,
694 1731 920 1838 promittunt
944 1757 1021 1805 non
1046 1728 1144 1806 exire
1165 1757 1235 1804 nec
1256 1727 1468 1834 relinquere
1490 1726 1641 1803 dictum
1655 1726 1828 1804 ordinem
1849 1757 1917 1834 pro

482 1863 556 1941 alio
574 1863 706 1971 majori
727 1862 785 1939 vel
801 1861 964 1952 fortiori,
987 1861 1125 1937 minori
1151 1860 1209 1938 vel
1230 1859 1403 1937 debiliori
1425 1859 1577 1949 ordine,
1600 1856 1743 1966 absque
1762 1859 1917 1937 licencia

483 1997 566 2102 ejus
580 1997 647 2103 qui
665 1997 712 2073 de
734 1994 906 2097 exeundo
925 1995 1050 2100 ipsum
1071 1993 1243 2071 ordinem
1257 1993 1453 2071 licenciam
1466 1993 1584 2100 possit
1597 1993 1698 2071 dare.
1716 1992 1917 2072 Confessus

483 2146 540 2203 est
560 2128 676 2204 eciam
699 2126 803 2235 quod
828 2143 914 2233 post
940 2126 1202 2232 recepcicnem
1230 2124 1386 2202 lratrnm
1406 2123 1496 2202 dicti
1518 2123 1660 2202 ordinis
1690 2125 1759 2231 ipsi
1786 2125 1918 2204 fratres

483 2260 623 2364 recepti
636 2287 705 2366 pro
720 2257 896 2365 professis
910 2256 1157 2335 incontinenti
1175 2255 1374 2347 habentur,
1393 2273 1436 2334 ut
1454 2256 1667 2335 continetur
1680 2257 1721 2333 in
1736 2259 1866 2368 regula
1881 2278 1919 2337 et

483 2390 628 2466 statutis
649 2389 792 2468 ordinis
812 2389 1036 2497 supradicti.
1060 2389 1201 2465 adden's
1219 2389 1335 2466 eciam
1352 2388 1456 2498 quod
1482 2389 1722 2495 recepcicnes
1747 2389 1918 2496 ipsorum

482 2521 641 2598 fratrum
662 2522 759 2598 liunt
773 2522 812 2596 in
833 2520 993 2628 capitulo
1011 2520 1145 2598 clausis
1161 2521 1288 2627 januis
1309 2539 1347 2598 et
1367 2520 1480 2598 nullis
1501 2520 1739 2628 presentibus
1753 2522 1825 2599 nisi
1845 2520 1920 2598 lra-

483 2654 606 2731 tribus
621 2653 765 2730 ordinis
779 2652 1008 2761 supradicti,
1027 2652 1155 2729 dicens
1171 2653 1245 2730 hoc
1263 2652 1378 2730 luisse
1399 2653 1597 2756 scriptum,
1619 2669 1661 2729 ut
1680 2652 1759 2758 ipse
1781 2654 1916 2741 credit,

483 2786 522 2860 in
540 2785 686 2863 statutis
702 2784 844 2862 ordinis
863 2785 1049 2893 prelibati.

436 3004 440 3010 ,
541 2914 599 2992 Ad
606 2916 766 2995 rin-xlv
782 2918 959 2997 articulos
975 2918 1165 3007 inclusive,
1184 2918 1385 3028 diligenter
1401 2936 1438 2995 et
1452 2918 1640 3027 sigillatim
1652 2918 1917 3026 interrogatus,

482 3049 628 3154 negavit
647 3049 749 3155 ipsos
769 3049 946 3129 articulos
963 3068 1001 3127 et
1022 3051 1150 3128 omnia
1171 3068 1208 3127 et
1227 3052 1371 3160 singula
1391 3066 1567 3129 contenta
1584 3052 1623 3128 in
1644 3051 1709 3127 eis.

541 3179 599 3257 Ad
619 3180 850 3260 xlvi-boun
871 3183 1049 3261 articulos
1064 3182 1255 3272 inclusive,
1277 3182 1479 3292 diligenter
1497 3200 1535 3260 et
1554 3182 1742 3291 sigillatim
1759 3182 1921 3260 interro-

482 3331 604 3420 gatus,
623 3314 770 3420 negavit
785 3314 887 3421 ipsos
907 3315 1084 3394 articulos
1098 3333 1136 3392 et
1151 3316 1277 3392 omnia
1298 3334 1336 3392 et
1353 3315 1497 3423 singula
1513 3331 1688 3395 contenta
1709 3315 1747 3390 in
1764 3314 1836 3403 eis,
1858 3344 1920 3391 ex-

484 3462 593 3551 cepto
613 3444 718 3552 quod
732 3444 923 3533 consessus
939 3464 995 3523 est
1009 3446 1115 3553 quod
1128 3446 1258 3525 fratres
1279 3449 1397 3553 ipsius
1416 3447 1560 3526 ordinis
1575 3463 1725 3554 portant
1748 3445 1921 3526 cordulas

483 3576 599 3653 lineas
612 3578 670 3653 vel
687 3576 733 3652 de
751 3576 892 3653 canabo
907 3605 1017 3684 supra
1034 3577 1223 3654 camisiam
1239 3579 1286 3655 ad
1297 3579 1571 3685 designandum
1587 3579 1791 3657 castitatem
1806 3608 1919 3685 quam

483 3709 554 3814 ipsi
574 3708 704 3786 fratres
723 3738 866 3786 servare
888 3710 1113 3816 promittunt
1133 3727 1305 3816 tempore
1324 3712 1383 3788 sui
1404 3712 1596 3820 ingressus
1621 3711 1826 3817 religionis.
1850 3713 1920 3789 Ne·

483 3841 580 3947 gavit
597 3857 722 3917 tamen
741 3841 846 3947 quod
863 3841 972 3918 dictis
994 3841 1160 3918 cordulis
1181 3870 1259 3919 uon
1278 3844 1480 3949 cinguntur
1499 3872 1568 3921 nec
1580 3860 1787 3950 tanguntur
1803 3844 1921 3949 capita

482 3971 699 4079 ydolorum,
726 3973 815 4078 quia
834 4002 904 4051 nec
924 3974 993 4050 scit
1013 3973 1118 4079 quod
1142 3973 1190 4050 sit
1214 3974 1386 4080 ydolum,
1414 3975 1482 4051 sed
1505 3991 1614 4081 putat
1640 3975 1748 4082 quod
1768 3975 1817 4053 sit
1843 3975 1922 4050 dia·

482 4103 610 4195 bolus,
633 4122 699 4180 aut
720 4103 837 4181 nichil
852 4105 891 4180 in
910 4105 1074 4183 Ecclesia
1090 4124 1214 4184 sancta
1229 4107 1312 4196 Dei,
1332 4135 1402 4183 nec
1417 4135 1584 4214 unquam
1598 4105 1743 4185 audivit
1758 4105 1798 4182 in
1818 4106 1920 4183 dicto

484 4235 616 4314 ordine
637 4236 686 4312 de
705 4235 822 4343 ydolo
845 4237 928 4313 fieri
949 4238 1199 4326 mentionem,
1222 4238 1292 4316 nisi
1314 4239 1410 4318 sicut
1431 4240 1470 4315 in
1495 4240 1685 4347 Scriptura
1708 4266 1809 4316 sacra
1828 4238 1921 4315 dici-

481 4384 555 4445 tur.
573 4366 776 4447 Confessus
797 4385 852 4445 est
876 4368 994 4445 eciam
1013 4369 1120 4476 quod
1139 4369 1346 4479 injungitur
1367 4370 1457 4476 ipsis
1476 4370 1652 4448 fratribus
1672 4369 1711 4445 in
1734 4398 1801 4446 sua
1818 4397 1922 4447 rece·

481 4500 615 4605 pcione
636 4529 704 4607 per
722 4502 982 4608 juramentum
1004 4529 1052 4578 ne
1078 4528 1213 4609 eaque
1239 4503 1335 4580 liunt
1358 4519 1396 4580 et
1420 4520 1582 4610 aguntur
1602 4503 1642 4578 in
1664 4529 1798 4578 eorum
1823 4503 1923 4607 capi·

482 4630 573 4708 tulis
595 4631 676 4707 aliis
696 4661 809 4738 quam
832 4634 921 4738 ipsis
940 4633 1117 4711 fratribus
1138 4635 1203 4742 qui
1224 4634 1478 4713 interfuerunt
1494 4634 1667 4741 capitulis
1687 4632 1921 4724 revelentur;

485 4780 522 4840 et
546 4764 576 4840 si
601 4764 685 4871 quis
709 4782 837 4844 contra
867 4765 1021 4856 laceret,
1048 4785 1227 4874 tanquam
1257 4770 1432 4876 perjurus
1465 4766 1727 4846 excluderetur
1754 4795 1774 4842 a
1805 4765 1923 4844 domo

484 4895 645 5001 Templi.
