4236 5948
487 541 559 613 aro
872 484 1068 612 moces
1095 540 1190 610 ons
1215 537 1516 610 renuimus.

484 699 604 787 gatus,
627 676 821 785 respondit
846 697 883 755 et
911 679 1003 756 dixit
1029 679 1138 785 plura
1157 679 1299 757 nescire
1321 706 1389 756 nec
1414 679 1567 754 credere
1595 707 1710 785 quam
1738 679 1913 785 deposuit

484 811 522 886 in
543 809 697 915 singulis
717 808 879 885 articulis
899 809 1131 913 supradictis.

540 1072 647 1148 Anno
668 1099 743 1176 quo
764 1098 873 1176 supra
894 1097 929 1146 xv
950 1069 1124 1148 kalendas
1144 1070 1336 1151 februarii.

540 1204 599 1278 Xl.
631 1204 757 1277 Frater
785 1200 1025 1306 Raymundus
1057 1202 1103 1277 de
1131 1201 1249 1280 Vilert
1279 1201 1423 1278 ordinis
1453 1201 1603 1307 Templi
1628 1200 1765 1277 domus
1790 1201 1908 1279 Mansi

482 1334 564 1420 Dei,
582 1333 686 1409 testis
701 1331 849 1437 juratus
869 1332 916 1408 ad
933 1348 1056 1408 sancta
1067 1333 1137 1410 Dei
1150 1333 1345 1438 Evangelia
1361 1360 1474 1438 super
1493 1331 1672 1439 predictis
1690 1332 1856 1409 articulis
1873 1351 1909 1410 et

484 1491 615 1540 eorum
632 1460 802 1569 quolibet
817 1463 888 1540 sibi
907 1465 1082 1570 expositis
1103 1464 1142 1540 in
1163 1464 1317 1570 vulgari,
1340 1481 1383 1540 ut
1401 1463 1616 1570 principalis
1633 1462 1679 1540 de
1699 1491 1739 1540 se
1753 1464 1849 1570 ipso,
1873 1481 1910 1541 et

483 1612 524 1671 ut
542 1595 649 1670 testis
664 1593 711 1671 de
731 1593 830 1682 aliis,
849 1594 1048 1702 diligenter
1060 1613 1097 1672 et
1108 1594 1295 1701 sigillatim
1317 1596 1585 1702 interrogatus,
1608 1593 1842 1700 respondens
1862 1594 1909 1671 ad

481 1726 664 1829 primum,
684 1750 848 1802 11-xx1x
863 1724 1036 1803 articulos
1050 1724 1244 1817 inclusive,
1262 1726 1408 1834 negavit
1420 1727 1521 1832 ipsos
1536 1724 1709 1803 articulos
1726 1742 1764 1801 et
1778 1725 1906 1802 omnia

482 1855 678 1962 etsingula
697 1873 871 1933 contenta
891 1857 1014 1945 ineis,
1039 1857 1165 1934 dicens
1186 1885 1225 1935 se
1247 1856 1399 1934 credere
1422 1856 1579 1934 firmiter
1593 1855 1714 1933 [ilium
1742 1856 1812 1933 Dei
1833 1857 1906 1933 Do·

480 1986 625 2062 minum
657 1986 812 2064 Jhesum
842 1986 1033 2069 Christum
1058 1987 1172 2065 luisse
1197 1986 1412 2065 crucifixum
1440 2006 1477 2064 et
1501 2016 1652 2092 passum
1672 2013 1742 2090 pro
1762 1985 1909 2062 redem-

479 2116 615 2221 pcione
632 2116 787 2193 humani
804 2116 964 2225 generis,
979 2146 1056 2195 non
1072 2145 1140 2223 pro
1160 2119 1320 2224 peccatis
1335 2147 1404 2195 nec
1417 2146 1487 2224 pro
1502 2115 1705 2196 sceleribus
1718 2117 1805 2203 suis,
1821 2145 1908 2193 cum

480 2275 675 2353 nunquam
687 2248 896 2352 peccaverit
909 2276 978 2324 nec
993 2247 1102 2326 dolus
1116 2248 1229 2325 fuerit
1248 2249 1286 2324 in
1301 2247 1453 2336 eodem,
1471 2278 1540 2354 per
1554 2277 1668 2354 quem
1685 2247 1809 2326 solum
1827 2249 1906 2351 ipse

479 2375 646 2467 firmiter,
677 2395 715 2454 et
745 2378 848 2455 idem
874 2378 992 2455 credit
1019 2379 1066 2456 de
1090 2378 1172 2456 aliis
1204 2377 1380 2458 fratribus
1414 2379 1583 2486 ejusdem
1614 2379 1775 2465 ordinis,
1803 2407 1907 2482 spem

480 2505 594 2586 habet
611 2525 646 2584 et
662 2536 810 2614 semper
825 2507 957 2585 babuit
976 2509 1186 2587 salvationis
1204 2509 1388 2588 habende.

535 2637 710 2716 Adiciens
736 2637 840 2744 quod
864 2638 943 2744 ipse
970 2655 1007 2715 et
1026 2639 1138 2715 ceteri
1164 2638 1294 2718 fratres
1321 2641 1490 2747 ejusdem
1513 2640 1658 2718 ordinis
1676 2641 1833 2716 adorant
1857 2637 1907 2715 ob

480 2769 729 2846 reverenciam
745 2767 910 2844 crucifixi
928 2784 967 2846 et
985 2770 1235 2848 reverenciam
1258 2770 1436 2848 exhibent
1455 2770 1526 2876 ipsi
1547 2770 1645 2847 cruci
1667 2786 1724 2847 ter
1749 2770 1788 2845 in
1809 2796 1906 2847 auno

479 2897 664 3004 quolibet,
688 2898 862 3004 videlicet
881 2898 920 2976 in
941 2899 1001 2976 die
1027 2900 1184 2978 Veneris
1207 2916 1329 2976 sancta
1356 2917 1394 2976 et
1418 2901 1457 2975 iu
1477 2899 1629 2977 duobus
1654 2899 1757 2976 lestis
1774 2899 1906 2977 Sancte

388 3101 390 3104 .
478 3028 607 3107 Crucis
637 3030 824 3107 mensium
856 3030 943 3106 maii
966 3047 1003 3106 et
1030 3030 1267 3137 septembris,
1291 3029 1340 3108 ob
1366 3031 1471 3137 cujus
1490 3031 1674 3109 honorem
1698 3030 1816 3106 eciam
1836 3030 1904 3136 ipsi

478 3159 610 3238 fratres
622 3178 771 3266 portant
789 3161 829 3236 in
856 3161 933 3237 suis
957 3159 1179 3240 clamidibus
1197 3188 1344 3238 crucem
1372 3162 1528 3239 rubeam
1556 3162 1604 3238 ad
1632 3159 1905 3266 designandum

356 3374 361 3383 ¹
479 3290 688 3368 elusionem
708 3291 898 3397 sanguinis
912 3292 1053 3397 proprii
1074 3320 1186 3396 quem
1207 3291 1377 3374 Christus
1396 3293 1582 3371 Dominus
1603 3291 1722 3370 eludit
1742 3292 1781 3367 in
1796 3319 1904 3368 cruce

479 3450 546 3525 pro
567 3438 693 3500 nostra
712 3421 841 3499 salute.

535 3550 691 3627 Addidit
705 3578 856 3656 quoque
870 3578 909 3628 se
925 3550 1088 3640 credere,
1108 3568 1146 3628 et
1159 3552 1262 3629 idem
1278 3554 1399 3632 credit
1413 3552 1462 3630 de
1478 3556 1611 3632 ceteris
1625 3553 1805 3633 fratribus
1814 3554 1905 3630 dicti

479 3680 635 3771 ordinis,
648 3679 772 3760 omnia
786 3681 1026 3759 ecclesiastica
1039 3700 1276 3774 sacramenta,
1290 3702 1403 3790 prout
1416 3702 1538 3766 sancta
1547 3685 1617 3764 Dei
1630 3684 1791 3762 Ecclesia
1801 3703 1905 3762 tenet

479 3827 516 3889 et
534 3812 656 3892 docet.

534 3943 592 4021 Ad
612 3971 697 4036 xxx,
720 3969 818 4031 xxxi,
840 3969 936 4021 xxxii
958 3962 995 4020 et
1008 3972 1117 4022 xxxm
1132 3945 1309 4023 articulos
1320 3945 1520 4033 inclusive,
1539 3946 1736 4053 diligenter
1751 3964 1790 4022 et
1804 3947 1904 4053 sigil-

476 4073 580 4152 latim
598 4075 862 4181 interrogatus,
878 4076 1023 4181 negavit
1038 4077 1138 4183 ipsos
1150 4074 1326 4154 articulos
1337 4094 1374 4154 et
1388 4077 1512 4154 omnia
1527 4095 1563 4154 et
1576 4077 1720 4183 singula
1731 4093 1904 4154 contenta

478 4205 517 4279 iu
538 4205 607 4295 eis,
629 4204 728 4283 salvo
748 4205 853 4311 quod
872 4204 1080 4295 confessus,
1114 4224 1152 4284 et
1166 4207 1348 4292 ¹concedit
1373 4208 1475 4314 quod
1503 4208 1688 4314 recipiens
1706 4208 1838 4285 fratres
1857 4205 1904 4283 ad

477 4335 620 4414 dictum
637 4334 820 4421 „ordinem
846 4354 931 4442 post
960 4365 1093 4414 eorum
1121 4338 1379 4445 recepcionem
1407 4340 1626 4446 recipiteos
1658 4338 1706 4416 ad
1734 4337 1904 4416 osculum

477 4466 577 4571 pacis
597 4484 635 4544 et
649 4468 724 4544 oris
743 4484 889 4545 tantum
907 4467 948 4544 in
967 4469 1115 4575 signum
1128 4468 1298 4549 lraterne
1317 4471 1477 4548 caritatis
1493 4489 1531 4548 et
1546 4469 1772 4560 dilectionis,
1795 4485 1835 4546 et
1852 4497 1905 4546 re

478 4598 576 4702 cepti
591 4597 804 4676 osculantur
824 4599 862 4674 in
881 4627 947 4677 ore
966 4615 1113 4677 tantum
1128 4600 1271 4709 aliquos
1284 4600 1415 4680 fratres
1429 4601 1481 4680 ibi
1497 4618 1656 4680 astantes
1677 4629 1717 4679 m
1737 4600 1795 4678 vel
1812 4614 1902 4686 11110‘,

479 4742 517 4804 et
530 4728 718 4806 interdum
736 4729 878 4836 plures,
898 4731 993 4809 sicut
1007 4734 1110 4811 Deus
1131 4733 1185 4810 eis
1199 4733 1395 4812 ministret.
1454 4734 1459 4740 ’
1524 4778 1528 4783 -

535 4858 593 4936 Ad
608 4886 894 4941 xxxvii-xxxix
914 4862 1087 4954 articulos
1105 4862 1300 4954 inclusive,
1321 4863 1520 4972 diligenter
1534 4881 1572 4941 et
1590 4862 1777 4972 sigillatim
1795 4861 1905 4941 inter·
