4236 5948
494 538 568 610 290
883 511 1080 607 enecas
1104 531 1201 605 nus
1228 531 1533 604 murmuras.

493 695 592 756 tacta
611 676 737 755 dicere
755 675 794 752 in
811 703 919 752 causa
933 674 1022 751 {idei
1038 691 1114 750 tam
1130 673 1179 751 de
1199 702 1238 751 se
1254 703 1368 781 quam
1385 673 1433 751 de
1454 672 1536 751 aliis
1549 671 1720 779 plenam,
1737 702 1871 781 puram
1887 694 1925 754 et

493 811 678 917 integram
693 807 902 897 veritatem,
922 823 959 882 et
978 807 1227 913 interrogatus
1243 806 1290 883 de
1308 822 1479 912 tempore
1501 822 1537 883 et
1556 805 1672 883 modo
1692 808 1925 913 recepcionis

493 971 578 1032 sue,
602 940 693 1018 dixit
708 966 776 1046 per
784 938 1042 1045 juramentum
1058 966 1169 1015 suum
1186 934 1290 1044 quod
1305 953 1469 1044 quatuor
1483 937 1589 1015 annis
1608 937 1665 1015 vel
1681 938 1776 1016 circa
1789 938 1925 1045 elapsis

493 1089 666 1179 receptus
694 1069 767 1148 luit
794 1069 894 1176 apud
914 1067 1116 1148 Mamiliam
1136 1098 1205 1174 per·
1223 1067 1377 1147 fratrem
1397 1070 1603 1178 Symonem
1630 1070 1678 1147 de
1702 1070 1923 1165 Quinciaco,

493 1200 732 1308 presentibus
750 1199 862 1279 fratre
879 1198 1061 1279 Gaufrido
1084 1199 1131 1277 de
1143 1199 1327 1278 Charnaio
1349 1218 1388 1278 et
1401 1199 1626 1310 quibusdam
1646 1177 1728 1278 aliis
1747 1200 1925 1280 fratribus

494 1334 585 1411 dicti
599 1332 748 1439 Templi
768 1332 834 1439 qui
854 1331 994 1411 suntin
1013 1331 1140 1438 Cipro.

549 1469 642 1542 Item
662 1465 756 1542 dixit
773 1493 840 1570 per
852 1463 1111 1571 juramentum
1128 1492 1238 1541 suum
1258 1465 1382 1571 quod,
1397 1481 1482 1571 post
1500 1462 1635 1541 multas
1659 1463 1926 1571 promissiones

494 1598 541 1674 ab
562 1626 607 1675 eo
623 1597 736 1675 lactas
757 1597 805 1673 de
821 1596 967 1675 statutis
983 1614 1020 1673 et
1040 1596 1190 1673 secretis
1207 1596 1349 1674 ordinis
1375 1595 1631 1686 observandis,
1650 1596 1839 1675 osculatus
1855 1596 1927 1675 fuit

487 1729 740 1835 recipientem
759 1729 798 1805 in
819 1756 901 1817 ore,
927 1728 968 1804 in
995 1726 1174 1805 umbilico
1195 1745 1233 1805 et
1256 1727 1295 1804 in
1320 1728 1396 1806 line
1417 1727 1523 1835 spine
1553 1727 1671 1818 dorsi,
1699 1744 1736 1805 et
1759 1746 1926 1835 aportata

493 1860 564 1938 sibi
590 1889 716 1950 cruce,
740 1859 911 1937 lecerunt
938 1888 1025 1936 enm
1044 1877 1102 1937 ter
1129 1887 1264 1966 spuere
1289 1887 1509 1967 supeream
1533 1860 1573 1935 in
1599 1858 1794 1965 despectu,
1817 1876 1855 1935 et
1884 1888 1927 1937 ea

493 1993 706 2071 intencione
720 2009 764 2068 nt
775 1992 976 2098 recipiens,
991 1991 1070 2096 ipse
1087 1990 1152 2097 qui
1172 1990 1343 2097 loquitur
1362 2009 1401 2068 et
1419 1990 1481 2068 alii
1501 1991 1632 2069 iratres
1647 2008 1842 2098 presentes
1862 1991 1927 2068 de·

494 2124 682 2228 spicerent
700 2150 863 2200 crucem.
880 2124 926 2200 Et
947 2122 1039 2199 dixit
1057 2123 1164 2228 quod
1182 2120 1337 2199 luerunt
1358 2122 1435 2202 duo
1455 2123 1542 2200 anni
1560 2123 1659 2200 inter
1676 2122 1815 2200 festum
1831 2123 1926 2201 Pen-

492 2254 680 2330 thecostes
700 2271 738 2330 et
756 2253 982 2331 nativitatem
1003 2253 1102 2330 beati
1129 2253 1310 2331 lobannis
1336 2255 1519 2360 Baptiste,
1542 2252 1648 2361 quod
1667 2253 1747 2361 ipse
1767 2253 1863 2331 vidit
1887 2255 1925 2330 in

494 2384 623 2489 Cipro,
642 2384 780 2460 invilla
798 2385 844 2461 de
865 2385 1062 2473 Limecon,
1082 2384 1202 2491 capud
1223 2384 1319 2463 illud
1339 2385 1443 2492 qnod
1460 2385 1627 2463 adorant.
1902 2386 1903 2389 ’

549 2518 801 2626 interrogatus
811 2533 940 2593 utrum
954 2516 1137 2621 recipiens
1149 2516 1299 2594 dederit
1309 2517 1343 2594 ei
1355 2517 1550 2595 licenciam
1566 2515 1731 2594 habendi
1746 2544 1827 2595 rem
1843 2547 1926 2594 cum

494 2645 735 2736 mulieribus,
759 2647 851 2724 dixit
871 2648 1068 2754 quodipsi
1083 2648 1304 2754 prohibent,
1327 2650 1393 2726 sed
1414 2677 1491 2728 non
1511 2646 1716 2756 prohibent
1736 2648 1783 2726 de
1804 2650 1924 2726 homi-

494 2778 618 2857 nibus.
632 2780 679 2855 Et
695 2779 787 2856 dixit
803 2779 908 2885 quod
923 2779 1043 2885 major
1056 2781 1234 2887 Magister
1254 2780 1343 2858 dicti
1361 2779 1513 2887 Templi
1528 2780 1664 2857 habuit
1678 2809 1760 2857 rem
1777 2809 1864 2857 cum
1882 2807 1926 2858 eo

494 2908 687 2986 carnaliter
717 2927 774 2986 ter
800 2911 839 2985 in
869 2938 944 2986 una
970 2928 1096 2998 nocte,
1127 2911 1166 2986 in
1186 2910 1312 3018 Cipro.
1329 2893 1558 3019 &dianus
1581 2939 1650 3017 per
1669 2910 1924 3018 juramentum

494 3070 605 3118 suum
621 3059 749 3118 utrum
765 3041 817 3127 vi,
835 3040 892 3117 vel
911 3058 1016 3117 metu
1026 3058 1320 3133 tormentorum,
1333 3041 1391 3118 vel
1402 3042 1538 3118 timore
1555 3041 1712 3148 alicujus
1725 3070 1840 3147 pene,
1859 3069 1925 3118 sen

495 3172 617 3279 aliqua
637 3172 707 3249 alia
727 3198 964 3279 quacumque
985 3172 1032 3248 de
1053 3200 1177 3263 causa,
1196 3172 1358 3278 aliquam
1383 3171 1582 3250 salsitatem
1599 3172 1751 3250 dixisset
1773 3172 1833 3249 vel
1858 3173 1927 3249 im·

495 3304 706 3381 miscuisset
725 3303 762 3378 in
779 3302 1018 3408 deposicione
1034 3332 1117 3392 sua,
1135 3303 1227 3380 dixit
1241 3332 1310 3410 per
1316 3303 1577 3411 juramentum
1593 3333 1705 3382 suum
1720 3303 1825 3411 quod
1838 3332 1925 3391 non,

498 3451 535 3513 et
549 3435 655 3539 quod
674 3461 805 3538 puram
827 3451 864 3510 et
881 3461 1022 3510 meram
1043 3434 1185 3511 dixerat
1200 3434 1407 3513 veritatem.

502 3760 506 3767 .
553 3697 645 3772 ltem
666 3723 781 3785 anno,
803 3696 1008 3785 indicione,
1029 3725 1177 3789 mense,
1197 3695 1434 3803 pontificatu,
1456 3725 1555 3775 anno
1577 3716 1614 3775 et
1627 3698 1710 3775 loco
1732 3698 1924 3804 predictis,

499 3826 605 3907 dicta,
624 3827 796 3906 vicesima
821 3829 944 3934 prima
964 3829 1025 3906 die
1047 3829 1217 3936 ejusdem
1237 3830 1375 3907 mensis
1396 3829 1577 3919 octobris,
1601 3830 1748 3907 indicti
1769 3829 1927 3937 inquisi-

496 3958 604 4048 toris,
625 3972 801 4038 nostrum
815 3960 1051 4038 notariorum
1066 3978 1105 4039 et
1123 3960 1445 4068 infrascriptorum
1464 3962 1616 4039 testium
1635 3961 1830 4066 presencia
1848 3988 1926 4066 per-

495 4089 673 4172 sonaliter
688 4092 910 4169 constitutus
931 4092 1043 4170 frater
1058 4091 1248 4172 Gerardus
1263 4093 1310 4171 de
1334 4092 1487 4172 Gauche
1512 4093 1621 4171 miles
1650 4093 1739 4170 dicti
1767 4092 1923 4180 ordinis,

494 4221 748 4301 ,Ruthenensis
778 4222 955 4312 diocesis,
986 4242 1184 4329 preceptor
1213 4225 1349 4302 domus
1377 4224 1424 4300 de
1446 4226 1586 4302 Bastito
1613 4222 1774 4302 diocesis
1796 4223 1927 4301 Catur-

364 4349 368 4359 ’
498 4354 632 4444 censis,
663 4355 770 4431 etatis
793 4354 1037 4460 quadraginta
1058 4357 1226 4462 quinque
1253 4383 1441 4433 annorum
1465 4356 1523 4434 vel
1549 4357 1663 4445 circa,
1688 4373 1731 4432 ut
1759 4353 1923 4442 dicebat,

494 4485 601 4573 ,testis
614 4485 760 4591 juratus
779 4486 827 4563 ad
841 4503 966 4563 sancta
980 4487 1051 4565 Dei
1066 4487 1264 4594 Evangelia
1276 4486 1324 4564 ab
1340 4516 1386 4565 eo
1403 4486 1650 4593 personaliter
1668 4503 1765 4564 tacta
1782 4485 1922 4574 dicere,

497 4615 538 4689 in
553 4644 661 4695 causa
678 4615 785 4707 fidei,
809 4617 857 4696 de
878 4645 917 4695 se
939 4636 976 4708 et
995 4618 1077 4696 aliis
1099 4619 1309 4708 veritatem,
1337 4638 1374 4698 et
1399 4619 1604 4725 requisitus
1624 4618 1670 4696 de
1693 4637 1865 4725 tempore
1891 4634 1926 4694 et

496 4745 613 4823 modo
634 4775 711 4826 suar
730 4748 973 4856 receptionis,
1007 4748 1101 4827 dixit
1129 4779 1196 4855 per
1220 4751 1478 4856 juramentum
1502 4778 1613 4829 suum
1640 4751 1745 4857 quod
1766 4750 1807 4826 in
1832 4749 1925 4827 festo

497 4877 755 4989 apestolorum
781 4881 882 4960 Petri
907 4898 946 4958 et
964 4880 1070 4960 Pauli
1097 4901 1207 4961 erunt
1231 4908 1268 4962 xx
1291 4885 1399 4976 anni,
1427 4882 1533 4990 quod
1560 4882 1631 4961 luit
1657 4900 1833 4990 receptus
1859 4909 1925 4988 per
