4236 5948
345 507 419 581 xxo
734 485 931 580 moces
956 505 1052 577 oss
1077 501 1378 576 rsxrrxrrss

342 649 479 733 multas
492 647 759 754 promissiones
772 626 884 725 lactas
897 646 1105 726 destitutis
1119 662 1158 722 et
1171 647 1323 723 secretis
1343 643 1489 726 ordinis
1506 644 1768 731 observandis,

342 781 531 888 predictus
550 791 721 884 receptor
739 777 866 883 posuit
887 777 957 855 sibi
977 775 1201 855 mantellum
1221 777 1267 853 ad
1288 777 1448 864 collum,
1475 793 1513 853 et
1531 775 1635 883 quod
1650 774 1769 851 nichil

344 913 448 990 alind
467 911 538 989 fuit
557 909 628 988 sibi
641 908 780 986 lactum
798 907 857 985 vel
878 907 1019 985 dictum
1041 908 1145 1014 quod
1167 925 1264 985 esset
1283 925 1410 985 contra
1428 909 1552 986 Deum
1566 923 1631 983 aut
1645 907 1769 984 bonos

343 1070 479 1120 mores
497 1041 600 1118 Dixit
613 1058 738 1117 tamen
757 1069 824 1145 per
836 1039 1093 1146 juramentum
1112 1067 1225 1117 suum
1244 1040 1348 1146 quod
1365 1037 1458 1114 vidit
1477 1038 1592 1143 recipi
1611 1037 1768 1115 fratrem

343 1172 566 1249 Michaelem
580 1169 627 1247 de
646 1170 752 1247 Flers
771 1171 811 1246 in
830 1170 945 1247 domo
967 1171 1014 1246 de
1028 1170 1207 1246 Fontanis
1225 1170 1359 1248 subtus
1377 1170 1546 1247 Mentem
1562 1167 1766 1253 Desiderii,

342 1331 410 1410 per
428 1301 579 1379 fratrem
596 1301 823 1378 Amalricum
839 1302 886 1377 de
902 1299 1054 1390 Rocbis,
1077 1319 1115 1378 et
1124 1319 1200 1378 tres
1213 1330 1280 1379 seu
1297 1319 1461 1408 quatuor
1473 1300 1584 1391 alios,
1607 1299 1769 1377 sed‘nou

344 1434 475 1510 recolit
499 1434 545 1509 de
568 1432 785 1511 nominibus
809 1433 991 1538 ipsorum,
1020 1460 1090 1508 nec
1117 1432 1401 1538 recipiencium,
1425 1459 1495 1508 nec
1523 1430 1697 1507 locorum
1728 1428 1768 1503 in

343 1563 480 1669 quibus
499 1564 638 1669 recepti
656 1580 759 1652 sunt,
777 1580 814 1639 et
833 1562 974 1640 audivit
990 1563 1094 1667 quod
1108 1562 1164 1639 illi
1179 1563 1245 1669 qui
1260 1562 1490 1668 recipiebant
1509 1586 1573 1638 eos
1589 1559 1770 1666 precipie-

342 1693 433 1770 bant
448 1711 485 1770 et
496 1693 680 1771 faciehant
695 1695 832 1771 deferri
853 1722 1020 1785 crucem,
1042 1711 1079 1770 et
1093 1693 1349 1800 precipiebam
1362 1693 1521 1798 receptis
1533 1691 1638 1798 quod
1653 1691 1770 1767 sbne·

342 1841 472 1929 gerent
491 1824 710 1901 crucifixum
730 1842 800 1913 ter,
823 1843 860 1902 et
878 1843 936 1902 ter
955 1842 1132 1931 spuerent
1149 1853 1261 1929 supra
1280 1850 1446 1912 crucem,
1465 1840 1502 1898 et
1523 1819 1642 1898 credit
1662 1823 1768 1927 quod

343 1954 414 2060 ipsi
429 1956 569 2060 recepti
586 1955 658 2033 boc
676 1955 860 2033 faciebant
872 1955 936 2032 -vel
957 1956 1088 2033 saltem
1110 1955 1268 2032 alterum
1290 1955 1337 2031 de
1357 1953 1562 2061 premissis,
1589 1969 1627 2030 et
1647 1952 1769 2030 credit

344 2085 448 2190 quod
468 2084 589 2162 dictus
608 2085 769 2162 Micheel
785 2085 874 2162 lecit
893 2114 1011 2163 unum
1025 2086 1073 2161 de
1088 2086 1177 2192 ipsis
1197 2086 1383 2193 preceptis
1402 2084 1473 2162 sibi
1491 2083 1596 2161 factis
1619 2113 1640 2159 a
1666 2084 1767 2160 dicto

344 2215 546 2303 Amslrico,
568 2216 636 2293 sed
661 2217 739 2322 ipse
760 2217 879 2294 nescit
898 2216 995 2292 bene
1021 2215 1067 2293 de
1087 2244 1179 2322 quo,
1197 2217 1284 2322 quia
1302 2217 1382 2322 ipse
1406 2215 1472 2321 qui
1497 2215 1667 2320 loquitur
1689 2214 1769 2290 ibat

345 2360 384 2419 et
397 2343 542 2421 redibat
556 2345 604 2420 sd
617 2345 906 2422 ministrandum
924 2347 964 2421 in
986 2345 1078 2422 locis
1098 2345 1291 2450 predictis,
1315 2362 1354 2423 et
1377 2345 1497 2422 credit
1519 2342 1624 2449 quod
1643 2341 1769 2420 dictus

344 2473 477 2549 Daniel
496 2475 663 2580 pepercit
676 2475 746 2552 sibi
771 2476 810 2551 in
824 2475 1016 2582 premissis
1038 2505 1115 2581 quew
1131 2477 1274 2552 audivit
1287 2477 1368 2553 aliis
1385 2476 1484 2563 lieri,
1504 2499 1575 2579 pro
1596 2499 1642 2548 eo
1662 2475 1768 2578 quod

344 2602 466 2680 dictus
484 2605 619 2681 Daniel
631 2606 835 2690 nutriverat
850 2605 964 2693 eum,
977 2623 1015 2682 et
1030 2623 1107 2682 erat
1121 2606 1282 2684 multum
1299 2607 1448 2713 juvenis
1467 2606 1547 2711 ipse
1560 2603 1626 2709 qui
1642 2602 1769 2709 loqui-

344 2748 418 2821 tur,
437 2750 476 2810 et
492 2734 600 2840 plura
625 2764 702 2814 non
721 2736 815 2812 vidit
835 2737 893 2832 xel
908 2736 1051 2834 audivit
1068 2735 1174 2843 quod
1194 2736 1343 2829 recolat.
1392 2795 1393 2799 ,

398 2864 493 2939 ltem
512 2866 717 2970 requisitus
736 2872 863 2942 utrutn
886 2866 938 2953 vi,
960 2865 1018 2942 vel
1040 2883 1144 2943 metu
1164 2862 1320 2942 carceris
1335 2881 1711 2953 auttonnentorum,
1731 2863 1769 2937 in

344 2993 532 3096 premissis
546 2993 796 3073 immiscuerit
810 2994 868 3070 vel
884 2995 1019 3093 dixerit
1031 2995 1195 3101 aliquam
1208 2995 1421 3082 falsitatem,
1436 2993 1495 3071 vel
1509 2990 1669 3071 tacuerit
1679 2992 1771 3067 veri·

344 3139 475 3210 tatem,
495 3123 587 3199 dixit
612 3152 680 3228 per
693 3126 950 3229 juramentum
971 3152 1082 3200 suum
1104 3124 1208 3229 quod
1234 3153 1326 3213 non,
1350 3143 1386 3202 et
1405 3126 1510 3230 quod
1534 3126 1613 3230 ipae
1634 3150 1767 3229 puram

344 3253 536 3329 veritatem
549 3253 640 3329 dixit
650 3282 719 3358 pro
734 3254 854 3331 salute
871 3255 995 3330 anime
1011 3282 1089 3331 sue.

400 3513 495 3587 ltem
508 3540 625 3600 anno,
648 3512 855 3601 indicione,
866 3513 1086 3618 pontificatu
1101 3532 1138 3590 et
1151 3515 1214 3591 die
1226 3515 1422 3620 predictis,
1433 3516 1472 3591 in
1488 3514 1578 3591 dicti
1591 3517 1766 3593 commis·

345 3641 449 3730 sarii,
466 3659 636 3718 nostrum
653 3644 884 3719 notariorum
903 3662 940 3720 et
961 3645 1113 3720 testium
1132 3643 1453 3752 infrascriptorum
1472 3648 1664 3751 presencie
1682 3673 1767 3723 con·

345 3771 507 3862 stitutus,
524 3773 670 3879 juratus
690 3792 727 3849 et
747 3775 949 3879 requisitus
964 3775 1097 3851 eodem
1115 3777 1245 3864 modo,
1267 3775 1381 3853 frater
1396 3777 1608 3883 Stephanus
1625 3777 1672 3853 de
1694 3779 1766 3854 Ro·

345 3900 467 3980 mania
481 3903 676 3985 blemensis
691 3902 864 3991 diocesis,
885 3905 1227 4011 quinquagenarius
1247 3906 1305 3983 vel
1326 3907 1437 3994 circa,
1455 3905 1614 4013 claviger
1630 3907 1765 3983 domus

346 4030 393 4106 de
412 4031 558 4138 Prunsy
579 4033 667 4110 dicti
689 4033 831 4110 ordinis
851 4035 1016 4140 Templi,
1040 4035 1133 4112 dixit
1154 4064 1223 4142 per
1242 4037 1499 4143 juramentum
1524 4064 1635 4114 sunm
1657 4035 1766 4142 quod

344 4160 441 4238 bene
451 4179 540 4240 sunt
555 4190 615 4241 xnx
626 4164 711 4239 anni
731 4165 789 4241 vel
803 4166 900 4242 circa
919 4166 1031 4272 elapsi
1047 4167 1151 4273 quod
1165 4167 1245 4272 ipse
1260 4166 1333 4243 fuit
1343 4167 1565 4274 receptusiu
1585 4166 1702 4244 domo
1718 4165 1767 4242 de

344 4290 577 4399 Vilortjnxta
590 4294 760 4372 Castrum
775 4296 946 4385 Tierrici,
957 4295 1104 4374 ballivie
1116 4298 1163 4375 de
1175 4298 1274 4387 Bria,
1292 4328 1360 4403 per
1374 4297 1595 4375 defunctum
1613 4297 1766 4375 fratrem

345 4422 539 4501 Nicolaum
552 4424 600 4501 de
615 4426 749 4502 Sancto
768 4424 912 4504 Albano
929 4445 1187 4534 preceptorem
1200 4447 1293 4507 tune
1305 4430 1442 4507 domus
1455 4428 1502 4505 de
1513 4429 1644 4507 Monte
1659 4428 1768 4506 Sues·

345 4552 528 4655 sionensi,
545 4555 780 4633 demandato
800 4556 921 4634 fratris
936 4557 1119 4664 Amulphi
1140 4558 1189 4636 dc
1204 4559 1427 4648 Wisemala,
1450 4575 1488 4635 et
1502 4557 1658 4636 fuerunt
1680 4584 1767 4664 pre·

345 4697 468 4759 sentes
492 4683 530 4759 in
555 4686 773 4792 reecpcione
804 4716 869 4764 sua
897 4686 1010 4767 frater
1039 4689 1229 4768 lohannes
1257 4691 1307 4767 de
1331 4689 1468 4796 Crotay
1490 4705 1688 4794 preceptor
1718 4688 1766 4764 de

346 4810 450 4899 Paci,
471 4810 585 4891 freter
599 4813 789 4894 Gerardus
808 4817 980 4925 Agricola
1000 4837 1038 4896 et
1056 4819 1172 4898 frater
1184 4820 1374 4898 Tierricus
1387 4821 1435 4897 de
1450 4819 1668 4929 Albigniaco
1682 4846 1768 4924 pre·

1632 5099 1647 5140 t
