4236 5948
345 545 419 614 212
723 519 918 611 raucus
950 537 1048 609 nus
1078 534 1382 607 ruupmnas.

344 682 425 758 aliis
447 680 663 768 defunctis,
689 680 729 755 in
753 681 856 756 hunc
883 677 1064 754 modum:
1086 704 1173 754 nam
1198 704 1284 753 cum
1309 675 1563 783 requisivisset
1584 677 1768 753 instanter

344 812 561 889 societatem
570 810 777 917 proborum
793 807 955 903 ordinis,
981 825 1019 884 et
1042 806 1113 885 sibi
1131 833 1302 883 concessa
1321 803 1470 895 fuisset,
1489 805 1687 910 dictusque
1707 833 1769 881 re·

345 960 472 1049 ceptor
494 940 582 1018 fecit
607 969 696 1016 eum
722 966 853 1015 vovere
877 956 915 1014 et
933 937 1061 1044 jurare
1091 937 1315 1028 castitatem,
1341 933 1619 1022 obedienciam,
1645 934 1770 1012 vivere

220 1054 225 1065 ἱ
344 1073 424 1151 sine
440 1070 610 1177 proprio,
635 1069 739 1176 quod
754 1085 850 1146 esset
865 1095 993 1145 servus
1014 1066 1176 1144 esclavus
1192 1066 1360 1153 ordinis,
1381 1083 1418 1142 et
1437 1065 1544 1172 quod
1567 1092 1644 1141 non
1662 1092 1770 1141 reve·

345 1204 439 1280 laret
454 1218 595 1279 secreta
610 1199 896 1307 capituliorum3
917 1214 955 1274 et
967 1197 1145 1303 imposito
1161 1196 1232 1275 sibi
1246 1194 1446 1288 mantello,
1463 1195 1542 1301 ipse
1556 1211 1594 1271 et
1605 1211 1771 1272 astantes

343 1333 498 1408 luerunt
512 1358 603 1407 eum
620 1328 774 1407 osculati
797 1330 835 1405 in
857 1357 933 1405 ore.
950 1328 1042 1422 Quo
1058 1326 1154 1405 lacto
1168 1326 1272 1407 idem
1288 1345 1457 1433 receptor
1477 1327 1568 1403 dixit
1582 1326 1616 1403 ei
1631 1326 1672 1402 in
1684 1354 1770 1432 pre-

343 1462 467 1537 sencia
487 1460 647 1537 aliorum
674 1459 798 1565 quod,
824 1489 867 1536 ex
888 1487 965 1565 quo
986 1458 1209 1565 promiserat
1235 1456 1407 1548 obedire,
1426 1457 1576 1535 volebat
1594 1475 1631 1534 et
1647 1458 1770 1563 preci-

343 1590 470 1697 piebat
489 1591 594 1698 quod
610 1590 812 1697 abnegaret
828 1591 952 1667 Deum
970 1605 1007 1664 et
1023 1589 1138 1665 eciam
1158 1616 1322 1677 crucem3
1346 1605 1383 1664 et
1400 1589 1481 1697 ipso
1500 1604 1596 1665 teste
1613 1612 1771 1694 respon·-

345 1723 458 1798 dente
473 1721 578 1827 quod
591 1721 665 1797 hoc
677 1719 784 1796 nullo
798 1720 913 1797 modo
927 1716 1079 1810 laceret,
1093 1718 1186 1795 dixit
1195 1719 1301 1825 quod
1314 1719 1513 1825 oportebat
1525 1746 1613 1795 eum
1626 1717 1766 1810 lucere,

344 1852 432 1957 quia
452 1851 503 1927 ita
523 1868 601 1927 erat
620 1868 843 1927 consuetum
863 1847 946 1925 fieri
963 1848 1002 1923 in
1019 1847 1169 1939 ordine,
1193 1865 1231 1924 et
1245 1865 1336 1923 tunc
1355 1848 1434 1953 ipse
1450 1848 1556 1924 testis
1571 1847 1770 1957 abnegavit

345 2010 409 2058 ore
428 2009 506 2057 non
522 1980 652 2067 oorde,
671 1997 713 2056 ut
729 1979 832 2055 dixit.
848 1979 1064 2085 Requisitus
1082 1977 1129 2055 de
1146 1979 1244 2055 dicta
1257 2006 1383 2070 cruce,
1400 1978 1465 2055 ubi
1484 1995 1522 2055 et
1536 1977 1657 2084 qualis
1670 1996 1767 2069 erat,

345 2111 540 2217 respondit
554 2111 659 2216 quod
675 2126 753 2186 erat
768 2125 890 2186 erecta
905 2138 1017 2215 supra
1035 2107 1167 2198 altare,
1189 2126 1227 2185 et
1240 2108 1440 2189 videbatur
1459 2125 1633 2216 argentea
1641 2108 1769 2187 deau-

344 2257 434 2316 rata.
457 2241 569 2329 Item,
597 2239 690 2315 dixit
711 2238 815 2346 quod
836 2256 921 2345 post
939 2239 1106 2345 predicta
1135 2237 1259 2316 dictus
1284 2255 1466 2344 receptor,
1496 2239 1694 2315 extrahens
1718 2236 1767 2314 de

345 2371 430 2447 sinu
447 2399 518 2448 suo
539 2371 741 2478 quamdam
761 2376 912 2476 parvam
929 2369 1143 2478 ymaginem
1150 2369 1211 2445 :de
1230 2370 1341 2446 leone
1361 2367 1420 2444 vel
1436 2368 1483 2444 de
1497 2363 1605 2475 auro}
1622 2369 1697 2473 que
1712 2368 1770 2443 vi-

346 2501 505 2578 debatur
524 2502 663 2578 habere
685 2498 847 2607 effigiem
862 2499 1107 2592 muliebrem,
1131 2499 1223 2575 dixit
1243 2500 1277 2575 ei
1295 2498 1401 2606 quod
1421 2498 1590 2575 crederet
1608 2498 1766 2590 ineam,

345 2650 382 2707 et
400 2631 558 2709 haberet
571 2616 609 2706 in
626 2660 669 2708 ea
687 2631 881 2718 fiduciam,
900 2649 938 2708 et
954 2630 1052 2709 bene
1072 2630 1143 2707 sibi
1163 2648 1275 2707 esset.v
1290 2630 1505 2737 Requisitus
1521 2631 1552 2707 si
1568 2628 1770 2706 declaravit

345 2762 379 2836 ei
398 2763 505 2869 cujus
523 2780 619 2840 esset
645 2760 744 2838 dicta
754 2791 905 2870 ymago,
926 2762 982 2840 vel
1005 2763 1034 2839 si
1053 2761 1126 2839 hoc
1146 2763 1230 2852 scit,
1250 2760 1447 2868 respondit
1461 2760 1566 2867 quod
1584 2788 1678 2848 non,
1697 2787 1769 2837 nec

271 2918 274 2923 ·
345 2921 388 2967 ex
407 2909 497 2968 tunc
516 2892 609 2968 vidit
629 2920 728 2980 eam,
748 2893 836 2998 quia
860 2893 1078 2970 immediate
1106 2893 1229 2970 dictus
1247 2909 1418 2998 receptor
1438 2889 1605 2996 reposuit
1624 2917 1706 2966 eam
1727 2892 1768 2966 in

343 3022 428 3098 sinu
453 3050 541 3108 suo;
575 3024 705 3127 pocius
729 3038 855 3098 tamen
881 3021 999 3098 credit
1023 3022 1128 3128 quod
1154 3038 1428 3127 representaret
1446 3020 1609 3128 aliquam
1631 3020 1767 3098 malam

341 3181 423 3228 rem
443 3181 556 3258 quam
576 3151 734 3237 bonam,
755 3169 908 3257 propter
926 3153 1216 3260 abnegacionem
1237 3153 1444 3260 predictam
1458 3181 1572 3258 quam
1587 3152 1764 3258 pecierat.

343 3285 451 3369 ltem,
468 3281 561 3357 dixit
576 3281 697 3388 quod,
712 3310 799 3357 cum
816 3281 983 3386 predicta
1001 3281 1267 3371 maluissent,
1283 3282 1406 3360 dictus
1417 3281 1639 3390 Raynaudus
1655 3282 1768 3360 miles

343 3411 435 3486 dixit
459 3411 488 3486 si
504 3410 668 3487 lacerent
688 3409 769 3487 fieri
791 3412 998 3516 peripsum
1016 3429 1151 3488 testem
1173 3412 1344 3491 osculum
1364 3430 1491 3518 turpe,
1510 3429 1546 3489 et
1564 3411 1688 3488 dictus
1707 3442 1767 3490 re-

343 3557 472 3645 ceptor
492 3538 584 3617 dixit
608 3541 713 3646 quod
733 3541 1025 3646 supersederent
1042 3558 1152 3632 tunc,
1179 3542 1267 3648 quia
1283 3541 1372 3618 alias
1397 3541 1517 3619 fieret.
1535 3539 1615 3616 Alia
1634 3539 1766 3620 illicita

343 3697 419 3745 non
440 3669 724 3746 intervenerunt
739 3672 778 3745 in
794 3670 891 3748 dicta
909 3701 974 3748 sua
989 3673 1210 3777 recepcione
1225 3701 1295 3749 nec
1312 3690 1408 3778 post.
1425 3672 1537 3759 Item,
1554 3671 1645 3748 dixit
1659 3674 1766 3779 quod

342 3829 410 3905 per
436 3799 614 3876 eumdem
642 3799 802 3877 modum
828 3802 922 3878 vidit
950 3803 1067 3909 recipi
1091 3801 1250 3879 fratrem
1290 3801 1520 3879 Arnaudum
1540 3802 1765 3880 servientem

343 3931 549 4038 quondam,
571 3930 868 4037 Engolismensis
882 3932 1056 4021 diocesis,
1073 3950 1117 4009 ut
1128 3933 1263 4022 credit,
1280 3931 1387 4038 cujus
1396 3960 1606 4040 cognomen
1617 3933 1765 4043 ignorat

342 4065 380 4137 in
398 4062 561 4168 quadam
587 4089 733 4138 camera
758 4062 929 4169 ejusdem
951 4063 1025 4139 loci
1046 4079 1083 4139 et
1105 4091 1173 4169 per
1197 4063 1376 4139 eumdem
1395 4080 1646 4169 receptorem,
1675 4082 1766 4142 sunt

344 4192 491 4268 circiter
520 4219 655 4267 novem
688 4190 795 4282 anni,
822 4191 1060 4297 presentibus
1091 4192 1267 4270 fratribus
1298 4192 1505 4271 Guillelmo
1531 4176 1590 4270 de
1603 4195 1758 4271 Motone

343 4323 496 4400 detento
517 4322 617 4428 apud
645 4320 862 4427 Rupellam,
893 4325 1005 4401 Petro
1032 4322 1180 4413 Auriol‚
1214 4324 1368 4401 detento
1388 4325 1565 4415 Senonis,
1595 4341 1633 4402 et
1656 4324 1764 4404 Guil-

342 4451 457 4529 lelmo
474 4452 521 4529 de
537 4452 660 4528 Minae
676 4450 985 4558 Engolismensis,
1010 4470 1052 4530 ut
1074 4452 1209 4541 credit,
1234 4452 1409 4542 diocesis,
1432 4458 1547 4559 quem‘
1571 4453 1691 4530 eredit
1710 4455 1762 4530 vi·

341 4609 442 4670 vere,
470 4582 639 4658 Johanne
652 4580 792 4659 Costati
813 4583 1011 4689 quondam
1022 4582 1135 4660 fratre
1152 4583 1240 4660 dicti
1255 4584 1361 4661 Helie
1378 4583 1518 4673 Cotati,
1539 4601 1577 4659 et
1591 4583 1760 4689 predicto

341 4711 546 4815 Raynaudo
565 4712 761 4788 Bertrandi
782 4712 902 4790 milite
920 4748 929 4805 ;
949 4743 1062 4819 quare
1079 4713 1198 4791 credit
1214 4713 1320 4820 quod
1335 4741 1402 4820 per
1418 4713 1586 4790 eundem
1603 4714 1760 4791 modum

341 4839 483 4945 ubique
503 4838 633 4918 fratres
652 4842 740 4918 dicti
758 4842 900 4919 ordinis
914 4844 1182 4948 reciperentur.
1202 4845 1313 4934 Item,
1336 4843 1428 4921 dixit
1446 4843 1551 4950 quod
1565 4843 1645 4947 ipse
1661 4843 1758 4921 bene
