4236 5948
507 534 581 609 ast
894 513 1089 607 mocts
1115 531 1210 604 ors
1234 529 1532 602 TEMPLIERS.

506 678 635 784 inqua
654 692 731 752 erat
744 701 875 783 ymago
895 673 1032 752 lbesus
1046 669 1234 762 crucifixis
1244 672 1309 778 qui
1326 671 1418 747 dixit
1433 671 1467 747 ei
1485 668 1592 776 qnod
1605 668 1805 775 abnegaret
1818 669 1925 749 illum

505 807 611 913 cujus
631 822 708 881 erat
725 831 876 912 ymago,
895 820 932 879 et
945 804 984 879 in
1003 803 1182 908 despectu
1197 800 1297 877 illius
1316 817 1467 906 spueret
1479 817 1539 876 ter
1557 822 1668 905 supra
1681 803 1926 907 crucemtqui

476 963 479 966 ·
505 935 699 1042 abnegavit
721 933 837 1010 semel
861 961 943 1021 ore,
967 932 1034 1009 sed
1053 959 1129 1007 non
1151 930 1285 1018 corde,
1301 947 1336 1007 et
1356 930 1458 1036 spuit
1475 948 1662 1036 tersupra
1681 959 1843 1009 crucem.

560 1067 651 1141 ltem
670 1062 1009 1170 recognovitquod
1033 1061 1131 1138 vovit
1157 1061 1346 1138 continere
1372 1088 1396 1135 a·
1414 1059 1649 1149 mulieribus-3
1673 1060 1741 1136 sed
1762 1063 1928 1168 precepit

504 1196 626 1272 dictus
645 1193 827 1299 recipiens
841 1222 909 1270 seu
928 1191 1180 1268 thesaurarius
1195 1189 1361 1296 quod-si
1372 1205 1619 1295 temptaretur
1638 1190 1841 1277 carnaliter,
1860 1219 1928 1296 po·

503 1312 598 1400 terat
617 1322 850 1400 commisceri
870 1321 1152 1399 cumfratribus
1167 1320 1261 1397 dicti
1281 1320 1441 1412 ordinis,
1464 1335 1502 1396 et
1521 1318 1696 1397 exhibere
1716 1350 1755 1397 se
1775 1321 1874 1410 aliis,
1896 1324 1924 1398 si

503 1483 616 1559 super
634 1454 706 1530 boc
725 1454 981 1559 requireretur
991 1453 1043 1530 >ab
1058 1451 1200 1530 eisdem
1216 1483 1226 1528 ε
1245 1478 1436 1556 nunquam
1446 1467 1585 1526 tamen·
1599 1449 1681 1528 boc⁴
1691 1449 1924 1528 sibi·÷accidit

502 1585 549 1661 Et
562 1584 654 1660 dixit
665 1585 769 1691 quod
784 1583 973 1661 osculatus
990 1583 1062 1660 fuit
1077 1582 1220 1659 dictum
1235 1580 1619 1687 recipientem-primo·
1629 1581 1670 1656 in
1681 1608 1763 1670 ore,
1780 1599 1923 1687 postea,

503 1714 672 1793 revoluto
694 1714 976 1821 supertunicali,
998 1715 1037 1789 in
1057 1712 1235 1790 umbilico
1256 1696 1546 1817 'supertunicam
1560 1711 1677 1817 ipsius
1692 1711 1924 1789 thesaurarii.

502 1845 548 1919 Et
568 1844 660 1920 dixit
679 1845 782 1951 quod
797 1874 840 1920 ea
855 1872 929 1951 que
944 1843 1121 1948 deposuit
1133 1860 1219 1920 sunt
1232 1871 1334 1930 vera,
1351 1871 1420 1919 nec
1436 1858 1597 1948 propter
1604 1860 1748 1919 metum
1759 1841 1926 1949 aliquem

503 1974 558 2051 vel
577 1974 646 2051 alia
667 1975 714 2052 de
733 2003 843 2052 causa
864 1974 1053 2080 deposuit,
1071 1975 1140 2052 sed
1156 2002 1227 2079 pro
1247 1974 1364 2050 salute
1385 1973 1507 2050 anime
1527 2000 1606 2048 sue.

559 2237 652 2311 ltem
674 2232 787 2310 frater
810 2233 947 2310 Micbel
971 2233 1021 2308 de
1039 2232 1141 2322 Flos,
1158 2233 1305 2338 juratus
1328 2250 1370 2308 nt
1389 2260 1514 2339 supra,
1533 2234 1643 2311 etatis
1661 2235 1927 2341 quinquaginta

504 2381 664 2470 quatuor
683 2384 865 2441 annorum
881 2362 936 2440 vel
956 2363 1178 2451 circueunt
1193 2340 1356 2452 dicebat,
1376 2362 1580 2469 requisitus
1591 2393 1660 2470 per
1670 2363 1927 2471 juramentum

503 2521 614 2570 suum
625 2510 666 2571 ut
678 2523 805 2600 supra,
822 2494 1027 2599 dicitquod
1039 2492 1112 2569 fuit
1132 2509 1306 2599 receptus
1319 2510 1406 2570 sunt
1419 2492 1546 2600 viginti
1560 2493 1638 2572 duo
1651 2495 1738 2570 anni
1758 2495 1797 2570 in
1811 2495 1926 2572 domo

504 2625 551 2703 de
577 2626 744 2732 Druerya
769 2624 1030 2703 Ambianensis
1056 2624 1231 2713 diocesis,
1262 2653 1331 2731 per
1356 2623 1509 2702 fratrem
1522 2623 1737 2703 Guiardum
1761 2626 1818 2704 de
1831 2625 1926 2705 Can·

502 2782 612 2863 noys,
640 2753 688 2832 de
712 2755 887 2833 mandato
906 2754 1028 2833 fratris
1054 2755 1236 2833 lobannis
1254 2755 1302 2832 de
1322 2756 1456 2833 'l'urno
1478 2772 1571 2831 tunc
1588 2756 1826 2844 thesaurarii,
1839 2785 1927 2863 pre

501 2885 668 2987 sentibus
683 2884 858 2963 fratribus
873 2886 1074 2993 Radulpbo
1096 2884 1198 2962 dicto
1214 2887 1378 2994 Moyses,
1400 2883 1604 2964 Guillelmo
1626 2885 1775 2964 dictole
1796 2887 1924 2994 Bryes,

500 3017 566 3122 qui
595 3015 717 3094 adbuc
734 3016 839 3105 vivit,
864 3034 908 3094 ut
932 3016 1068 3104 credit,
1099 3034 1136 3093 et
1155 3015 1326 3121 plur-ibus
1348 3016 1428 3093 aliis
1448 3016 1527 3123 jam
1548 3015 1751 3106 defunctis3
1778 3034 1816 3094 et
1833 3017 1927 3095 dicit

499 3145 621 3251 quod,
639 3164 721 3252 post
737 3146 871 3223 multas
888 3147 1157 3253 promissiones
1179 3147 1225 3225 de
1247 3146 1496 3224 observanciis
1514 3145 1605 3222 dicti
1627 3144 1787 3234 ordinis,
1808 3163 1846 3223 et
1866 3172 1926 3223 re·

501 3293 609 3381 cepto
631 3275 824 3365 mantello,
847 3275 1392 3383 osculatusiuitrecipientem
1413 3277 1537 3382 primo
1562 3276 1704 3365 inore,
1726 3275 1926 3353 deindein

502 3404 682 3481 umbilico
702 3405 807 3480 nudo
824 3422 860 3481 et
877 3434 953 3482 non
973 3405 1074 3482 abbi.

558 3536 651 3609 ltem
672 3551 836 3639 apostata
861 3534 931 3610 suit
956 3535 1007 3611 ibi
1025 3536 1188 3641 quedam
1204 3564 1309 3621 crux,
1330 3533 1397 3610 sed
1422 3563 1500 3612 non
1526 3535 1659 3612 recolit
1678 3552 1806 3611 utrum
1832 3554 1927 3613 esset

503 3661 554 3739 ibi
575 3661 697 3768 aliqua
720 3691 855 3770 ymago
874 3663 933 3739 vel
952 3692 1045 3754 non,
1070 3682 1107 3740 et
1126 3663 1213 3740 lecit
1232 3692 1321 3741 eum
1345 3664 1527 3772 abnegare
1539 3678 1693 3742 crucem
1706 3681 1826 3741 terret
1842 3692 1926 3742 cru·

502 3789 736 3882 cifixionem,
767 3811 804 3871 et
827 3821 960 3899 spuere
985 3811 1044 3872 ter
1069 3823 1180 3900 supra
1207 3821 1290 3871 eam
1311 3824 1321 3868 t
1342 3823 1533 3902 nunquam
1559 3795 1705 3902 negavit
1729 3793 1859 3882 corde,
1887 3812 1927 3871 ut

502 3922 602 4000 dicit.
1201 3997 1203 4001 ,
1477 3950 1481 3997 t

527 4102 530 4107 ·
557 4055 649 4130 ltem
678 4055 895 4162 recognovit
911 4055 1020 4161 quod
1041 4055 1141 4132 vovit
1163 4055 1353 4132 continere
1377 4085 1398 4132 a
1422 4054 1656 4134 mulieribus
1687 4056 1927 4133 Fuit-'tamen

502 4184 625 4262 eidem
647 4185 788 4262 dictum
808 4185 961 4292 quodsi
986 4185 1083 4263 forte
1102 4203 1316 4263 moveretur
1335 4185 1541 4279 carnaliter,
1564 4185 1668 4292 quod
1687 4185 1831 4264 licitum
1848 4203 1927 4264 eret

501 4316 537 4391 ei
557 4316 792 4394 commisceri
812 4344 897 4392 cum
917 4315 1093 4393 fratribus
1113 4315 1204 4392 dicti
1224 4315 1614 4422 ordinisllequisitus
1628 4313 1818 4424 defydola,
1835 4314 1927 4392 dicit

501 4444 606 4552 quod
630 4444 745 4522 nichil
764 4446 843 4522 scit.
864 4444 964 4523 Dicit
989 4445 1106 4524 eciam
1128 4444 1234 4551 quod
1259 4472 1302 4519 ea
1321 4473 1396 4550 que
1424 4445 1599 4550 deposuit
1621 4473 1704 4522 vera
1730 4462 1835 4534 sunt,
1856 4473 1926 4521 nee

501 4592 655 4680 propter
671 4575 794 4683 aliqua
810 4592 995 4653 tormenta
1003 4634 1020 4663 ,
1031 4603 1101 4651 nec
1116 4573 1186 4651 alia
1203 4574 1251 4651 de
1268 4603 1376 4653 causa
1393 4574 1568 4680 deposuit
1583 4603 1625 4651 ea
1637 4603 1712 4682 que
1731 4573 1923 4682 deposuit,

504 4704 571 4781 sed
579 4733 648 4811 pro
664 4707 781 4784 salute
797 4707 918 4783 anime
929 4736 1009 4784 sue.
1024 4705 1266 4784 Presentibus
1280 4706 1439 4784 testibus
1450 4704 1675 4812 supradictis
1685 4735 1727 4783 ac
1741 4704 1925 4812 religiosis

502 4835 589 4913 viris
602 4833 990 4915 fratribuslamberto
1005 4837 1053 4914 de
1068 4836 1217 4925 Merdo,
1232 4836 1391 4914 Nicolao
1406 4836 1455 4913 de
1469 4836 1570 4914 Sicca
1583 4835 1701 4924 Villa,
1710 4836 1863 4914 Matheo
1876 4837 1924 4912 de
