4236 5948
348 551 420 621 aso
735 527 929 619 anocts
956 547 1050 617 ons
1076 545 1374 617 inuramus.

347 718 455 764 suum
481 688 584 794 quod
607 705 775 792 receptus
800 687 918 764 fuerat
941 687 979 762 in
1004 685 1117 762 domo
1137 685 1185 762 de
1205 687 1364 762 Feritate
1383 685 1571 773 Galcheri‚
1598 715 1661 764 sex
1682 689 1768 763 an'ni

347 819 404 894 vel
423 820 517 894 circa
537 835 623 894 sunt
643 818 771 924 elapsi,
790 845 858 923 per
878 817 1029 893 fratrem
1043 814 1250 894 Gerardum
1272 816 1318 893 de
1343 816 1543 894 Villaribus
1576 834 1664 894 ωηο
1683 847 1769 924 pre-

311 985 317 997 ·
347 967 533 1054 ceptorem
555 948 722 1032 Francia,
742 945 977 1053 presentibus
990 945 1163 1023 fratribus
1177 946 1373 1054 liudulpho
1387 946 1434 1023 de
1454 947 1532 1025 Gisi
1548 966 1585 1024 et
1598 949 1767 1026 Johanne

348 1079 383 1153 le
404 1081 545 1164 Moine‚
562 1095 606 1153 ut
618 1077 766 1152 videtur
785 1076 873 1163 sibi,
898 1094 933 1154 et
946 1076 1119 1182 pluribus
1139 1077 1218 1153 aliis
1231 1077 1277 1153 de
1289 1092 1449 1183 quorum
1463 1078 1768 1156 nominibusnon

346 1208 572 1285 recordatur.
600 1209 700 1286 Dixit
720 1208 836 1282 eciam
862 1236 929 1312 per
947 1208 1202 1315 juramentum
1234 1235 1344 1283 suum
1370 1208 1493 1312 quod,
1521 1226 1604 1314 post
1631 1200 1768 1285 multas

345 1338 666 1445 promissionesab
683 1365 727 1415 eo
738 1337 849 1415 lactas
862 1337 908 1415 de
926 1337 1070 1414 statutis
1081 1354 1118 1413 et.
1135 1339 1285 1414 secretis
1297 1336 1440 1414 ordinis
1456 1338 1713 1428 observandis,
1732 1357 1768 1416 et

344 1469 521 1546 mantello
539 1469 609 1544 sibi
627 1470 674 1545 ad
690 1469 828 1547 collum
841 1469 981 1575 posito,
1001 1468 1121 1544 dictus
1139 1468 1321 1574 recipiens
1333 1468 1440 1544 traxit
1459 1470 1606 1545 eumad
1621 1484 1766 1574 partem
1807 1516 1813 1523 -

346 1619 445 1676 retro
459 1600 589 1684 altare,
603 1617 639 1675 et
656 1600 819 1676 ostendit
833 1599 904 1674 sibi
920 1599 1127 1703 ymaginem
1148 1600 1186 1672 in
1200 1598 1363 1703 quodam
1378 1598 1534 1687 missali3
1548 1600 1611 1676 sed
1628 1619 1707 1678 crat
1718 1602 1766 1676 ita

339 1731 503 1836 juvenis,
517 1730 620 1835 quod
637 1729 826 1806 nesciebat
839 1746 928 1804 tunc
942 1729 1047 1833 cujus
1064 1744 1141 1803 erat
1155 1755 1302 1833 ymag03
1321 1744 1357 1803 et
1371 1743 1458 1804 tunc
1468 1727 1707 1832 luitpetitdm
1720 1732 1766 1807 ab

346 1887 390 1936 eo
405 1876 534 1935 utrum
554 1857 723 1934 crederet
742 1860 781 1934 in
801 1858 906 1935 illum
928 1858 1033 1964 cujus
1049 1875 1124 1933 erat
1139 1885 1288 1963 ymag0;
1312 1873 1349 1932 et
1364 1858 1442 1962 ipse
1457 1859 1650 1963 respondit
1663 1860 1766 1966 quod

344 1990 518 2067 credebat
538 1991 576 2065 in
603 1990 759 2067 Jhesum
778 1989 970 2067 Christum
994 2006 1031 2065 et
1058 1989 1097 2064 in
1122 1987 1372 2065 beatissimam
1395 1988 1585 2094 Virginem
1608 2007 1767 2068 matrem

344 2147 463 2196 suam.
485 2123 530 2197 Et
550 2120 628 2225 ipse
649 2119 742 2196 dixit
758 2120 860 2226 quod
875 2120 970 2197 male
987 2119 1177 2207 'credeban
1195 2135 1232 2195 et
1252 2119 1330 2225 ipse
1346 2130 1493 2224 semper
1513 2119 1643 2198 dicens
1663 2123 1768 2228 quod

345 2251 520 2326 credebat
539 2252 576 2326 in
595 2250 748 2326 Jhesum
765 2251 956 2328 Christum
974 2268 1010 2326 et
1023 2251 1061 2326 in
1077 2249 1275 2357 gloriosam
1288 2268 1444 2326 matrem
1460 2278 1579 2338 suam,
1601 2251 1673 2328 tuit
1687 2283 1768 2330 ver-

343 2379 494 2455 beratus
509 2380 556 2457 ab
574 2381 654 2485 ipso
673 2381 873 2486 recipiente
893 2381 1035 2467 acriter,
1060 2397 1096 2455 et
1110 2379 1321 2487 posteafuit
1334 2381 1479 2485 positus
1493 2379 1686 2459 incarcere
1700 2413 1768 2489 per

344 2539 454 2585 unam
471 2510 571 2586 diem
589 2511 668 2586 sine
684 2528 777 2615 potu
791 2529 827 2586 et
835 2511 937 2599 cib0;
956 2528 992 2586 et
1008 2511 1174 2615 oportuit
1188 2510 1347 2587 finaliter
1358 2512 1460 2615 (cum
1477 2510 1648 2588 dicebant
1663 2515 1767 2621 quod

344 2639 442 2715 male
462 2639 652 2744 credebat)
668 2640 772 2748 quod
785 2640 939 2731 faceret3
954 2658 1044 2717 tunc
1063 2639 1154 2715 dixit
1171 2669 1215 2716 ex
1235 2656 1337 2747 parte
1360 2642 1450 2730 Dei,
1473 2658 1510 2717 et
1525 2643 1644 2720 nichil
1664 2643 1766 2721 aliud

343 2790 410 2873 per
421 2771 677 2876 juramentum
690 2798 816 2859 suum3
832 2770 951 2847 ethoc
962 2769 1067 2858 dixit,
1084 2770 1171 2875 quia
1187 2781 1274 2845 'eum
1288 2770 1463 2847 volebant
1477 2773 1613 2848 iterum
1624 2800 1767 2879 ponere

344 2900 381 2974 in
397 2928 560 2987 carcere,
578 2903 665 3007 quia
678 2900 824 2978 dicebat
836 2902 940 3007 quod
951 2899 1098 2977 volebat
1111 2901 1209 2976 exire
1226 2917 1263 2977 et
1277 2901 1330 2977 ire
1345 2901 1557 2979 addomum
1568 2905 1765 3009 patrissui.

400 3032 650 3137 interrogatus
670 3030 716 3109 de
739 3032 885 3119 osculo,
904 3031 996 3108 dixit
1015 3030 1118 3136 quod
1138 3030 1188 3106 ita
1204 3048 1282 3106 erat
1294 3048 1540 3109 tormentatus
1559 3061 1628 3138 per
1648 3035 1768 3112 dictos

344 3161 489 3249 fratres,
499 3158 610 3268 ¹quod
629 3189 704 3238 non
720 3162 850 3239 recolit
865 3162 968 3270 quod
981 3161 1084 3238 aliud
1098 3190 1211 3268 quam
1229 3161 1320 3239 dixit
1333 3161 1447 3239 fuerit
1461 3163 1532 3241 sibi
1548 3163 1689 3240 factum
1700 3193 1766 3242 seu

343 3290 499 3368 dictum.
522 3293 770 3397 Interrogatus
794 3309 921 3367 utrum
945 3293 997 3380 vi,
1024 3291 1082 3368 vel
1105 3309 1246 3368 terrore
1267 3309 1540 3369 tormentorum
1560 3311 1627 3370 aut
1646 3322 1768 3371 carce-

343 3421 409 3505 ris,
427 3421 465 3494 in
481 3447 547 3495 sua
563 3396 801 3523 deposicione
821 3420 955 3497 dixerit
968 3438 1033 3497 aut
1052 3421 1297 3497 immiscuerit
1316 3421 1528 3513 falsitatem,
1551 3440 1614 3499 aut
1633 3427 1767 3502 verita-

344 3563 419 3625 t'em
438 3549 672 3636 subticueris,
695 3548 787 3624 dixit
805 3577 873 3655 per
887 3550 1144 3656 juramentum
1163 3580 1273 3627 suum
1294 3551 1398 3656 quod
1416 3579 1509 3639 non,
1530 3554 1646 3631 immo
1662 3555 1766 3661 quod

344 3679 439 3756 illud
459 3680 564 3784 quod
581 3679 673 3756 dixit
691 3696 820 3757 v'erum
838 3697 903 3757 est.

399 3945 488 4018 ltem
501 3942 615 4018 frater
627 3941 827 4020 Baldoinus
838 3943 1058 4031 deWaben‚
1072 3944 1176 4020 etatis
1187 3944 1369 4050 sexaginta
1380 3972 1567 4020 annorum
1583 3945 1640 4020 vel
1652 3946 1761 4036 circa,

343 4075 477 4150 eodem
499 4073 613 4151 modo
628 4074 865 4162 constitutus,
882 4074 1028 4180 juratus
1049 4090 1086 4150 et
1105 4074 1370 4179 interrogatus,
1387 4075 1479 4151 dixit
1492 4091 1560 4180 per
1570 4075 1764 4181 juramen·

340 4221 420 4282 tum
436 4233 546 4282 suum
565 4205 670 4311 quod
687 4221 859 4311 receptus
876 4204 946 4283 fuit
966 4206 1003 4280 in
1023 4203 1135 4282 domo
1159 4205 1206 4281 de
1226 4206 1344 4282 Bosco
1365 4205 1403 4280 in
1421 4205 1679 4294 Viromandia‚
1698 4235 1766 4312 per

341 4333 490 4412 fratrem
511 4334 718 4413 Guarinum
736 4335 783 4410 de
798 4334 939 4413 Grandi
956 4334 1101 4424 villari,
1117 4335 1178 4411 die
1193 4335 1388 4411 Dominica
1402 4336 1571 4443 proximo
1587 4336 1763 4442 preterita

342 4484 428 4541 sunt
451 4483 535 4543 octo
556 4466 658 4554 anni,
680 4465 917 4571 presentibus
947 4465 1056 4542 fratre
1081 4464 1216 4544 Odone
1248 4466 1294 4542 de
1320 4464 1460 4542 Grandi
1481 4465 1606 4543 Villari
1628 4483 1763 4572 nepote

343 4595 430 4670 dicti
447 4596 662 4700 receptoris,
685 4595 795 4671 fratre
810 4597 961 4672 Matheo
975 4595 1022 4670 de
1043 4595 1168 4703 Tilloy
1183 4613 1219 4671 et
1237 4595 1410 4700 pluribus
1429 4597 1510 4672 aliis
1531 4598 1578 4673 de
1600 4626 1763 4704 quorum

341 4725 564 4800 nominibus⁴
574 4753 650 4801 non
665 4725 806 4802 recolit.
821 4726 921 4803 Dixit
936 4725 1052 4801 eciam
1068 4753 1137 4831 per
1149 4727 1406 4832 juramentum
1419 4755 1533 4804 suum
1546 4727 1669 4833 quod,
1682 4744 1765 4833 post

342 4853 475 4930 multas
489 4854 755 4958 promissiones
770 4855 816 4930 ab
836 4883 880 4931 eo
901 4853 1012 4931 lactas
1032 4855 1080 4931 de
1096 4856 1241 4932 statutis
1261 4872 1298 4931 et
1312 4855 1463 4934 secretis
1475 4855 1620 4934 ordinis
1635 4856 1763 4934 obser·
