4236 5948
589 527 787 621 raocts
814 546 908 619 nas
935 545 1236 619 ravenniana.
1575 551 1623 624 re

203 688 321 766 lieret
340 686 443 764 Dicit
461 687 496 761 ei
517 687 673 792 iusuper
693 686 815 765 dictus
834 688 1023 766 lohannes
1044 687 1091 766 de
1110 687 1256 766 Anonia
1275 688 1393 793 quod,
1413 687 1625 767 secundum

204 821 298 898 dicta
319 834 470 925 puncta,
492 816 656 894 debebat
672 818 832 896 osculari
848 818 888 895 in
908 846 979 895 ano
995 836 1227 924 receptorem
1248 847 1381 907 suum,
1402 818 1480 925 ipse
1498 837 1625 905 tamen

203 950 325 1029 noluit
343 948 465 1026 facere
486 947 665 1039 neclecit,
678 966 715 1026 et
736 949 858 1026 dictus
878 966 1050 1054 receptor
1071 951 1164 1027 dixit
1184 950 1218 1026 ei
1238 948 1344 1056 quod
1362 977 1439 1027 non
1455 947 1625 1036 curabat,

204 1081 271 1161 alia
297 1079 428 1157 illicita
451 1108 529 1158 non
549 1081 836 1157 intervenerunt
854 1079 894 1154 in
915 1080 1135 1187 reccpcione
1160 1109 1226 1158 sua
1248 1079 1415 1187 predicta
1435 1108 1505 1156 nec
1526 1098 1624 1185 post.

203 1210 418 1318 Requisitus
436 1209 465 1285 si
487 1209 571 1300 scit,
587 1209 723 1297 credit,
743 1208 802 1285 vel
820 1209 964 1286 audivit
984 1210 1057 1286 dici
1078 1211 1184 1316 quod
1204 1210 1302 1287 dicta
1322 1207 1452 1287 illicita
1474 1208 1532 1287 vel
1554 1209 1626 1287 alia

204 1341 472 1423 intervenirent
486 1339 525 1415 in
541 1338 827 1446 recepcionibus
851 1338 1014 1417 aliorum
1039 1340 1198 1417 fratrum
1217 1340 1361 1417 ordinis
1376 1339 1434 1418 vel
1449 1359 1545 1446 post,
1567 1370 1627 1417 re-

205 1471 356 1577 spondit
369 1499 410 1548 se
430 1470 594 1562 nescire,
619 1499 689 1547 nec
704 1471 844 1547 sciebat
863 1469 962 1548 bene
982 1471 1089 1576 quod
1112 1470 1245 1548 fratres
1264 1470 1478 1563 crederent,
1498 1473 1586 1579 quia
1607 1501 1627 1547 a

205 1602 314 1680 fratre
338 1600 537 1681 Clemente
566 1600 613 1679 de
639 1600 780 1679 Grandi
808 1600 971 1693 villarii,
1002 1601 1194 1708 quondam
1222 1601 1269 1679 de
1293 1600 1484 1708 parentela
1509 1603 1627 1707 ipsius

204 1733 324 1824 testis,
353 1750 390 1812 et
414 1763 435 1810 a
455 1730 567 1809 fratre
596 1732 725 1810 Lucha
754 1731 801 1811 de
827 1733 988 1839 Semoy,
1019 1731 1226 1811 combustis
1255 1733 1357 1839 apud
1381 1732 1625 1819 Silvanetum,

205 1862 324 1942 luerat
344 1863 487 1941 dictum
508 1862 579 1968 ipsi
598 1862 685 1940 testi
706 1880 792 1969 post
811 1862 1026 1968 capcionem
1046 1891 1179 1941 eorum
1196 1863 1298 1969 quod
1315 1862 1483 1968 predicta
1498 1863 1628 1941 illicita

205 1990 261 2070 vel
287 1990 360 2069 alia
380 1991 580 2070 inhonesta
609 2019 686 2068 non
710 1990 990 2069 intervenerant
1012 1993 1051 2068 in
1081 1992 1367 2097 recepcionibus
1398 2019 1528 2071 eorum
1560 2021 1629 2073 nec

206 2143 299 2229 post.
318 2122 350 2198 A
365 2122 544 2202 fratribus
557 2150 645 2200 vero
659 2122 825 2201 Roberto
839 2121 1084 2214 Rembenval,
1102 2140 1196 2200 teste
1212 2125 1385 2229 proximo
1401 2123 1626 2214 examinato,

208 2270 242 2331 et
267 2252 315 2330 ab
344 2252 427 2331 aliis
454 2253 494 2330 in
522 2253 683 2330 concilio
708 2253 885 2332 Remcnsi
912 2252 1103 2331 audiverat
1132 2253 1206 2332 dici
1233 2254 1340 2361 quod
1366 2254 1436 2361 ipsi
1466 2252 1630 2332 fecerant

207 2381 336 2462 illicita
361 2384 541 2490 predicta.
576 2383 732 2462 Nullum
767 2383 883 2462 alium
913 2385 1007 2461 vidit
1037 2384 1152 2490 recipi
1183 2385 1222 2461 in
1251 2385 1384 2462 ordine
1411 2414 1479 2461 nec
1509 2383 1631 2475 adsuit
1708 2427 1710 2435 ·

208 2513 377 2618 capitulis
397 2542 542 2592 eorum.
558 2515 670 2606 Item,
685 2514 778 2592 dixit
792 2515 898 2621 quod
910 2514 990 2619 ipse
1003 2514 1103 2595 bene
1119 2514 1297 2593 credebat
1307 2514 1631 2593 ecclesiasticissa·

208 2645 416 2733 oramentis,
436 2662 474 2723 et
487 2645 608 2723 credit
621 2646 728 2750 quod
743 2645 806 2723 alii
824 2645 956 2722 fratres
970 2645 1115 2724 ordinis
1131 2644 1230 2721 bene
1246 2645 1456 2734 crederent,
1472 2662 1511 2722 et
1525 2646 1630 2751 quod

208 2801 341 2853 eorum
358 2775 575 2855 sacerdotes
596 2774 724 2854 debite
745 2774 990 2854 celebrarent.
1012 2776 1148 2866 Statim
1162 2802 1230 2881 pro
1247 2774 1424 2881 professis
1439 2775 1631 2860 habeban-

208 2923 278 2980 tur.
301 2904 544 2983 Clandestine
559 2905 850 3010 recipiebantur,
868 2903 985 2980 nullis
999 2904 1238 3009 presentibus
1249 2904 1323 2981 nisi
1338 2904 1515 2982 fratribus
1530 2906 1631 2980 ordi·
1644 2995 1645 2998 Ἴ

99 3058 107 3067 ·
210 3034 276 3111 nis.
298 3035 441 3112 Juravit
461 3022 635 3111 ordinem
658 3063 734 3111 non
757 3035 855 3111 exire
876 3034 1017 3141 absque
1032 3033 1187 3110 licencia
1207 3035 1446 3138 superiorum
1461 3062 1628 3112 suorum.

208 3167 297 3243 Post
317 3166 531 3271 capcionem
548 3165 814 3243 suamaudr'vit
829 3165 901 3241 dici
914 3166 1020 3271 quod
1033 3192 1078 3240 ex
1093 3164 1333 3241 clandestinis
1348 3165 1632 3270 recepcionibus

208 3312 339 3375 eontra
353 3296 529 3375 ordinem
544 3295 706 3402 suspicio
724 3294 946 3374 habebatur.
974 3293 1151 3374 Cordulis
1173 3294 1276 3373 unde
1296 3295 1470 3375 volebant
1492 3324 1633 3377 assunt*

210 3427 281 3531 ptis
295 3426 551 3533 cingebantur,
568 3427 615 3505 de
631 3426 808 3504 mandato
823 3426 1080 3531 superiorum,
1092 3454 1206 3532 super
1221 3426 1389 3506 camisias
1400 3455 1486 3505 cum
1494 3427 1633 3531 quibus

207 3555 389 3662 iacebant.
416 3557 689 3666 Injungebatur
714 3558 840 3636 eisne
866 3557 1076 3635 revelarent
1100 3575 1241 3636 secreta
1264 3555 1540 3662 capitulorum,
1567 3559 1635 3636 sed

211 3714 288 3766 non
304 3687 440 3766 recolit
459 3690 489 3765 si
515 3716 688 3794 expresse
707 3686 780 3764 fuit
799 3686 871 3767 sibi
891 3687 1098 3767 inhibitum
1119 3715 1166 3763 ne
1187 3686 1369 3765 revelaret
1386 3689 1547 3767 modum
1565 3715 1633 3766 sne

210 3818 458 3924 tncepcionim
470 3820 536 3925 qui
553 3818 794 3910 revelassent,
810 3818 937 3924 puniti
950 3817 1118 3908 luissent,
1133 3817 1252 3897 nescit
1265 3816 1439 3924 qualiter.
1459 3818 1635 3925 lnjunge-

209 3946 321 4031 batus
341 3945 396 4024 eis
415 3949 520 4054 quod
539 3948 859 4057 absquelicencia
879 3976 957 4025 non
977 3948 1250 4027 confiterentur
1268 3947 1350 4024 aliis
1370 3949 1442 4028 nisi
1462 3949 1634 4027 sacerdo-

210 4076 314 4159 tibus
332 4077 487 4171 ordinis,
506 4095 546 4159 et
559 4080 638 4185 ipse
652 4079 772 4168 testis,
793 4080 842 4157 de
859 4076 1017 4157 licencia
1033 4079 1125 4156 dicti
1138 4077 1262 4159 [ratris
1275 4078 1401 4186 Egidii
1417 4080 1546 4163 curati,
1563 4078 1678 4181 fuiss

211 4206 251 4284 in
271 4205 334 4287 die
349 4214 418 4286 s'ue
433 4209 665 4314 recepcionis
680 4209 873 4290 consessus
894 4209 940 4287 de
957 4209 1066 4288 dictis
1083 4184 1274 4290 erroribus
1291 4206 1469 4313 Philippo
1488 4188 1634 4312 presbiss

212 4353 294 4419 tero
306 4338 485 4432 seculari,
503 4357 632 4421 curato
647 4341 840 4446 quondam
854 4340 1013 4421 ecclesie
1024 4340 1076 4419 de
1091 4341 1253 4429 Boalles,
1267 4338 1479 4445 propinque
1488 4349 1490 4352 ⁴
1499 4339 1635 4449 domus

211 4467 252 4545 in
264 4496 339 4576 qna
359 4467 483 4549 luerat
497 4489 682 4575 receptus,
703 4488 927 4578 potestatem
942 4471 1112 4559 babenti,
1129 4488 1173 4549 ut
1189 4469 1395 4556 dicebatur,
1417 4469 1563 4547 domini
1577 4497 1636 4545 ar—

208 4598 441 4707 ehiepisenpi
455 4601 794 4710 Rothomagensis,
814 4603 883 4709 qui
906 4601 1067 4681 absolvit
1086 4627 1194 4691 eum,
1219 4599 1394 4705 imposita
1424 4599 1636 4707 penitencia

208 4727 319 4836 ,quod
332 4728 525 4837 jejunaret
538 4731 649 4811 sextis
663 4730 766 4817 seriis
785 4758 1005 4838 puannnm
1021 4730 1063 4806 in
1075 4757 1171 4838 pane
1186 4748 1227 4809 et
1241 4758 1349 4837 aqua,
1364 4730 1472 4837 qnod
1484 4747 1522 4809 et
1535 4730 1634 4820 fecit,

211 4874 257 4947 ut
282 4858 386 4943 dixit,
407 4860 555 4939 Fratres
581 4862 741 4941 seientes
761 4889 909 4945 errores
924 4859 1083 4942 fuerunt
1101 4859 1335 4968 negligentes
1352 4861 1441 4967 quia
1462 4889 1538 4940 non
1558 4889 1639 4942 eon
