4236 5948
352 518 423 589 iss
736 494 929 589 rnocss
956 513 1049 585 ons
1076 481 1372 586 rnnritnns.

346 655 572 760 presbitero,
606 671 701 732 teste
732 655 784 731 eri
811 655 1035 745 examinato,
1066 654 1175 730 Petro
1205 652 1369 733 Gotandi
1398 650 1512 727 hodie
1533 650 1761 740 examinato,

347 804 390 861 ut
418 784 552 876 credit,
583 783 791 862 Guillelmo
825 783 986 862 Calador
1011 783 1239 889 presbitero,
1265 800 1303 860 et
1337 780 1560 889 Berengario
1590 779 1762 871 Geraldi,

349 916 511 993 detentis
540 916 639 1021 apud
664 916 771 992 Naiac
803 914 1054 991 Rutbenensis
1084 913 1259 1000 diocesis;
1281 929 1318 990 et
1343 912 1496 1015 insuper
1520 908 1673 988 fratrem
1693 910 1765 988 Pe·

346 1063 447 1122 trnm
468 1045 613 1122 Bastida
635 1044 857 1121 servientem
890 1043 1099 1149 quondam,
1126 1043 1378 1126 Ruthenensis
1399 1040 1576 1126 diocesis,
1604 1040 1668 1146 qui
1690 1038 1765 1121 suit

348 1193 518 1282 receptus
538 1177 577 1250 in
598 1174 694 1252 dicta
720 1173 876 1282 capella,
894 1190 982 1250 sunt
1007 1173 1155 1250 circiter
1174 1198 1220 1251 xv
1240 1173 1343 1261 anni,
1360 1201 1429 1277 per
1448 1170 1588 1247 dictum
1609 1168 1762 1248 fratrem

346 1307 544 1413 Hugonem
575 1306 623 1382 de
653 1306 806 1392 Sances,
824 1303 1062 1409 presentibus
1083 1303 1191 1380 dictis
1220 1302 1396 1381 fratribus
1429 1302 1651 1409 Raymundo
1672 1302 1765 1408 Pey-

345 1437 464 1512 roneti
491 1454 528 1512 et
561 1435 751 1513 Bernardo
784 1435 831 1512 de
864 1436 999 1512 Sancto
1027 1435 1191 1519 Verano,
1220 1433 1433 1521 deffunctis,
1464 1448 1502 1508 et
1531 1432 1631 1509 dicto
1652 1433 1763 1512 Petro

346 1565 525 1653 Gotandi,
547 1584 589 1642 ut
608 1566 745 1654 credit;
767 1564 934 1670 plurium
956 1563 1238 1672 recepcionibus
1267 1593 1306 1643 se
1336 1591 1411 1641 non
1440 1562 1571 1639 recolit
1585 1561 1761 1643 adfuisse.

345 1697 457 1785 ltem,
481 1696 574 1772 dixit
593 1696 698 1805 quod
721 1688 819 1772 bene
845 1694 1021 1773 credebat
1046 1694 1300 1771 ecclesiasticis
1329 1693 1585 1784 sacramentis,
1605 1694 1764 1773 credens

345 1827 449 1930 quod
464 1825 525 1902 alii
546 1825 677 1904 fratres
698 1826 832 1904 eodem
853 1825 969 1902 modo
989 1823 1201 1913 crederent,
1220 1840 1257 1901 et
1275 1823 1380 1930 quod
1396 1850 1529 1899 eorum
1550 1825 1762 1901 sacerdotes

346 1953 472 2032 debite
499 1954 739 2033 celebrarent.
767 1957 899 2033 Statim
929 1983 998 2061 pro
1027 1952 1202 2061 professis
1227 1952 1474 2032 habebantur.
1496 1953 1678 2031 durabant
1702 1982 1764 2032 or-

347 2084 474 2161 dinem
496 2115 572 2163 non
594 2086 704 2163 exire.
727 2086 970 2164 Clandestine
990 2085 1277 2193 recipiebantur,
1300 2082 1416 2162 nullis
1434 2083 1672 2190 presentibus
1687 2086 1761 2163 nisi

344 2212 520 2292 fratribus
536 2214 697 2302 ordinis,
714 2244 758 2292 ex
772 2243 849 2320 quo
870 2216 990 2292 credit
1007 2215 1114 2322 quod
1131 2233 1228 2292 esset
1246 2214 1407 2320 suspicio
1422 2231 1549 2290 contra
1569 2242 1644 2292 eos.
1667 2215 1763 2294 Cor·

345 2342 443 2422 dulis
478 2344 581 2421 unde
614 2345 787 2423 volebant
821 2346 1019 2452 assumptis
1054 2343 1298 2452 cingebantur
1329 2372 1442 2452 super
1474 2344 1641 2421 camisias
1673 2372 1760 2423 cum

344 2474 483 2579 quibus
503 2475 687 2581 jacebant.
715 2475 984 2584 injungebatur
1011 2476 1064 2553 eis
1091 2503 1159 2582 per
1186 2492 1458 2553 sacramentum
1478 2504 1526 2551 ne
1553 2474 1762 2554 revelarent

344 2624 484 2683 secreta
504 2607 770 2714 capitulorum,
792 2607 840 2682 de
860 2606 976 2682 modo
997 2606 1226 2711 recepcionis
1244 2605 1392 2711 speciali
1414 2632 1490 2682 non
1511 2604 1634 2684 habita
1655 2633 1763 2682 men·

345 2737 463 2812 cione.
490 2737 566 2829 Qui
587 2736 812 2813 revelassent
830 2736 989 2843 graviter
1006 2735 1126 2840 puniti
1144 2734 1313 2812 luissent.
1335 2733 1486 2839 Absque
1507 2734 1661 2812 licencia
1681 2760 1761 2813 nou

343 2882 514 2968 poterant
530 2865 612 2943 aliis
631 2895 744 2972 quam
767 2865 1024 2944 sacerdotibus
1044 2864 1189 2942 ordinis
1205 2864 1387 2943 confiteri.
1410 2864 1541 2942 lllicita
1555 2862 1762 2943 confessam

343 3023 409 3097 per
429 3022 516 3071 aum
537 2996 656 3072 credit
684 2994 790 3102 quod
810 3013 933 3072 essent
963 3011 1050 3071 uota
1078 2993 1254 3072 iratribus
1278 2995 1436 3085 ordinis,
1461 3012 1499 3073 et
1518 2993 1623 3101 quod
1642 2993 1763 3099 negli-

342 3141 471 3231 gentes
505 3123 658 3202 luerunt
690 3125 728 3201 in
762 3124 817 3201 eis
848 3124 1091 3231 corrigendis.
1129 3124 1361 3202 Elemosinas
1396 3141 1433 3201 et
1469 3122 1761 3230 hospitalitatem

343 3255 435 3331 vidit
459 3255 722 3333 convenienter
742 3255 824 3331 lieri
846 3272 883 3333 et
910 3255 1044 3332 servari
1062 3256 1100 3332 in
1121 3255 1297 3333 domibus
1321 3256 1465 3332 ordinis
1482 3257 1521 3331 in
1541 3255 1680 3361 quibus
1698 3283 1761 3333 ex-

343 3384 417 3459 titit
442 3401 704 3461 commoratus.
729 3384 843 3477 Quod
869 3412 1026 3493 magnus
1050 3386 1225 3492 Magister
1249 3414 1334 3462 curn
1360 3401 1546 3463 conventu
1571 3385 1761 3466 statuisset

343 3531 444 3589 totus
463 3515 557 3591 ordo
578 3532 771 3606 servasset,
792 3531 920 3592 contra
940 3544 1054 3622 quem
1080 3544 1181 3593 nunc
1209 3517 1362 3623 grandia
1389 3515 1576 3602 scandala,
1597 3516 1761 3621 suspicio

343 3660 378 3717 et
398 3643 549 3723 inlamia
569 3661 658 3721 sunt
682 3662 818 3724 exorta.
846 3647 927 3723 Nou
944 3645 1132 3723 obtulerat
1162 3674 1201 3724 se
1230 3647 1277 3723 ad
1298 3646 1569 3725 deffensionem
1599 3645 1756 3726 ordinis.

397 3774 613 3881 Requisitus
628 3775 658 3851 si
674 3776 727 3851 sic
741 3775 966 3881 deposuerat
974 3804 1101 3881 prece,
1119 3794 1311 3882 precepto,
1324 3777 1478 3862 timore,
1489 3805 1633 3868 amore,
1648 3778 1758 3870 odio,

342 3905 396 3980 vel
416 3906 615 4011 temporali
636 3908 797 3983 comodo
816 3905 945 3984 habito
961 3906 1017 3984 vel
1034 3907 1228 3994 habendo,
1244 3907 1439 4013 respondit
1457 3909 1560 4014 quod
1577 3935 1671 3997 non,
1690 3909 1761 3985 sed

341 4062 409 4137 pro
430 4035 581 4112 veritate
606 4034 786 4124 dicenda;
809 4036 869 4112 cui
896 4035 968 4113 luit
993 4037 1206 4143 injunctum
1231 4035 1335 4143 quod
1363 4064 1440 4112 non
1462 4035 1641 4113 revelaret
1664 4036 1761 4115 banc

341 4193 443 4242 suant
465 4164 764 4273 deposicionem,
786 4194 986 4275 quousque
1006 4167 1265 4245 attestaciones
1285 4165 1425 4244 luerint
1444 4165 1643 4271 publicato.
1737 4186 1753 4237 s

397 4427 524 4500 Frater
550 4426 764 4503 Bernardus
791 4426 884 4504 Boni
924 4427 1097 4503 Hominis
1128 4442 1325 4533 preceptor
1362 4428 1498 4503 domus
1530 4428 1681 4533 Templi
1712 4429 1761 4506 de

340 4552 546 4632 Albinhaco
575 4555 828 4635 Rutheuansis
848 4557 1024 4645 diocesis,
1046 4558 1226 4648 serviens,
1248 4558 1678 4666 quadragintaquinque
1695 4587 1762 4635 an-

340 4710 475 4760 norum
496 4684 553 4761 vel
582 4686 692 4779 circa,
719 4689 824 4766 testis
846 4718 958 4794 supra
978 4674 1143 4795 juratus,
1168 4687 1337 4765 habitum
1366 4687 1510 4764 ordinis
1539 4705 1576 4764 et
1602 4688 1760 4765 barbam

340 4812 540 4899 defferens,
562 4844 648 4894 cum
676 4846 751 4925 quo
783 4819 1004 4926 inquisitum
1036 4817 1174 4905 fuerat,
1204 4816 1397 4895 absolutus
1426 4834 1463 4895 et
1495 4818 1760 4897 reconciliatus
