4236 5948
354 526 424 613 irs
737 500 930 593 esoces
957 516 1051 601 nus
1078 518 1379 593 inuenisse.

347 662 462 740 ferret
481 659 670 752 alienum,
693 660 780 766 quia
802 657 932 749 eullus
954 686 996 745 ex
1019 654 1195 744 fratribus
1215 656 1357 744 ordinis
1376 674 1501 764 ageret
1519 657 1768 763 penitenciam

347 820 416 899 pro
437 818 500 882 eo,
521 805 560 881 et
586 789 691 896 qnod
720 817 797 866 non
820 790 1017 877 interesset
1042 787 1126 876 loco
1147 788 1186 865 in
1214 816 1291 894 quo
1317 787 1450 894 aliquis
1477 787 1771 875 exheredaretur

332 922 509 1029 injustet
530 936 567 996 et
592 920 768 1024 imposito
795 917 866 1007 sihi
887 915 1086 1005 mantello,
1110 918 1188 1023 ipse
1216 934 1254 1003 et
1277 935 1448 1022 receptor
1475 934 1513 1002 et
1532 934 1692 1004 astantes
1708 944 1773 1005 een

351 1051 461 1140 culati
482 1049 639 1141 luerunt
663 1049 912 1137 omniumr,
933 1064 972 1124 et
986 1047 1160 1133 iustruxit
1185 1075 1273 1129 eum
1294 1046 1399 1152 quod
1409 1047 1551 1154 jaceret
1570 1075 1657 1129 cum
1675 1074 1771 1154 pun-

349 1183 407 1259 nis
434 1180 558 1271 lineis,
589 1206 665 1267 una
686 1177 841 1268 cordula
861 1179 1020 1268 cinctus,
1051 1193 1089 1264 et
1109 1175 1272 1283 qualiter
1302 1194 1449 1284 regeret
1478 1204 1519 1254 se
1550 1177 1588 1254 in
1618 1176 1767 1265 ordine.

350 1310 598 1387 Postmodum
631 1308 723 1385 dixit
754 1310 788 1384 ei
821 1308 924 1414 quod
955 1335 1031 1384 non
1052 1306 1267 1383 turbaretur
1294 1335 1365 1393 nec
1390 1323 1598 1389 terreretur
1625 1307 1673 1395 de
1695 1307 1771 1397 biis

350 1469 424 1548 que
447 1441 616 1516 dicerent
635 1437 779 1529 eidem,
804 1456 843 1514 et
862 1437 972 1515 allata
991 1437 1154 1545 quadam
1172 1465 1283 1521 cruce
1302 1435 1424 1544 lignea
1442 1437 1478 1515 in
1498 1466 1571 1545 qut
1591 1464 1676 1523 neu
1690 1455 1771 1526 erat

350 1598 482 1681 ymago
502 1567 696 1659 crucifixi,
721 1569 839 1645 nescit
863 1596 1087 1674 perquem,
1120 1569 1286 1674 precepit
1315 1566 1349 1647 ei
1383 1565 1505 1652 dictus
1532 1567 1658 1647 Guido
1679 1567 1772 1654 Chi,

350 1700 430 1779 fleti
456 1700 560 1807 quod
594 1716 745 1805 spueret
768 1727 879 1804 supra
908 1697 1045 1775 dictam
1066 1725 1235 1787 crueernr
1265 1714 1303 1784 et
1327 1696 1408 1802 ipse
1430 1696 1550 1785 testis,
1582 1726 1668 1783 curu
1700 1695 1777 1805 oli·⁴

349 1830 574 1939 quantulum
609 1829 841 1919 recessiseet,
872 1825 1036 1919 lineliter
1057 1855 1144 1916 curu
1169 1827 1205 1917 ei
1234 1826 1423 1915 diceretur
1442 1826 1547 1933 quod
1571 1825 1773 1934 oportebat

350 1990 438 2050 eum
461 1959 637 2053 obedire,
662 1960 764 2064 spuit
778 1987 854 2036 non
871 1986 983 2063 supra
1006 1957 1074 2046 sed
1082 1957 1187 2063 juxta
1203 1983 1297 2045 eene.
1313 1956 1462 2045 Deinde
1483 1955 1575 2041 dixit
1592 1957 1630 2043 ei
1645 1956 1768 2064 quod,

350 2093 381 2168 si
400 2091 516 2197 aliqui
541 2087 671 2167 lamuli
696 2089 840 2166 ordinis
862 2088 1031 2167 venirent
1054 2086 1105 2173 ad
1120 2086 1247 2175 locum
1270 2087 1309 2163 in
1329 2114 1408 2194 quo
1429 2087 1509 2192 ipse
1525 2087 1774 2176 testisesset,

352 2237 390 2297 et
421 2220 603 2297 haberent
628 2218 824 2324 penuriam
861 2217 1069 2307 lectorum,
1097 2217 1201 2323 quod
1227 2215 1464 2323 recolligeret
1494 2243 1558 2301 eos
1591 2217 1630 2299 iu
1670 2215 1775 2303 lecto

351 2379 436 2443 suo,
455 2363 672 2426 nontamen
688 2347 874 2424 intellexit
899 2347 1020 2425 dictus
1041 2348 1147 2425 testis
1167 2347 1206 2423 in
1221 2348 1295 2424 hoc
1308 2346 1452 2452 aliquid
1472 2344 1660 2424 illicitum.
1687 2346 1770 2426 Alia

351 2481 550 2569 inhonesta
569 2505 646 2567 uon
665 2479 946 2557 intervenerunt
966 2478 1005 2555 in
1026 2476 1123 2555 dicta
1144 2505 1211 2563 sua
1237 2477 1457 2583 recepcione
1484 2503 1554 2553 nec
1580 2494 1684 2584 post,
1700 2502 1771 2561 nec

352 2610 486 2703 credit,
510 2611 597 2718 quia
617 2638 694 2687 non
714 2610 820 2698 vidit,
850 2637 919 2687 nec
946 2607 1088 2684 audivit
1107 2608 1199 2700 dici,
1225 2608 1333 2715 quod
1354 2607 1450 2696 dictu
1472 2606 1600 2694 illicita
1618 2606 1771 2697 velulis

352 2740 621 2829 intervenirent
644 2740 683 2815 in
719 2738 1004 2846 recepcionibus
1032 2737 1194 2825 aliorum
1228 2737 1385 2826 imnum
1418 2737 1563 2825 ordinis
1585 2736 1644 2821 rel
1670 2754 1770 2844 poet

349 2873 464 2964 Item.¹
480 2869 572 2961 dixit
596 2868 700 2976 quod
720 2870 817 2949 hene
846 2868 1023 2957 credebat
1051 2868 1306 2958 ecclesiasticis
1326 2869 1582 2956 sacrementis,
1598 2884 1638 2947 et
1651 2867 1774 2955 credit

353 2999 457 3106 qnod
484 2999 546 3089 alii
572 2997 702 3081 lratres
721 3000 864 3077 ordinis
885 3001 1019 3081 eodem
1054 2999 1169 3087 modo
1201 2998 1415 3089 crederent,
1443 3016 1483 3087 et
1506 2997 1612 3105 quod
1638 3025 1773 3085 eorum

352 3130 564 3217 sacerdotes
593 3127 720 3207 debite
749 3129 999 3218 celebrarent,
1026 3146 1064 3208 ct
1096 3147 1316 3236 preceptum
1343 3128 1415 3213 suit
1443 3130 1519 3236 ipsi
1543 3129 1628 3207 testi
1665 3128 1774 3234 quod

353 3261 568 3351 conveniret
585 3251 633 3349 ad
653 3258 787 3348 divina,
801 3259 953 3365 quando
968 3259 1116 3337 audiret
1134 3258 1273 3364 pulsari
1294 3286 1523 3365 campanam,
1546 3259 1681 3347 Statim
1700 3285 1773 3365 pro

352 3388 528 3493 professis
551 3387 798 3480 habebantur.
817 3387 1059 3477 Claudestine
1085 3388 1373 3495 recipiebantur,
1398 3389 1514 3473 nullis
1532 3387 1775 3496 presentibus

355 3517 424 3595 nisi
454 3517 631 3604 fratribus
657 3516 810 3595 ordinis.
838 3519 878 3596 ln
905 3516 1021 3594 domo
1048 3515 1094 3595 de
1116 3517 1220 3596 Corti
1242 3518 1282 3597 iu
1304 3548 1378 3624 qua
1401 3517 1473 3596 luit
1497 3536 1771 3606 commortuus

352 3647 445 3725 vidit
465 3646 688 3736 elemosinas
705 3647 969 3725 convenienter
988 3644 1082 3723 fieri.

409 3779 623 3883 Requieitus
648 3778 679 3855 si
704 3779 757 3855 sic
792 3778 1018 3884 deposuerat
1047 3807 1176 3884 prece,
1211 3798 1402 3886 precepto,
1432 3782 1589 3869 timore,
1622 3808 1772 3867 amors„

353 3907 454 3999 odio,
481 3908 539 3993 rel
567 3907 765 4015 temporali
790 3907 952 3986 comodo
980 3907 1108 3986 habito
1134 3908 1191 3986 vel
1222 3909 1417 4000 habendo,
1446 3909 1644 4016 respondit
1665 3909 1775 4015 quod

352 4065 446 4130 non,
468 4038 536 4115 sed
559 4066 627 4144 pro
655 4039 806 4117 veritate
824 4037 1001 4129 dicenda3
1022 4040 1083 4116 cui
1109 4039 1185 4117 fuit
1207 4041 1419 4148 injunctum
1439 4039 1545 4147 qnod
1570 4066 1648 4127 nou
1667 4066 1775 4117 rere·

351 4166 445 4244 leret
466 4167 564 4259 hanc
587 4196 692 4259 suam
717 4169 998 4274 deposicionem
1011 4230 1021 4261 ‚
1036 4197 1235 4276 quousque
1256 4170 1515 4258 attestaciones
1542 4167 1685 4255 luerint
1703 4196 1775 4274 pu-

352 4294 503 4386 blicate3
521 4314 559 4375 et
579 4324 655 4374 non
671 4297 860 4377 obtulerat
873 4327 913 4377 se
938 4297 986 4375 ud
1001 4298 1274 4387 deffensionem
1288 4299 1450 4389 ordinis,
1472 4302 1566 4385 sicut
1582 4298 1685 4399 dixit.
1807 4327 1811 4333 ·

409 4555 535 4633 Frater
554 4554 781 4639 Guillelmus
799 4557 846 4632 de
863 4557 1045 4664 Vernegia
1065 4557 1194 4646 miles,
1216 4560 1492 4641 Lemovicensis
1512 4560 1691 4646 diocesis..
1707 4556 1774 4639 ud·

352 4681 487 4760 ductus
506 4711 575 4789 pro
594 4701 688 4764 teste
714 4683 762 4761 ad
785 4688 1015 4791 presencium
1042 4688 1262 4773 eorumdem
1290 4689 1534 4767 dominorum
1556 4680 1773 4777 committe·

350 4812 513 4902 riorum,
530 4813 682 4918 jurarit,
699 4817 805 4893 tactis
820 4817 1060 4895 sacrosanctis
1076 4819 1299 4924 Evangeliis‚
1316 4819 1440 4899 dicere
1462 4823 1500 4897 in
1522 4821 1592 4897 isto
1613 4817 1773 4924 negocio
