<?xml version="1.0" encoding="UTF-8"?>
<!DOCTYPE html PUBLIC "-//W3C//DTD XHTML 1.0 Transitional//EN"
    "http://www.w3.org/TR/xhtml1/DTD/xhtml1-transitional.dtd">
<html xmlns="http://www.w3.org/1999/xhtml" xml:lang="en" lang="en">
 <head>
  <title>
</title>
<meta http-equiv="Content-Type" content="text/html;charset=utf-8" />
  <meta name='ocr-system' content='tesseract 3.04.00' />
  <meta name='ocr-capabilities' content='ocr_page ocr_carea ocr_par ocr_line ocrx_word'/>
</head>
<body>
  <div class='ocr_page' id='page_1' title='image "./procsdestemplie00defegoog/procsdestemplie00defegoog_0201.png"; bbox 0 0 4236 5948; ppageno 0'>
   <div class='ocr_carea' id='block_1_1' title="bbox 729 500 1758 626">
    <p class='ocr_par' dir='ltr' id='par_1_1' title="bbox 729 500 1758 626">
     <span class='ocr_line' id='line_1_1' title="bbox 729 500 1758 626; baseline 0.01 -12"><span class='ocrx_word' id='word_1_1' title='bbox 729 526 927 617; x_wconf 78' lang='lat' dir='ltr'>procas</span> <span class='ocrx_word' id='word_1_2' title='bbox 954 531 1048 616; x_wconf 80' lang='lat' dir='ltr'>nas</span> <span class='ocrx_word' id='word_1_3' title='bbox 1075 500 1372 618; x_wconf 72' lang='lat' dir='ltr'>retinemus.</span> <span class='ocrx_word' id='word_1_4' title='bbox 1688 554 1758 626; x_wconf 78' lang='lat'>179</span> 
     </span>
    </p>
   </div>
   <div class='ocr_carea' id='block_1_2' title="bbox 342 666 1773 5037">
    <p class='ocr_par' dir='ltr' id='par_1_2' title="bbox 342 666 1773 5037">
     <span class='ocr_line' id='line_1_2' title="bbox 342 666 1761 795; baseline 0.006 -34"><span class='ocrx_word' id='word_1_5' title='bbox 342 684 552 773; x_wconf 82' lang='lat' dir='ltr'>veritatem,</span> <span class='ocrx_word' id='word_1_6' title='bbox 586 666 791 761; x_wconf 88' lang='lat' dir='ltr'>secundnm</span> <span class='ocrx_word' id='word_1_7' title='bbox 815 684 973 762; x_wconf 82' lang='lat' dir='ltr'>formam</span> <span class='ocrx_word' id='word_1_8' title='bbox 997 684 1200 793; x_wconf 86' lang='lat' dir='ltr'>juramenti</span> <span class='ocrx_word' id='word_1_9' title='bbox 1226 685 1385 764; x_wconf 85' lang='lat' dir='ltr'>aliorum</span> <span class='ocrx_word' id='word_1_10' title='bbox 1412 685 1564 762; x_wconf 79' lang='lat' dir='ltr'>testlurn</span> <span class='ocrx_word' id='word_1_11' title='bbox 1589 689 1761 795; x_wconf 85' lang='lat' dir='ltr'>superius</span> 
     </span>
     <span class='ocr_line' id='line_1_3' title="bbox 342 814 1764 924; baseline 0.004 -30"><span class='ocrx_word' id='word_1_12' title='bbox 342 815 591 923; x_wconf 76' lang='lat' dir='ltr'>mgistratum,</span> <span class='ocrx_word' id='word_1_13' title='bbox 624 814 827 920; x_wconf 76' lang='lat' dir='ltr'>expositam</span> <span class='ocrx_word' id='word_1_14' title='bbox 855 832 891 892; x_wconf 86' lang='lat' dir='ltr'>et</span> <span class='ocrx_word' id='word_1_15' title='bbox 916 815 1175 924; x_wconf 70' lang='lat' dir='ltr'>vulgaritatem</span> <span class='ocrx_word' id='word_1_16' title='bbox 1204 815 1328 894; x_wconf 91' lang='lat' dir='ltr'>eidem</span> <span class='ocrx_word' id='word_1_17' title='bbox 1355 842 1366 891; x_wconf 76' lang='grc' dir='ltr'>ε·</span> <span class='ocrx_word' id='word_1_18' title='bbox 1390 832 1428 892; x_wconf 90' lang='lat' dir='ltr'>et</span> <span class='ocrx_word' id='word_1_19' title='bbox 1452 828 1528 893; x_wconf 80' lang='lat' dir='ltr'>no&#39;n</span> <span class='ocrx_word' id='word_1_20' title='bbox 1557 816 1764 900; x_wconf 82' lang='lat' dir='ltr'>deffeieba&#39;t</span> 
     </span>
     <span class='ocr_line' id='line_1_4' title="bbox 343 944 1763 1055; baseline 0.004 -32"><span class='ocrx_word' id='word_1_21' title='bbox 343 945 565 1024; x_wconf 87' lang='lat' dir='ltr'>mantellum</span> <span class='ocrx_word' id='word_1_22' title='bbox 583 944 745 1036; x_wconf 82' lang='lat' dir='ltr'><strong>ordinis,</strong></span> <span class='ocrx_word' id='word_1_23' title='bbox 764 946 852 1052; x_wconf 89' lang='lat' dir='ltr'>quia</span> <span class='ocrx_word' id='word_1_24' title='bbox 867 946 1075 1025; x_wconf 78' lang='lat' dir='ltr'>voluntarie</span> <span class='ocrx_word' id='word_1_25' title='bbox 1092 946 1215 1053; x_wconf 90' lang='lat' dir='ltr'>ipsum</span> <span class='ocrx_word' id='word_1_26' title='bbox 1232 947 1425 1024; x_wconf 76' lang='lat' dir='ltr'><strong>dimiserat</strong></span> <span class='ocrx_word' id='word_1_27' title='bbox 1442 960 1528 1052; x_wconf 79' lang='lat' dir='ltr'>post</span> <span class='ocrx_word' id='word_1_28' title='bbox 1547 950 1763 1055; x_wconf 83' lang='lat' dir='ltr'>capcionem</span> 
     </span>
     <span class='ocr_line' id='line_1_5' title="bbox 342 1074 1764 1188; baseline 0.003 -34"><span class='ocrx_word' id='word_1_29' title='bbox 342 1077 519 1166; x_wconf 88' lang='lat' dir='ltr'>aliorum,</span> <span class='ocrx_word' id='word_1_30' title='bbox 543 1091 581 1152; x_wconf 87' lang='lat' dir='ltr'>et</span> <span class='ocrx_word' id='word_1_31' title='bbox 604 1075 684 1154; x_wconf 84' lang='lat' dir='ltr'>radi</span> <span class='ocrx_word' id='word_1_32' title='bbox 705 1074 841 1155; x_wconf 86' lang='lat' dir='ltr'>fecerat</span> <span class='ocrx_word' id='word_1_33' title='bbox 861 1076 931 1154; x_wconf 87' lang='lat' dir='ltr'>sibi</span> <span class='ocrx_word' id='word_1_34' title='bbox 954 1076 1127 1166; x_wconf 83' lang='lat' dir='ltr'>barbam,</span> <span class='ocrx_word' id='word_1_35' title='bbox 1155 1093 1193 1154; x_wconf 91' lang='lat' dir='ltr'>et</span> <span class='ocrx_word' id='word_1_36' title='bbox 1211 1075 1419 1156; x_wconf 75' lang='lat' dir='ltr'>voluntarie</span> <span class='ocrx_word' id='word_1_37' title='bbox 1442 1095 1594 1156; x_wconf 85' lang='lat' dir='ltr'>venerat</span> <span class='ocrx_word' id='word_1_38' title='bbox 1613 1081 1661 1158; x_wconf 85' lang='lat' dir='ltr'>ad</span> <span class='ocrx_word' id='word_1_39' title='bbox 1679 1094 1764 1188; x_wconf 87' lang='lat' dir='ltr'>pre-</span> 
     </span>
     <span class='ocr_line' id='line_1_6' title="bbox 343 1203 1764 1314; baseline 0.001 -29"><span class='ocrx_word' id='word_1_40' title='bbox 343 1204 506 1285; x_wconf 82' lang='lat' dir='ltr'>senciam</span> <span class='ocrx_word' id='word_1_41' title='bbox 527 1203 791 1312; x_wconf 71' lang='lat' dir='ltr'>inquisitorum</span> <span class='ocrx_word' id='word_1_42' title='bbox 818 1206 996 1298; x_wconf 86' lang='lat' dir='ltr'>Parisius,</span> <span class='ocrx_word' id='word_1_43' title='bbox 1019 1222 1056 1284; x_wconf 88' lang='lat' dir='ltr'>et</span> <span class='ocrx_word' id='word_1_44' title='bbox 1076 1206 1352 1314; x_wconf 68' lang='lat' dir='ltr'>inquisiverunt</span> <span class='ocrx_word' id='word_1_45' title='bbox 1381 1226 1466 1284; x_wconf 87' lang='lat' dir='ltr'>cum</span> <span class='ocrx_word' id='word_1_46' title='bbox 1495 1234 1557 1298; x_wconf 89' lang='lat' dir='ltr'>eo,</span> <span class='ocrx_word' id='word_1_47' title='bbox 1578 1210 1647 1286; x_wconf 84' lang='lat' dir='ltr'>sed</span> <span class='ocrx_word' id='word_1_48' title='bbox 1666 1224 1764 1288; x_wconf 80' lang='lat' dir='ltr'>non·-</span> 
     </span>
     <span class='ocr_line' id='line_1_7' title="bbox 343 1335 1765 1444; baseline 0.002 -29"><span class='ocrx_word' id='word_1_49' title='bbox 343 1337 433 1415; x_wconf 91' lang='lat' dir='ltr'>dum</span> <span class='ocrx_word' id='word_1_50' title='bbox 460 1353 540 1413; x_wconf 84' lang='lat' dir='ltr'>erat</span> <span class='ocrx_word' id='word_1_51' title='bbox 566 1335 761 1414; x_wconf 87' lang='lat' dir='ltr'>absolutus</span> <span class='ocrx_word' id='word_1_52' title='bbox 784 1360 854 1415; x_wconf 86' lang='lat' dir='ltr'>nec</span> <span class='ocrx_word' id='word_1_53' title='bbox 873 1337 1133 1416; x_wconf 84' lang='lat' dir='ltr'>reconciliatus</span> <span class='ocrx_word' id='word_1_54' title='bbox 1152 1355 1220 1443; x_wconf 86' lang='lat' dir='ltr'>per</span> <span class='ocrx_word' id='word_1_55' title='bbox 1239 1337 1402 1444; x_wconf 85' lang='lat' dir='ltr'>aliquem</span> <span class='ocrx_word' id='word_1_56' title='bbox 1425 1336 1626 1443; x_wconf 78' lang='lat' dir='ltr'>prelatum,</span> <span class='ocrx_word' id='word_1_57' title='bbox 1650 1356 1765 1419; x_wconf 82' lang='lat' dir='ltr'>etesi</span> 
     </span>
     <span class='ocr_line' id='line_1_8' title="bbox 342 1465 1762 1575; baseline 0.003 -31"><span class='ocrx_word' id='word_1_58' title='bbox 342 1465 493 1575; x_wconf 90' lang='lat' dir='ltr'>triginta</span> <span class='ocrx_word' id='word_1_59' title='bbox 518 1485 703 1544; x_wconf 78' lang='lat' dir='ltr'>annonam</span> <span class='ocrx_word' id='word_1_60' title='bbox 720 1466 778 1544; x_wconf 88' lang='lat' dir='ltr'>vel</span> <span class='ocrx_word' id='word_1_61' title='bbox 798 1468 904 1544; x_wconf 85' lang='lat' dir='ltr'>circa.</span> <span class='ocrx_word' id='word_1_62' title='bbox 931 1467 1054 1544; x_wconf 82' lang='lat' dir='ltr'>Lectis¹</span> <span class='ocrx_word' id='word_1_63' title='bbox 1070 1484 1196 1544; x_wconf 84' lang='lat' dir='ltr'>autem</span> <span class='ocrx_word' id='word_1_64' title='bbox 1218 1481 1255 1544; x_wconf 86' lang='lat' dir='ltr'>et</span> <span class='ocrx_word' id='word_1_65' title='bbox 1275 1466 1476 1574; x_wconf 81' lang='lat' dir='ltr'>diligenter</span> <span class='ocrx_word' id='word_1_66' title='bbox 1496 1469 1672 1575; x_wconf 71' lang='lat' dir='ltr'>expositis</span> <span class='ocrx_word' id='word_1_67' title='bbox 1691 1466 1762 1548; x_wconf 83' lang='lat' dir='ltr'>sibi</span> 
     </span>
     <span class='ocr_line' id='line_1_9' title="bbox 344 1593 1764 1703; baseline 0.003 -29"><span class='ocrx_word' id='word_1_68' title='bbox 344 1594 520 1674; x_wconf 85' lang='lat' dir='ltr'>omnibus</span> <span class='ocrx_word' id='word_1_69' title='bbox 540 1611 578 1670; x_wconf 88' lang='lat' dir='ltr'>et</span> <span class='ocrx_word' id='word_1_70' title='bbox 597 1593 752 1702; x_wconf 81' lang='lat' dir='ltr'>singulis</span> <span class='ocrx_word' id='word_1_71' title='bbox 769 1596 949 1688; x_wconf 72' lang='lat' dir='ltr'>articulis,</span> <span class='ocrx_word' id='word_1_72' title='bbox 971 1595 1167 1703; x_wconf 84' lang='lat' dir='ltr'>respondit</span> <span class='ocrx_word' id='word_1_73' title='bbox 1181 1596 1284 1703; x_wconf 83' lang='lat' dir='ltr'>quod</span> <span class='ocrx_word' id='word_1_74' title='bbox 1303 1613 1381 1674; x_wconf 82' lang='lat' dir='ltr'>no&#39;n</span> <span class='ocrx_word' id='word_1_75' title='bbox 1401 1608 1552 1674; x_wconf 82' lang='lat' dir='ltr'>steterat</span> <span class='ocrx_word' id='word_1_76' title='bbox 1570 1597 1609 1672; x_wconf 84' lang='lat' dir='ltr'>in</span> <span class='ocrx_word' id='word_1_77' title='bbox 1629 1599 1764 1678; x_wconf 88' lang='lat' dir='ltr'>ordine</span> 
     </span>
     <span class='ocr_line' id='line_1_10' title="bbox 344 1725 1759 1833; baseline 0.003 -31"><span class='ocrx_word' id='word_1_78' title='bbox 344 1725 414 1802; x_wconf 84' lang='lat' dir='ltr'>nisi</span> <span class='ocrx_word' id='word_1_79' title='bbox 428 1748 497 1831; x_wconf 92' lang='lat' dir='ltr'>per</span> <span class='ocrx_word' id='word_1_80' title='bbox 511 1742 652 1801; x_wconf 85' lang='lat' dir='ltr'>annum</span> <span class='ocrx_word' id='word_1_81' title='bbox 674 1725 732 1801; x_wconf 88' lang='lat' dir='ltr'>vel</span> <span class='ocrx_word' id='word_1_82' title='bbox 757 1744 888 1831; x_wconf 87' lang='lat' dir='ltr'>parum</span> <span class='ocrx_word' id='word_1_83' title='bbox 904 1725 1007 1833; x_wconf 86' lang='lat' dir='ltr'>plus,</span> <span class='ocrx_word' id='word_1_84' title='bbox 1024 1750 1093 1803; x_wconf 93' lang='lat' dir='ltr'>nec</span> <span class='ocrx_word' id='word_1_85' title='bbox 1106 1726 1249 1803; x_wconf 83' lang='lat' dir='ltr'>viderat</span> <span class='ocrx_word' id='word_1_86' title='bbox 1264 1725 1377 1832; x_wconf 88' lang='lat' dir='ltr'>recipi</span> <span class='ocrx_word' id='word_1_87' title='bbox 1398 1726 1469 1803; x_wconf 89' lang='lat' dir='ltr'>nisi</span> <span class='ocrx_word' id='word_1_88' title='bbox 1488 1742 1608 1804; x_wconf 84' lang='lat' dir='ltr'>unum</span> <span class='ocrx_word' id='word_1_89' title='bbox 1625 1727 1759 1818; x_wconf 86' lang='lat' dir='ltr'>alium,</span> 
     </span>
     <span class='ocr_line' id='line_1_11' title="bbox 344 1852 1761 1948; baseline 0.001 -16"><span class='ocrx_word' id='word_1_90' title='bbox 344 1856 446 1933; x_wconf 83' lang='lat' dir='ltr'>unde</span> <span class='ocrx_word' id='word_1_91' title='bbox 471 1852 678 1945; x_wconf 71' lang='lat' dir='ltr'>nesciebat,</span> <span class='ocrx_word' id='word_1_92' title='bbox 707 1876 776 1932; x_wconf 88' lang='lat' dir='ltr'>nec</span> <span class='ocrx_word' id='word_1_93' title='bbox 802 1855 995 1948; x_wconf 84' lang='lat' dir='ltr'>credebat,</span> <span class='ocrx_word' id='word_1_94' title='bbox 1024 1885 1094 1933; x_wconf 92' lang='lat' dir='ltr'>nec</span> <span class='ocrx_word' id='word_1_95' title='bbox 1121 1854 1312 1934; x_wconf 83' lang='lat' dir='ltr'>audiverat</span> <span class='ocrx_word' id='word_1_96' title='bbox 1337 1854 1411 1932; x_wconf 91' lang='lat' dir='ltr'>dici</span> <span class='ocrx_word' id='word_1_97' title='bbox 1438 1856 1486 1932; x_wconf 87' lang='lat' dir='ltr'>de</span> <span class='ocrx_word' id='word_1_98' title='bbox 1514 1858 1700 1934; x_wconf 87' lang='lat' dir='ltr'>contentis</span> <span class='ocrx_word' id='word_1_99' title='bbox 1721 1858 1761 1934; x_wconf 90' lang='lat' dir='ltr'>in</span> 
     </span>
     <span class='ocr_line' id='line_1_12' title="bbox 344 1983 1762 2093; baseline 0.002 -33"><span class='ocrx_word' id='word_1_100' title='bbox 344 1984 434 2092; x_wconf 84' lang='lat' dir='ltr'>ipsis</span> <span class='ocrx_word' id='word_1_101' title='bbox 453 1983 617 2060; x_wconf 80' lang='lat' dir='ltr'>articulis</span> <span class='ocrx_word' id='word_1_102' title='bbox 636 1983 707 2060; x_wconf 87' lang='lat' dir='ltr'>nisi</span> <span class='ocrx_word' id='word_1_103' title='bbox 725 1985 830 2093; x_wconf 86' lang='lat' dir='ltr'>quod</span> <span class='ocrx_word' id='word_1_104' title='bbox 855 1986 1046 2093; x_wconf 79' lang='lat' dir='ltr'>sequitur!</span> <span class='ocrx_word' id='word_1_105' title='bbox 1066 1984 1169 2063; x_wconf 82' lang='lat' dir='ltr'>Dixit</span> <span class='ocrx_word' id='word_1_106' title='bbox 1193 1986 1295 2062; x_wconf 89' lang='lat' dir='ltr'>enim</span> <span class='ocrx_word' id='word_1_107' title='bbox 1318 2002 1358 2062; x_wconf 85' lang='lat' dir='ltr'>s&#39;e</span> <span class='ocrx_word' id='word_1_108' title='bbox 1378 1983 1491 2063; x_wconf 84' lang='lat' dir='ltr'>luisse</span> <span class='ocrx_word' id='word_1_109' title='bbox 1509 2000 1702 2093; x_wconf 79' lang='lat' dir='ltr'>receptum</span> <span class='ocrx_word' id='word_1_110' title='bbox 1723 1987 1762 2063; x_wconf 88' lang='lat' dir='ltr'>ln</span> 
     </span>
     <span class='ocr_line' id='line_1_13' title="bbox 344 2104 1769 2222; baseline 0.004 -33"><span class='ocrx_word' id='word_1_111' title='bbox 344 2114 496 2191; x_wconf 82' lang='lat' dir='ltr'>instanti</span> <span class='ocrx_word' id='word_1_112' title='bbox 516 2111 612 2190; x_wconf 83' lang='lat' dir='ltr'>festo</span> <span class='ocrx_word' id='word_1_113' title='bbox 629 2112 907 2222; x_wconf 75' lang='lat' dir='ltr'>Assumptionls</span> <span class='ocrx_word' id='word_1_114' title='bbox 920 2116 1029 2195; x_wconf 86' lang='lat' dir='ltr'>beate</span> <span class='ocrx_word' id='word_1_115' title='bbox 1043 2117 1162 2194; x_wconf 83' lang='lat' dir='ltr'>Marie</span> <span class='ocrx_word' id='word_1_116' title='bbox 1179 2131 1290 2193; x_wconf 84' lang='lat' dir='ltr'>eruut</span> <span class='ocrx_word' id='word_1_117' title='bbox 1305 2115 1474 2222; x_wconf 81' lang='lat' dir='ltr'>quinque</span> <span class='ocrx_word' id='word_1_118' title='bbox 1487 2104 1594 2203; x_wconf 77' lang='lat' dir='ltr'>anni,</span> <span class='ocrx_word' id='word_1_119' title='bbox 1612 2142 1680 2222; x_wconf 86' lang='lat' dir='ltr'>per</span> <span class='ocrx_word' id='word_1_120' title='bbox 1693 2115 1769 2194; x_wconf 80' lang='lat' dir='ltr'>fra-</span> 
     </span>
     <span class='ocr_line' id='line_1_14' title="bbox 343 2240 1768 2352; baseline 0.004 -33"><span class='ocrx_word' id='word_1_121' title='bbox 343 2259 440 2320; x_wconf 81' lang='lat' dir='ltr'>trem</span> <span class='ocrx_word' id='word_1_122' title='bbox 455 2243 707 2320; x_wconf 76' lang='lat' dir='ltr'>trumbertum</span> <span class='ocrx_word' id='word_1_123' title='bbox 725 2245 773 2322; x_wconf 85' lang='lat' dir='ltr'>de</span> <span class='ocrx_word' id='word_1_124' title='bbox 793 2245 985 2324; x_wconf 77' lang='lat' dir='ltr'>corbonis</span> <span class='ocrx_word' id='word_1_125' title='bbox 999 2240 1164 2323; x_wconf 80' lang='lat' dir='ltr'>militem</span> <span class='ocrx_word' id='word_1_126' title='bbox 1181 2244 1392 2352; x_wconf 64' lang='lat' dir='ltr'>mundam,</span> <span class='ocrx_word' id='word_1_127' title='bbox 1413 2246 1453 2320; x_wconf 83' lang='lat' dir='ltr'>in</span> <span class='ocrx_word' id='word_1_128' title='bbox 1468 2243 1609 2351; x_wconf 76' lang='lat' dir='ltr'>capella</span> <span class='ocrx_word' id='word_1_129' title='bbox 1629 2246 1768 2324; x_wconf 83' lang='lat' dir='ltr'>domus</span> 
     </span>
     <span class='ocr_line' id='line_1_15' title="bbox 345 2372 1766 2483; baseline 0.002 -33"><span class='ocrx_word' id='word_1_130' title='bbox 345 2372 496 2481; x_wconf 83' lang='lat' dir='ltr'>Templi</span> <span class='ocrx_word' id='word_1_131' title='bbox 522 2374 570 2452; x_wconf 91' lang='lat' dir='ltr'>de</span> <span class='ocrx_word' id='word_1_132' title='bbox 591 2375 744 2452; x_wconf 81' lang='lat' dir='ltr'>Foresta</span> <span class='ocrx_word' id='word_1_133' title='bbox 771 2375 1045 2453; x_wconf 81' lang='lat' dir='ltr'>Lemovicensis</span> <span class='ocrx_word' id='word_1_134' title='bbox 1071 2375 1248 2467; x_wconf 86' lang='lat' dir='ltr'>diocesis,</span> <span class='ocrx_word' id='word_1_135' title='bbox 1270 2373 1508 2482; x_wconf 80' lang='lat' dir='ltr'>presentibus</span> <span class='ocrx_word' id='word_1_136' title='bbox 1534 2375 1692 2483; x_wconf 90' lang='lat' dir='ltr'>Hugone</span> <span class='ocrx_word' id='word_1_137' title='bbox 1716 2375 1766 2453; x_wconf 81' lang='lat' dir='ltr'>de</span> 
     </span>
     <span class='ocr_line' id='line_1_16' title="bbox 345 2498 1763 2612; baseline -0.001 -30"><span class='ocrx_word' id='word_1_138' title='bbox 345 2498 433 2582; x_wconf 74' lang='lat' dir='ltr'>Lata</span> <span class='ocrx_word' id='word_1_139' title='bbox 456 2505 564 2580; x_wconf 76' lang='lat' dir='ltr'>Petra</span> <span class='ocrx_word' id='word_1_140' title='bbox 590 2503 793 2596; x_wconf 73' lang='lat' dir='ltr'>serviente,</span> <span class='ocrx_word' id='word_1_141' title='bbox 818 2498 884 2610; x_wconf 76' lang='lat' dir='ltr'>qui</span> <span class='ocrx_word' id='word_1_142' title='bbox 912 2505 1083 2612; x_wconf 76' lang='lat' dir='ltr'>aoiiirgit,</span> <span class='ocrx_word' id='word_1_143' title='bbox 1106 2505 1312 2582; x_wconf 74' lang='lat' dir='ltr'>bertrando</span> <span class='ocrx_word' id='word_1_144' title='bbox 1339 2505 1386 2582; x_wconf 84' lang='lat' dir='ltr'>de</span> <span class='ocrx_word' id='word_1_145' title='bbox 1406 2503 1606 2582; x_wconf 77' lang='lat' dir='ltr'>Vasslnhac</span> <span class='ocrx_word' id='word_1_146' title='bbox 1625 2505 1763 2593; x_wconf 75' lang='lat' dir='ltr'>milite,</span> 
     </span>
     <span class='ocr_line' id='line_1_17' title="bbox 345 2623 1766 2741; baseline 0.001 -32"><span class='ocrx_word' id='word_1_147' title='bbox 345 2632 407 2741; x_wconf 84' lang='lat' dir='ltr'>qui</span> <span class='ocrx_word' id='word_1_148' title='bbox 435 2630 700 2721; x_wconf 73' lang='lat' dir='ltr'>transfretavit,</span> <span class='ocrx_word' id='word_1_149' title='bbox 721 2633 925 2712; x_wconf 85' lang='lat' dir='ltr'>Vinceneio</span> <span class='ocrx_word' id='word_1_150' title='bbox 946 2623 1155 2741; x_wconf 72' lang='lat' dir='ltr'>presbitero</span> <span class='ocrx_word' id='word_1_151' title='bbox 1180 2634 1389 2741; x_wconf 89' lang='lat' dir='ltr'>quondam,</span> <span class='ocrx_word' id='word_1_152' title='bbox 1417 2633 1525 2740; x_wconf 84' lang='lat' dir='ltr'>cujus</span> <span class='ocrx_word' id='word_1_153' title='bbox 1553 2650 1766 2740; x_wconf 82' lang='lat' dir='ltr'>cognomen</span> 
     </span>
     <span class='ocr_line' id='line_1_18' title="bbox 344 2754 1768 2874; baseline 0.003 -35"><span class='ocrx_word' id='word_1_154' title='bbox 344 2761 512 2872; x_wconf 80' lang='lat' dir='ltr'>ignorat,</span> <span class='ocrx_word' id='word_1_155' title='bbox 543 2779 581 2840; x_wconf 85' lang='lat' dir='ltr'>et</span> <span class='ocrx_word' id='word_1_156' title='bbox 606 2760 835 2843; x_wconf 83' lang='lat' dir='ltr'>Humbande</span> <span class='ocrx_word' id='word_1_157' title='bbox 861 2754 900 2842; x_wconf 90' lang='lat' dir='ltr'>lo</span> <span class='ocrx_word' id='word_1_158' title='bbox 927 2767 1109 2874; x_wconf 77' lang='lat' dir='ltr'>berroyer</span> <span class='ocrx_word' id='word_1_159' title='bbox 1132 2766 1333 2852; x_wconf 75' lang='lat' dir='ltr'>serviente,</span> <span class='ocrx_word' id='word_1_160' title='bbox 1356 2763 1567 2853; x_wconf 79' lang='lat' dir='ltr'>dellunc&#39;to,</span> <span class='ocrx_word' id='word_1_161' title='bbox 1595 2765 1636 2841; x_wconf 92' lang='lat' dir='ltr'>in</span> <span class='ocrx_word' id='word_1_162' title='bbox 1663 2766 1768 2843; x_wconf 74' lang='lat' dir='ltr'>buna</span> 
     </span>
     <span class='ocr_line' id='line_1_19' title="bbox 346 2886 1763 3004; baseline 0.001 -34"><span class='ocrx_word' id='word_1_163' title='bbox 346 2895 500 2973; x_wconf 84' lang='lat' dir='ltr'>modum</span> <span class='ocrx_word' id='word_1_164' title='bbox 523 2925 532 2971; x_wconf 69' lang='grc' dir='ltr'><strong><em>ι</em></strong></span> <span class='ocrx_word' id='word_1_165' title='bbox 552 2914 640 2971; x_wconf 80' lang='lat' dir='ltr'>nam</span> <span class='ocrx_word' id='word_1_166' title='bbox 667 2886 972 3002; x_wconf 71' lang='lat' dir='ltr'>comperiisset,</span> <span class='ocrx_word' id='word_1_167' title='bbox 997 2910 1110 3004; x_wconf 82' lang='lat' dir='ltr'>prout</span> <span class='ocrx_word' id='word_1_168' title='bbox 1137 2896 1342 2971; x_wconf 79' lang='lat' dir='ltr'>instructus</span> <span class='ocrx_word' id='word_1_169' title='bbox 1368 2893 1504 2983; x_wconf 75' lang='lat' dir='ltr'>fuerat,</span> <span class='ocrx_word' id='word_1_170' title='bbox 1532 2891 1763 2971; x_wconf 78' lang='lat' dir='ltr'>beneficium</span> 
     </span>
     <span class='ocr_line' id='line_1_20' title="bbox 347 3023 1766 3131; baseline -0.001 -29"><span class='ocrx_word' id='word_1_171' title='bbox 347 3024 508 3113; x_wconf 81' lang='lat' dir='ltr'>ordinis,</span> <span class='ocrx_word' id='word_1_172' title='bbox 531 3039 569 3102; x_wconf 81' lang='lat' dir='ltr'>et</span> <span class='ocrx_word' id='word_1_173' title='bbox 589 3023 623 3101; x_wconf 84' lang='lat' dir='ltr'>ei</span> <span class='ocrx_word' id='word_1_174' title='bbox 644 3044 861 3102; x_wconf 82' lang='lat' dir='ltr'>concessum·</span> <span class='ocrx_word' id='word_1_175' title='bbox 881 3023 1028 3114; x_wconf 80' lang='lat' dir='ltr'>fuisset,</span> <span class='ocrx_word' id='word_1_176' title='bbox 1049 3023 1221 3103; x_wconf 82' lang='lat' dir='ltr'>fecerunt</span> <span class='ocrx_word' id='word_1_177' title='bbox 1241 3043 1329 3100; x_wconf 83' lang='lat' dir='ltr'>eum</span> <span class='ocrx_word' id='word_1_178' title='bbox 1349 3038 1482 3100; x_wconf 76' lang='lat' dir='ltr'>vevere</span> <span class='ocrx_word' id='word_1_179' title='bbox 1503 3023 1683 3131; x_wconf 70' lang='lat' dir='ltr'>ejurare</span> <span class='ocrx_word' id='word_1_180' title='bbox 1703 3049 1766 3101; x_wconf 86' lang='lat' dir='ltr'>su-</span> 
     </span>
     <span class='ocr_line' id='line_1_21' title="bbox 345 3151 1767 3265; baseline 0 -35"><span class='ocrx_word' id='word_1_181' title='bbox 345 3172 414 3260; x_wconf 88' lang='lat' dir='ltr'>per</span> <span class='ocrx_word' id='word_1_182' title='bbox 436 3153 640 3260; x_wconf 85' lang='lat' dir='ltr'>quemdam</span> <span class='ocrx_word' id='word_1_183' title='bbox 659 3152 800 3231; x_wconf 83' lang='lat' dir='ltr'>librum</span> <span class='ocrx_word' id='word_1_184' title='bbox 819 3169 1006 3261; x_wconf 87' lang='lat' dir='ltr'>apertum,</span> <span class='ocrx_word' id='word_1_185' title='bbox 1034 3155 1072 3230; x_wconf 91' lang='lat' dir='ltr'>in</span> <span class='ocrx_word' id='word_1_186' title='bbox 1098 3183 1174 3265; x_wconf 89' lang='lat' dir='ltr'>quo</span> <span class='ocrx_word' id='word_1_187' title='bbox 1195 3170 1274 3231; x_wconf 89' lang='lat' dir='ltr'>erat</span> <span class='ocrx_word' id='word_1_188' title='bbox 1291 3178 1425 3262; x_wconf 81' lang='lat' dir='ltr'>ymago</span> <span class='ocrx_word' id='word_1_189' title='bbox 1444 3151 1636 3242; x_wconf 76' lang='lat' dir='ltr'>Crucilinl,</span> <span class='ocrx_word' id='word_1_190' title='bbox 1658 3155 1767 3230; x_wconf 82' lang='lat' dir='ltr'>easti-</span> 
     </span>
     <span class='ocr_line' id='line_1_22' title="bbox 346 3283 1767 3391; baseline 0.002 -33"><span class='ocrx_word' id='word_1_191' title='bbox 346 3298 480 3373; x_wconf 85' lang='lat' dir='ltr'>tatem,</span> <span class='ocrx_word' id='word_1_192' title='bbox 507 3283 785 3373; x_wconf 80' lang='lat' dir='ltr'>obedienciam,</span> <span class='ocrx_word' id='word_1_193' title='bbox 812 3299 850 3360; x_wconf 80' lang='lat' dir='ltr'>et</span> <span class='ocrx_word' id='word_1_194' title='bbox 868 3284 991 3362; x_wconf 87' lang='lat' dir='ltr'>vivere</span> <span class='ocrx_word' id='word_1_195' title='bbox 1011 3285 1091 3361; x_wconf 87' lang='lat' dir='ltr'>sine</span> <span class='ocrx_word' id='word_1_196' title='bbox 1110 3284 1281 3390; x_wconf 90' lang='lat' dir='ltr'>proprio,</span> <span class='ocrx_word' id='word_1_197' title='bbox 1305 3300 1342 3361; x_wconf 90' lang='lat' dir='ltr'>et</span> <span class='ocrx_word' id='word_1_198' title='bbox 1360 3283 1463 3391; x_wconf 90' lang='lat' dir='ltr'>quod</span> <span class='ocrx_word' id='word_1_199' title='bbox 1484 3299 1561 3361; x_wconf 77' lang='lat' dir='ltr'>non</span> <span class='ocrx_word' id='word_1_200' title='bbox 1585 3283 1767 3362; x_wconf 74' lang='lat' dir='ltr'>revelaret</span> 
     </span>
     <span class='ocr_line' id='line_1_23' title="bbox 345 3406 1769 3522; baseline 0.001 -33"><span class='ocrx_word' id='word_1_201' title='bbox 345 3429 484 3490; x_wconf 87' lang='lat' dir='ltr'>secreta</span> <span class='ocrx_word' id='word_1_202' title='bbox 503 3406 785 3521; x_wconf 72' lang='lat' dir='ltr'>capituliorum3</span> <span class='ocrx_word' id='word_1_203' title='bbox 808 3428 845 3490; x_wconf 89' lang='lat' dir='ltr'>et</span> <span class='ocrx_word' id='word_1_204' title='bbox 862 3413 1040 3521; x_wconf 78' lang='lat' dir='ltr'>imposita</span> <span class='ocrx_word' id='word_1_205' title='bbox 1065 3414 1135 3492; x_wconf 91' lang='lat' dir='ltr'>sibi</span> <span class='ocrx_word' id='word_1_206' title='bbox 1158 3434 1226 3521; x_wconf 87' lang='lat' dir='ltr'>per</span> <span class='ocrx_word' id='word_1_207' title='bbox 1250 3414 1393 3491; x_wconf 87' lang='lat' dir='ltr'>dictum</span> <span class='ocrx_word' id='word_1_208' title='bbox 1412 3407 1648 3522; x_wconf 76' lang='lat' dir='ltr'>receptorem</span> <span class='ocrx_word' id='word_1_209' title='bbox 1665 3430 1769 3491; x_wconf 65' lang='lat' dir='ltr'>mam</span> 
     </span>
     <span class='ocr_line' id='line_1_24' title="bbox 346 3540 1768 3650; baseline 0 -29"><span class='ocrx_word' id='word_1_210' title='bbox 346 3540 449 3631; x_wconf 78' lang='lat' dir='ltr'>utto,</span> <span class='ocrx_word' id='word_1_211' title='bbox 468 3542 549 3649; x_wconf 82' lang='lat' dir='ltr'>ipse</span> <span class='ocrx_word' id='word_1_212' title='bbox 566 3557 739 3648; x_wconf 76' lang='lat' dir='ltr'>receptor</span> <span class='ocrx_word' id='word_1_213' title='bbox 756 3543 870 3649; x_wconf 85' lang='lat' dir='ltr'>peciit</span> <span class='ocrx_word' id='word_1_214' title='bbox 889 3543 935 3620; x_wconf 89' lang='lat' dir='ltr'>ab</span> <span class='ocrx_word' id='word_1_215' title='bbox 956 3572 1001 3621; x_wconf 86' lang='lat' dir='ltr'>eo</span> <span class='ocrx_word' id='word_1_216' title='bbox 1021 3545 1051 3620; x_wconf 89' lang='lat' dir='ltr'>si</span> <span class='ocrx_word' id='word_1_217' title='bbox 1072 3544 1248 3621; x_wconf 80' lang='lat' dir='ltr'>credebat</span> <span class='ocrx_word' id='word_1_218' title='bbox 1266 3544 1306 3620; x_wconf 87' lang='lat' dir='ltr'>in</span> <span class='ocrx_word' id='word_1_219' title='bbox 1327 3543 1433 3621; x_wconf 89' lang='lat' dir='ltr'>illum</span> <span class='ocrx_word' id='word_1_220' title='bbox 1456 3544 1522 3650; x_wconf 84' lang='lat' dir='ltr'>qui</span> <span class='ocrx_word' id='word_1_221' title='bbox 1540 3559 1768 3649; x_wconf 83' lang='lat' dir='ltr'>representa·</span> 
     </span>
     <span class='ocr_line' id='line_1_25' title="bbox 345 3670 1765 3782; baseline 0.001 -34"><span class='ocrx_word' id='word_1_222' title='bbox 345 3670 455 3748; x_wconf 75' lang='lat' dir='ltr'>batur</span> <span class='ocrx_word' id='word_1_223' title='bbox 477 3692 546 3778; x_wconf 87' lang='lat' dir='ltr'>per</span> <span class='ocrx_word' id='word_1_224' title='bbox 570 3670 709 3749; x_wconf 83' lang='lat' dir='ltr'>dictam</span> <span class='ocrx_word' id='word_1_225' title='bbox 734 3674 946 3782; x_wconf 77' lang='lat' dir='ltr'>ymaginem</span> <span class='ocrx_word' id='word_1_226' title='bbox 975 3673 1151 3753; x_wconf 81' lang='lat' dir='ltr'>Crucifixi</span> <span class='ocrx_word' id='word_1_227' title='bbox 1168 3707 1177 3750; x_wconf 78' lang='grc' dir='ltr'><strong><em>ε</em></strong></span> <span class='ocrx_word' id='word_1_228' title='bbox 1197 3700 1274 3780; x_wconf 92' lang='lat' dir='ltr'>quo</span> <span class='ocrx_word' id='word_1_229' title='bbox 1294 3674 1546 3780; x_wconf 84' lang='lat' dir='ltr'>respondente</span> <span class='ocrx_word' id='word_1_230' title='bbox 1567 3674 1671 3780; x_wconf 81' lang='lat' dir='ltr'>qaod</span> <span class='ocrx_word' id='word_1_231' title='bbox 1695 3674 1765 3765; x_wconf 85' lang='lat' dir='ltr'>sic,</span> 
     </span>
     <span class='ocr_line' id='line_1_26' title="bbox 348 3799 1770 3910; baseline 0.001 -32"><span class='ocrx_word' id='word_1_232' title='bbox 348 3799 442 3878; x_wconf 85' lang='lat' dir='ltr'>dixit</span> <span class='ocrx_word' id='word_1_233' title='bbox 461 3801 494 3877; x_wconf 85' lang='lat' dir='ltr'>ei</span> <span class='ocrx_word' id='word_1_234' title='bbox 514 3802 619 3909; x_wconf 75' lang='lat' dir='ltr'>qarod</span> <span class='ocrx_word' id='word_1_235' title='bbox 637 3821 714 3880; x_wconf 88' lang='lat' dir='ltr'>non</span> <span class='ocrx_word' id='word_1_236' title='bbox 738 3801 908 3879; x_wconf 88' lang='lat' dir='ltr'>crederet</span> <span class='ocrx_word' id='word_1_237' title='bbox 927 3804 966 3878; x_wconf 93' lang='lat' dir='ltr'>in</span> <span class='ocrx_word' id='word_1_238' title='bbox 987 3831 1093 3892; x_wconf 87' lang='lat' dir='ltr'>eum,</span> <span class='ocrx_word' id='word_1_239' title='bbox 1117 3821 1153 3881; x_wconf 89' lang='lat' dir='ltr'>et</span> <span class='ocrx_word' id='word_1_240' title='bbox 1175 3803 1341 3910; x_wconf 85' lang='lat' dir='ltr'>precepit</span> <span class='ocrx_word' id='word_1_241' title='bbox 1360 3803 1466 3908; x_wconf 90' lang='lat' dir='ltr'>quod</span> <span class='ocrx_word' id='word_1_242' title='bbox 1485 3819 1637 3910; x_wconf 86' lang='lat' dir='ltr'>spueret</span> <span class='ocrx_word' id='word_1_243' title='bbox 1656 3824 1770 3910; x_wconf 89' lang='lat' dir='ltr'>super</span> 
     </span>
     <span class='ocr_line' id='line_1_27' title="bbox 347 3930 1769 4042; baseline 0.002 -34"><span class='ocrx_word' id='word_1_244' title='bbox 347 3930 485 4010; x_wconf 81' lang='lat' dir='ltr'>dictant</span> <span class='ocrx_word' id='word_1_245' title='bbox 504 3933 732 4042; x_wconf 63' lang='lat' dir='ltr'>ymaginem}</span> <span class='ocrx_word' id='word_1_246' title='bbox 753 3933 888 4039; x_wconf 87' lang='lat' dir='ltr'>etipse</span> <span class='ocrx_word' id='word_1_247' title='bbox 907 3935 1027 4022; x_wconf 87' lang='lat' dir='ltr'>testis,</span> <span class='ocrx_word' id='word_1_248' title='bbox 1047 3933 1152 4011; x_wconf 88' lang='lat' dir='ltr'>valde</span> <span class='ocrx_word' id='word_1_249' title='bbox 1174 3932 1400 4041; x_wconf 82' lang='lat' dir='ltr'>stupefactus</span> <span class='ocrx_word' id='word_1_250' title='bbox 1416 3949 1453 4009; x_wconf 91' lang='lat' dir='ltr'>et</span> <span class='ocrx_word' id='word_1_251' title='bbox 1467 3933 1650 4019; x_wconf 81' lang='lat' dir='ltr'>turbatus,</span> <span class='ocrx_word' id='word_1_252' title='bbox 1668 3936 1769 4039; x_wconf 77' lang='lat' dir='ltr'>spuit</span> 
     </span>
     <span class='ocr_line' id='line_1_28' title="bbox 348 4062 1765 4171; baseline 0 -33"><span class='ocrx_word' id='word_1_253' title='bbox 348 4086 460 4169; x_wconf 82' lang='lat' dir='ltr'>super</span> <span class='ocrx_word' id='word_1_254' title='bbox 488 4062 630 4140; x_wconf 83' lang='lat' dir='ltr'>dictum</span> <span class='ocrx_word' id='word_1_255' title='bbox 661 4062 821 4153; x_wconf 89' lang='lat' dir='ltr'>librum,</span> <span class='ocrx_word' id='word_1_256' title='bbox 852 4063 981 4140; x_wconf 83' lang='lat' dir='ltr'>dicens</span> <span class='ocrx_word' id='word_1_257' title='bbox 1009 4064 1113 4171; x_wconf 91' lang='lat' dir='ltr'>quod</span> <span class='ocrx_word' id='word_1_258' title='bbox 1140 4081 1230 4140; x_wconf 85' lang='lat' dir='ltr'>tunc</span> <span class='ocrx_word' id='word_1_259' title='bbox 1255 4065 1366 4140; x_wconf 89' lang='lat' dir='ltr'>vellet</span> <span class='ocrx_word' id='word_1_260' title='bbox 1391 4064 1557 4139; x_wconf 84' lang='lat' dir='ltr'>amisisse</span> <span class='ocrx_word' id='word_1_261' title='bbox 1583 4081 1765 4168; x_wconf 79' lang='lat' dir='ltr'>pugnum.</span> 
     </span>
     <span class='ocr_line' id='line_1_29' title="bbox 347 4191 1769 4301; baseline 0 -31"><span class='ocrx_word' id='word_1_262' title='bbox 347 4191 494 4270; x_wconf 79' lang='lat' dir='ltr'>Deinde</span> <span class='ocrx_word' id='word_1_263' title='bbox 515 4192 608 4270; x_wconf 84' lang='lat' dir='ltr'>dixit</span> <span class='ocrx_word' id='word_1_264' title='bbox 627 4194 664 4270; x_wconf 84' lang='lat' dir='ltr'>ei</span> <span class='ocrx_word' id='word_1_265' title='bbox 682 4193 787 4300; x_wconf 73' lang='lat' dir='ltr'>qood</span> <span class='ocrx_word' id='word_1_266' title='bbox 804 4220 894 4280; x_wconf 50' lang='lat' dir='ltr'>,cum</span> <span class='ocrx_word' id='word_1_267' title='bbox 918 4192 1093 4270; x_wconf 83' lang='lat' dir='ltr'>fratribus</span> <span class='ocrx_word' id='word_1_268' title='bbox 1119 4194 1262 4271; x_wconf 88' lang='lat' dir='ltr'>ordinis</span> <span class='ocrx_word' id='word_1_269' title='bbox 1280 4210 1426 4301; x_wconf 86' lang='lat' dir='ltr'>poterat</span> <span class='ocrx_word' id='word_1_270' title='bbox 1451 4191 1647 4269; x_wconf 83' lang='lat' dir='ltr'>carnaliter</span> <span class='ocrx_word' id='word_1_271' title='bbox 1665 4208 1769 4270; x_wconf 54' lang='lat' dir='ltr'>cem*</span> 
     </span>
     <span class='ocr_line' id='line_1_30' title="bbox 348 4312 1770 4430; baseline 0.001 -33"><span class='ocrx_word' id='word_1_272' title='bbox 348 4322 494 4399; x_wconf 80' lang='lat' dir='ltr'>misceri</span> <span class='ocrx_word' id='word_1_273' title='bbox 522 4338 560 4399; x_wconf 90' lang='lat' dir='ltr'>et</span> <span class='ocrx_word' id='word_1_274' title='bbox 586 4323 656 4430; x_wconf 89' lang='lat' dir='ltr'>ipsi</span> <span class='ocrx_word' id='word_1_275' title='bbox 680 4345 767 4399; x_wconf 86' lang='lat' dir='ltr'>cnm</span> <span class='ocrx_word' id='word_1_276' title='bbox 796 4348 860 4413; x_wconf 71' lang='grc' dir='ltr'>θος</span> <span class='ocrx_word' id='word_1_277' title='bbox 889 4325 963 4401; x_wconf 88' lang='lat' dir='ltr'>hoe</span> <span class='ocrx_word' id='word_1_278' title='bbox 988 4340 1115 4400; x_wconf 87' lang='lat' dir='ltr'>tamen</span> <span class='ocrx_word' id='word_1_279' title='bbox 1142 4351 1218 4400; x_wconf 91' lang='lat' dir='ltr'>non</span> <span class='ocrx_word' id='word_1_280' title='bbox 1243 4323 1348 4415; x_wconf 86' lang='lat' dir='ltr'>lecit,</span> <span class='ocrx_word' id='word_1_281' title='bbox 1370 4344 1439 4400; x_wconf 89' lang='lat' dir='ltr'>nec</span> <span class='ocrx_word' id='word_1_282' title='bbox 1458 4322 1578 4400; x_wconf 83' lang='lat' dir='ltr'>eredit</span> <span class='ocrx_word' id='word_1_283' title='bbox 1596 4312 1702 4428; x_wconf 77' lang='lat' dir='ltr'>(faed</span> <span class='ocrx_word' id='word_1_284' title='bbox 1725 4322 1770 4398; x_wconf 76' lang='lat' dir='ltr'>in</span> 
     </span>
     <span class='ocr_line' id='line_1_31' title="bbox 347 4450 1773 4559; baseline 0.001 -32"><span class='ocrx_word' id='word_1_285' title='bbox 347 4451 481 4528; x_wconf 87' lang='lat' dir='ltr'>ordine</span> <span class='ocrx_word' id='word_1_286' title='bbox 502 4451 803 4530; x_wconf 85' lang='lat' dir='ltr'>committeretur</span> <span class='ocrx_word' id='word_1_287' title='bbox 821 4451 963 4530; x_wconf 86' lang='lat' dir='ltr'>dictum</span> <span class='ocrx_word' id='word_1_288' title='bbox 983 4469 1174 4559; x_wconf 89' lang='lat' dir='ltr'>peceatum</span> <span class='ocrx_word' id='word_1_289' title='bbox 1195 4452 1473 4531; x_wconf 86' lang='lat' dir='ltr'>sodomiticum.</span> <span class='ocrx_word' id='word_1_290' title='bbox 1495 4453 1583 4528; x_wconf 77' lang='lat' dir='ltr'>Post</span> <span class='ocrx_word' id='word_1_291' title='bbox 1610 4468 1691 4557; x_wconf 56' lang='lat' dir='ltr'>que*</span> <span class='ocrx_word' id='word_1_292' title='bbox 1712 4450 1773 4528; x_wconf 59' lang='lat' dir='ltr'>diz-</span> 
     </span>
     <span class='ocr_line' id='line_1_32' title="bbox 347 4571 1769 4688; baseline 0.001 -31"><span class='ocrx_word' id='word_1_293' title='bbox 347 4597 427 4658; x_wconf 72' lang='lat' dir='ltr'>ctas</span> <span class='ocrx_word' id='word_1_294' title='bbox 438 4598 611 4688; x_wconf 85' lang='lat' dir='ltr'>receptor</span> <span class='ocrx_word' id='word_1_295' title='bbox 624 4598 663 4659; x_wconf 88' lang='lat' dir='ltr'>et</span> <span class='ocrx_word' id='word_1_296' title='bbox 676 4580 806 4658; x_wconf 78' lang='lat' dir='ltr'>fratres</span> <span class='ocrx_word' id='word_1_297' title='bbox 819 4599 980 4660; x_wconf 68' lang='lat' dir='ltr'>amantea</span> <span class='ocrx_word' id='word_1_298' title='bbox 994 4581 1145 4659; x_wconf 85' lang='lat' dir='ltr'>luerunt</span> <span class='ocrx_word' id='word_1_299' title='bbox 1161 4604 1249 4658; x_wconf 82' lang='lat' dir='ltr'>eunt</span> <span class='ocrx_word' id='word_1_300' title='bbox 1265 4580 1420 4660; x_wconf 75' lang='lat' dir='ltr'>osculati</span> <span class='ocrx_word' id='word_1_301' title='bbox 1440 4581 1478 4656; x_wconf 91' lang='lat' dir='ltr'>in</span> <span class='ocrx_word' id='word_1_302' title='bbox 1493 4599 1577 4673; x_wconf 87' lang='lat' dir='ltr'>ore,</span> <span class='ocrx_word' id='word_1_303' title='bbox 1595 4597 1632 4657; x_wconf 83' lang='lat' dir='ltr'>et</span> <span class='ocrx_word' id='word_1_304' title='bbox 1646 4571 1769 4658; x_wconf 82' lang='lat' dir='ltr'>eredit</span> 
     </span>
     <span class='ocr_line' id='line_1_33' title="bbox 348 4710 1771 4818; baseline -0.001 -28"><span class='ocrx_word' id='word_1_305' title='bbox 348 4712 451 4818; x_wconf 87' lang='lat' dir='ltr'>quod</span> <span class='ocrx_word' id='word_1_306' title='bbox 469 4712 565 4790; x_wconf 87' lang='lat' dir='ltr'>dicta</span> <span class='ocrx_word' id='word_1_307' title='bbox 581 4712 680 4790; x_wconf 89' lang='lat' dir='ltr'>licita</span> <span class='ocrx_word' id='word_1_308' title='bbox 696 4730 733 4790; x_wconf 90' lang='lat' dir='ltr'>et</span> <span class='ocrx_word' id='word_1_309' title='bbox 747 4713 875 4789; x_wconf 84' lang='lat' dir='ltr'>illicita</span> <span class='ocrx_word' id='word_1_310' title='bbox 891 4713 1093 4790; x_wconf 78' lang='lat' dir='ltr'>confessam</span> <span class='ocrx_word' id='word_1_311' title='bbox 1112 4738 1181 4818; x_wconf 91' lang='lat' dir='ltr'>per</span> <span class='ocrx_word' id='word_1_312' title='bbox 1199 4734 1290 4787; x_wconf 89' lang='lat' dir='ltr'>eum</span> <span class='ocrx_word' id='word_1_313' title='bbox 1309 4710 1580 4789; x_wconf 84' lang='lat' dir='ltr'>intervenirent·</span> <span class='ocrx_word' id='word_1_314' title='bbox 1594 4730 1771 4789; x_wconf 56' lang='lat' dir='ltr'>commus·</span> 
     </span>
     <span class='ocr_line' id='line_1_34' title="bbox 349 4840 1771 4949; baseline -0.001 -31"><span class='ocrx_word' id='word_1_315' title='bbox 349 4840 447 4918; x_wconf 78' lang='lat' dir='ltr'>mter</span> <span class='ocrx_word' id='word_1_316' title='bbox 469 4859 506 4918; x_wconf 89' lang='lat' dir='ltr'>et</span> <span class='ocrx_word' id='word_1_317' title='bbox 524 4841 672 4948; x_wconf 83' lang='lat' dir='ltr'>ubique·</span> <span class='ocrx_word' id='word_1_318' title='bbox 688 4844 729 4918; x_wconf 86' lang='lat' dir='ltr'>in</span> <span class='ocrx_word' id='word_1_319' title='bbox 747 4844 1029 4949; x_wconf 80' lang='lat' dir='ltr'>recepcionibus</span> <span class='ocrx_word' id='word_1_320' title='bbox 1056 4843 1218 4919; x_wconf 85' lang='lat' dir='ltr'>aliorum·</span> <span class='ocrx_word' id='word_1_321' title='bbox 1235 4841 1292 4919; x_wconf 82' lang='lat' dir='ltr'>vel</span> <span class='ocrx_word' id='word_1_322' title='bbox 1312 4860 1422 4948; x_wconf 83' lang='lat' dir='ltr'>post,¹</span> <span class='ocrx_word' id='word_1_323' title='bbox 1441 4841 1532 4949; x_wconf 72' lang='lat' dir='ltr'>quia</span> <span class='ocrx_word' id='word_1_324' title='bbox 1551 4860 1635 4920; x_wconf 69' lang='lat' dir='ltr'>noir</span> <span class='ocrx_word' id='word_1_325' title='bbox 1651 4840 1771 4918; x_wconf 83' lang='lat' dir='ltr'>eredit</span> 
     </span>
     <span class='ocr_line' id='line_1_35' title="bbox 1572 4978 1622 5037; baseline -0.04 0"><span class='ocrx_word' id='word_1_326' title='bbox 1572 4978 1622 5037; x_wconf 79' lang='lat'>23.</span> 
     </span>
    </p>
   </div>
   <div class='ocr_carea' id='block_1_3' title="bbox 0 0 2129 5940">
    <p class='ocr_par' dir='ltr' id='par_1_3' title="bbox 0 0 2129 5940">
     <span class='ocr_line' id='line_1_36' title="bbox 0 0 2129 5940; baseline 0 0"><span class='ocrx_word' id='word_1_327' title='bbox 0 0 2129 5940; x_wconf 95' lang='lat' dir='ltr'> </span> 
     </span>
    </p>
   </div>
  </div>
 </body>
</html>
