4236 5948
770 567 969 662 rsocns
994 589 1091 663 uns
1119 591 1423 670 rnuenrnss.
1768 606 1819 676 u

380 757 446 837 pro
466 731 623 808 veritate
649 731 827 821 dicenda,
853 735 914 811 cui
939 733 1014 812 luit
1039 734 1253 843 injunctum
1279 739 1384 845 quod
1408 768 1485 818 non
1511 738 1694 820 revelaret
1718 745 1815 823 hanc

379 891 486 940 suam
506 851 789 968 deposicionem
810 894 1008 973 quousque
1028 870 1287 948 attestaciones
1309 869 1452 949 fuerint
1470 871 1660 978 publicato
1675 905 1683 949 :
1700 893 1738 953 et
1759 895 1814 955 est

378 994 574 1072 sciendum
594 995 700 1101 quod
720 995 957 1104 intelligebat
973 999 1163 1077 Latinum.

431 1127 523 1204 Acta
534 1125 690 1204 fuerunt
701 1128 773 1205 bec
789 1129 968 1234 predictis
982 1129 1044 1206 die
1056 1148 1095 1207 et
1104 1131 1202 1231 loco,
1213 1135 1454 1239 presentibus
1468 1137 1646 1245 magistro
1655 1137 1810 1227 Amisia,

379 1288 437 1337 me
449 1258 705 1337 Floriamonte
716 1259 936 1349 Dondedei,
960 1279 997 1339 et
1016 1261 1097 1340 aliis
1114 1264 1270 1342 notariis
1282 1292 1395 1372 supra
1406 1266 1544 1346 ultimo
1560 1269 1775 1346 nominatis.

430 1523 521 1600 Post
534 1522 624 1612 hec,
646 1525 687 1600 in
703 1524 923 1618 crastinum,
941 1523 1116 1601 videlicet
1128 1525 1192 1602 die
1209 1528 1339 1606 Martis
1353 1528 1546 1636 sequenti,
1566 1531 1632 1635 qui
1649 1530 1811 1615 fuitum
1914 1542 1917 1547 ’

377 1651 455 1732 dies
474 1656 618 1734 mensis
638 1656 787 1745 Marcii,
810 1655 884 1735 suit
902 1656 1089 1734 adductus
1109 1657 1158 1733 ad
1177 1660 1411 1763 presenciam
1441 1661 1666 1740 eorumdem
1689 1663 1811 1740 domi-

375 1814 512 1873 norum
534 1788 896 1878 commissariorum,
919 1791 959 1865 in
979 1790 1094 1867 domo
1114 1790 1283 1896 predicta
1295 1791 1452 1869 fratrum
1468 1792 1676 1885 Minorum‚
1698 1795 1812 1873 frater

374 1918 604 1999 Guillelmus
636 1922 683 1998 de
716 1923 881 2029 Torrage
921 1921 1031 1999 miles
1067 1923 1309 2001 Carnotensis
1336 1923 1520 2013 diocesis,
1556 1926 1661 2004 testis
1697 1940 1809 2034 supra

368 2052 531 2159 juratus,
560 2072 602 2131 ut
623 2054 833 2159 deponeret
852 2054 998 2131 dictum
1018 2082 1150 2146 suum,
1176 2055 1403 2133 mantellum
1426 2054 1572 2134 ordinis
1595 2074 1634 2134 et
1651 2057 1808 2136 barbam

372 2183 861 2293 defferens,.sexageuarius
877 2187 936 2265 vel
957 2186 1071 2276 circa,
1093 2215 1181 2263 cum
1201 2216 1279 2294 quo
1299 2188 1522 2296 inquisitum
1541 2187 1680 2279 scierat,
1700 2189 1810 2269 abso-

370 2314 474 2396 lutus
493 2336 532 2395 et
550 2319 813 2397 reconciliatus
834 2349 900 2425 per
920 2320 1119 2398 dominum
1137 2319 1355 2427 episcopum
1370 2322 1665 2400 Xautonensem.
1686 2324 1808 2402 Lectis

371 2469 498 2528 autern
519 2470 557 2529 et
576 2452 780 2560 diligenter
797 2452 870 2529 sibi
893 2452 1070 2558 expositis
1089 2452 1270 2530 omnibns
1292 2470 1331 2530 et
1349 2453 1506 2562 singulis
1524 2453 1709 2547 articulis,
1731 2430 1809 2533 reti-

370 2583 505 2688 pondit
521 2612 561 2661 se
580 2585 725 2662 nescire
745 2613 815 2661 nec
835 2585 989 2661 credere
1012 2584 1059 2662 de
1076 2585 1262 2662 contentis
1280 2586 1318 2661 in
1336 2586 1390 2663 eis
1407 2586 1479 2662 nisi
1496 2585 1603 2692 quod
1623 2587 1804 2694 sequitur.

369 2715 470 2792 Dixit
490 2717 594 2793 enim
614 2716 717 2824 quod
743 2717 822 2823 ipse
850 2734 1025 2823 receptus
1048 2716 1172 2795 fuerat
1198 2718 1238 2792 in
1256 2717 1399 2824 capella
1419 2720 1558 2795 domus
1582 2718 1735 2826 Templi
1759 2723 1807 2799 dc

370 2842 470 2924 Malo
492 2849 620 2925 Leone
641 2847 865 2924 Pictarensis
886 2847 1065 2937 diocesis,
1097 2849 1136 2923 in
1160 2847 1286 2954 vigilia
1312 2849 1493 2924 instantis
1516 2848 1601 2925 sesti
1626 2853 1807 2931 Resurre-

370 2978 503 3057 ctionis
527 2978 727 3056 Dominice
755 2994 868 3054 erunt
892 3004 962 3056 xxv
988 2975 1076 3054 anni
1099 2976 1158 3054 vel
1178 2977 1290 3068 circa,
1312 3004 1381 3082 per
1408 2976 1561 3053 fratrem
1592 2980 1803 3061 ,Iohannem

371 3110 512 3187 dictum
535 3109 570 3187 le
590 3111 774 3216 Franceys
801 3109 964 3187 militem
983 3109 1195 3216 quondam,
1220 3126 1483 3216 preceptorem
1509 3127 1601 3186 tunc
1624 3110 1802 3207 Pictavie,

370 3222 606 3346 presentibus
627 3241 806 3318 fratribus
827 3243 980 3320 Matheo
1002 3241 1050 3318 de
1070 3242 1262 3318 Britannia
1287 3240 1515 3347 presbitero,
1536 3241 1646 3349 cujus
1664 3272 1805 3353 coguo-

369 3400 456 3449 men
479 3373 644 3481 ignorat,
670 3390 708 3450 et
732 3372 907 3480 pluribus
931 3373 1014 3450 aliis
1034 3372 1237 3450 deffunctis
1264 3400 1431 3481 quorum
1458 3372 1612 3450 nomina
1636 3375 1802 3482 ignorat,

369 3501 407 3578 in
439 3504 558 3585 hunc<
575 3505 735 3583 modum
763 3538 772 3582 τ
799 3534 886 3582 nam
924 3534 1010 3583 curn
1046 3504 1303 3612 requisivisset
1338 3533 1377 3582 se
1405 3503 1548 3610 recipi,
1592 3523 1631 3582 et
1665 3504 1805 3587 delibe-

370 3655 510 3714 rassent
525 3667 628 3715 eum
657 3638 845 3744 recipere,
876 3638 1049 3716 lecerunt
1076 3667 1165 3714 eum
1192 3665 1326 3715 vovere
1356 3654 1395 3713 et
1417 3637 1545 3745 jurare
1574 3637 1695 3715 vivere
1721 3641 1803 3718 siue

370 3769 540 3875 proprio,
564 3799 708 3848 servare
729 3772 954 3863 castitatem,
977 3769 1258 3860 obedienciam,
1280 3770 1404 3847 bonos
1417 3797 1509 3846 usus
1524 3785 1561 3845 et
1576 3768 1695 3847 bonas
1715 3800 1805 3849 con·

370 3901 588 3978 suetudines
605 3901 761 3980 ordinis.
784 3902 1034 3980 Postmodum
1054 3919 1226 4010 receptor
1245 3900 1428 4008 imposuit
1447 3900 1482 3977 ei
1502 3899 1743 3993 mantellum,
1766 3922 1805 3981 et

370 4030 445 4137 ipse
472 4051 510 4111 et
528 4051 690 4112 astantes
711 4034 870 4112 osculati
893 4035 1048 4112 luerunt
1067 4064 1160 4113 eum
1183 4035 1224 4111 in
1249 4062 1326 4113 ore.
1353 4033 1606 4111 Postmodum
1625 4033 1804 4111 instruxit

369 4191 455 4241 eum
476 4185 570 4273 quot
589 4169 701 4245 Pater
718 4183 834 4246 noster
857 4167 1000 4244 diceret
1016 4197 1085 4274 pro
1110 4164 1216 4245 horis
1234 4166 1328 4254 suis,
1351 4181 1390 4241 et
1408 4163 1571 4270 qualiter
1589 4181 1738 4271 regeret
1760 4195 1800 4242 se

369 4294 405 4371 in
424 4297 576 4386 ordine3
598 4299 667 4375 sed
688 4298 735 4376 de
751 4299 1021 4406 abnegacione‚
1043 4299 1239 4405 vituperiis
1255 4296 1389 4386 crucis,
1413 4296 1550 4375 osculis
1573 4295 1798 4387 inhonestis,

368 4429 523 4507 crimine
542 4431 771 4510 sodomitico
789 4430 849 4509 vel
866 4416 991 4539 aliqua
1006 4430 1077 4510 alia
1096 4460 1137 4509 re
1154 4431 1285 4508 illicita
1304 4457 1381 4507 non
1399 4429 1472 4507 fuit
1491 4430 1527 4507 ei
1546 4428 1712 4518 locutus,
1730 4457 1801 4507 nec

367 4561 506 4639 audivit
527 4562 600 4639 dici
621 4592 692 4641 nec
713 4564 833 4641 credit
852 4565 956 4670 quod
975 4564 1167 4641 diceretur
1188 4563 1272 4640 aliis
1295 4563 1334 4637 in
1357 4589 1488 4638 eorum
1514 4560 1801 4667 recepcionibus

366 4692 421 4769 vel
441 4711 543 4800 post,
568 4723 637 4772 nec
658 4697 759 4802 quod
781 4695 892 4774 fieret
915 4726 984 4804 per
1004 4725 1158 4774 cosnec
1180 4695 1220 4771 in
1242 4694 1390 4772 ordine.
1412 4692 1630 4801 Requisitus
1650 4693 1680 4771 si
1703 4721 1800 4801 quos

366 4825 456 4905 alios
473 4827 617 4905 viderat
632 4829 766 4935 recipi,
785 4847 823 4906 et
836 4829 902 4907 ubi
920 4848 957 4908 et
973 4831 1127 4938 quando
1141 4846 1211 4906 eta
1226 4827 1383 4935 quibus,
1403 4826 1605 4935 respondit
1613 4827 1719 4934 quod
1731 4852 1800 4931 per

364 4976 498 5040 testem
508 4962 680 5069 proximo
690 4961 953 5051 examinatum}
965 4979 1227 5070 preceptorem
1239 4960 1287 5038 de
1298 4958 1470 5067 Rupella,
1481 4955 1746 5063 videratrecipi
1758 4955 1797 5031 in

1618 5115 1633 5153 2
1640 5141 1646 5152 .
