4236 5948
472 537 545 615 ass
860 521 1056 613 rancus
1086 536 1181 611 nas
1207 536 1508 608 annotinas,

440 733 444 743 ·
469 682 607 760 milites
628 681 796 788 ejusdem
817 680 964 758 ordinis
981 696 1133 786 portant
1152 678 1352 756 mantellos
1369 678 1475 757 albos
1495 676 1687 784 inquibus
1703 697 1902 757 consutum

471 832 507 892 et
526 813 640 891 lixum
663 831 718 891 est
739 811 950 890 venerabile
972 812 1120 920 signum
1139 811 1257 889 rubee
1279 811 1415 898 crucis,
1439 811 1477 886 in
1497 810 1645 917 siguum
1665 809 1902 887 sacratissimi

470 945 659 1053 sanguinis
676 943 792 1021 Jhesu
808 943 946 1022 Christi
965 973 1079 1051 quem
1105 943 1182 1050 ipse
1210 943 1248 1018 in
1268 943 1370 1048 ligno
1392 942 1511 1019 crucis
1538 939 1680 1020 vivifice
1709 939 1807 1018 fudit
1834 971 1903 1048 pro

471 1078 552 1184 ejus
572 1075 749 1154 fidelibus
767 1093 803 1151 et
824 1105 894 1181 pro
915 1077 1016 1182 ipsis.
1041 1075 1144 1153 Dixit
1165 1075 1281 1150 eciam
1302 1073 1404 1180 quod
1427 1073 1650 1151 eorumdem
1670 1074 1905 1180 Templario-

471 1237 556 1284 rum
576 1206 726 1284 habitus
743 1224 886 1283 constat
908 1225 943 1283 et
963 1225 1019 1283 est
1039 1208 1077 1282 in
1094 1233 1201 1283 cruce
1221 1204 1408 1311 predicta,
1431 1234 1504 1311 que
1534 1222 1590 1282 est
1611 1204 1726 1281 rubea
1749 1224 1785 1283 et
1806 1235 1905 1282 com·
1988 1240 1993 1247 ¹

470 1339 595 1417 munis
614 1355 689 1414 tarn
711 1336 892 1414 militibus
908 1366 1021 1443 quam
1039 1365 1112 1414 non
1133 1334 1318 1413 militibus
1332 1333 1508 1414 fratribus
1526 1335 1669 1412 ordinis
1686 1336 1903 1442 supradicti.

470 1467 628 1546 Addidit
647 1498 799 1575 quoque
820 1470 924 1576 quod
945 1468 1015 1575 ipsi
1041 1469 1263 1574 Templarii,
1286 1467 1442 1574 singulis
1463 1469 1585 1556 annis,
1607 1468 1645 1544 in
1666 1467 1728 1543 die
1748 1470 1904 1547 Veneris

470 1620 616 1691 sancta,
644 1600 842 1678 discalciati
869 1620 907 1678 et
934 1602 1013 1678 sine
1038 1600 1163 1708 gladio
1190 1602 1317 1708 aliquo
1340 1618 1376 1677 et
1395 1600 1571 1677 omnibus
1592 1598 1683 1678 cofis
1703 1600 1901 1707 depositis,

470 1750 506 1810 et
526 1734 630 1811 nudo
651 1734 788 1839 capite,
813 1734 967 1812 veniunt
991 1734 1038 1809 ad
1065 1733 1289 1809 adorandam
1316 1761 1481 1821 crucem,
1508 1730 1612 1809 llexis
1636 1731 1796 1840 genibus
1817 1752 1903 1810 ante

469 1895 563 1942 earn.
578 1865 626 1942 Et
640 1866 744 1941 idem
758 1863 897 1941 sariunt
916 1865 1109 1941 annuatim
1127 1863 1258 1940 fratres
1280 1865 1402 1941 omnis
1419 1862 1508 1940 dicti
1525 1863 1670 1941 ordinis
1690 1863 1729 1939 in
1751 1864 1903 1942 duobus

469 1996 572 2074 festis
588 1997 722 2076 Sancte
745 1997 895 2082 Crucis,
913 1996 1088 2073 videlicet
1108 1996 1293 2073 mensium
1325 1996 1411 2072 maii
1440 2013 1478 2072 et
1508 1995 1747 2101 septembrio,
1774 1996 1904 2073 dicen-

468 2147 550 2207 tes:
569 2130 804 2207 «Adoramus
823 2149 876 2218 te,
899 2129 1063 2218 Christe,
1083 2149 1119 2206 et
1137 2129 1398 2207 benedicimus
1416 2130 1502 2219 tibi,
1525 2128 1631 2235 quod
1650 2157 1718 2234 per
1740 2147 1903 2205 sanctam
2002 2143 2006 2148 ’

470 2289 619 2338 crucem
638 2279 743 2336 tuam
770 2261 961 2337 redemisti
985 2262 1212 2338 mundum.»
1237 2264 1399 2368 Excepto
1427 2262 1532 2369 quod
1558 2262 1596 2338 in
1621 2260 1730 2338 dictis
1753 2261 1905 2364 duobus

468 2391 572 2469 lestis
592 2393 725 2470 Sancte
746 2390 877 2468 Crucis
898 2392 1049 2468 veniunt
1075 2392 1122 2467 ad
1150 2393 1268 2498 ipsam
1301 2422 1449 2470 crucem
1481 2392 1710 2469 adorandam
1742 2391 1905 2498 pedibus

469 2522 642 2600 calciatis.

395 2711 397 2714 >
525 2653 583 2732 Ad
597 2681 802 2732 xur—-xruu
824 2654 1000 2731 articulos
1024 2655 1219 2740 inclusive,
1244 2655 1446 2763 diligenter
1464 2673 1502 2733 et
1524 2654 1712 2763 sigillatim
1744 2654 1905 2731 interro·

395 2793 399 2799 '
469 2805 591 2893 gatus,
614 2786 848 2893 respondens
869 2786 960 2863 dixit
990 2804 1025 2863 et
1058 2788 1205 2895 negavit
1234 2816 1366 2865 omnes
1401 2805 1439 2865 et
1468 2786 1635 2893 singulos
1665 2785 1844 2863 articulos
1858 2803 1906 2862 ‘et

468 2919 595 2995 omnia
616 2936 653 2993 et
672 2918 815 3024 singula
836 2936 1010 2995 contenta
1031 2919 1069 2995 in
1090 2919 1162 3007 eis,
1187 2920 1353 2996 adiciens
1373 2920 1478 3025 quod
1499 2920 1578 3025 ipse
1600 2936 1637 2996 et
1655 2917 1788 2997 fratres
1813 2916 1904 2995 dicti

469 3050 611 3127 ordinis
631 3068 689 3127 ter
709 3051 747 3126 in
765 3078 864 3128 anno
884 3051 1072 3155 recipiunt
1087 3079 1221 3156 corpus
1235 3051 1386 3139 Christi,
1409 3050 1584 3129 videlicet
1603 3051 1641 3127 in
1656 3049 1760 3127 festis
1774 3052 1907 3128 Resur-

468 3183 643 3259 rectionis
661 3183 878 3271 Dominice,
902 3183 1177 3271 Penthecostes,
1200 3201 1239 3260 et
1257 3184 1461 3262 Nativitatis
1477 3184 1574 3290 ejus,
1594 3212 1699 3287 spem
1719 3210 1825 3259 suam
1843 3180 1907 3257 fir-

467 3344 569 3392 mam
590 3316 768 3392 habentes
789 3315 949 3392 indicto
977 3344 1081 3392 sacro
1109 3342 1266 3422 corpore
1290 3315 1406 3395 lhesu
1431 3316 1570 3394 Christi
1596 3315 1700 3422 quod
1728 3316 1766 3389 in
1794 3313 1904 3391 dictis

468 3444 727 3524 festivitatibus
740 3446 943 3551 recipiunt,
962 3463 1006 3522 ut
1019 3446 1224 3552 peripsum
1241 3474 1374 3523 eorum
1387 3449 1512 3524 anime
1527 3448 1623 3525 salve
1637 3446 1745 3535 liant;
1759 3460 1796 3525 et
1808 3447 1904 3524 sicut

469 3577 627 3654 credunt
646 3578 693 3654 de
714 3577 816 3654 dicto
836 3605 939 3654 sacro
961 3605 1116 3684 corpore
1142 3578 1259 3656 lhesu
1278 3579 1417 3657 Christi
1440 3580 1546 3686 quod
1565 3579 1613 3657 sit
1631 3577 1729 3655 salus
1750 3606 1903 3667 eorum,

469 3710 522 3786 sic
543 3726 580 3785 et
600 3710 735 3785 eodem
755 3709 870 3785 modo
891 3709 1050 3785 credunt
1069 3709 1116 3784 ad
1137 3710 1293 3787 salutern
1317 3740 1421 3787 suam
1437 3727 1561 3787 sancte
1575 3709 1738 3787 Ecclesic
1760 3711 1905 3816 reliqua

469 3861 697 3919 sacramenta
711 3869 786 3947 que
800 3858 888 3920 sunt
896 3841 1119 3947 baptismus,
1138 3842 1377 3920 confirmacio
1394 3844 1589 3932 crismatis,
1609 3842 1838 3920 consecratio
1846 3871 1905 3918 sa-

468 3975 518 4049 cri
541 3974 709 4080 corporis
729 3991 767 4049 et
786 3972 944 4080 preciosi
962 3973 1153 4078 sanguinis
1168 3973 1285 4050 lhesu
1300 3974 1439 4052 Christi
1455 3975 1560 4081 quod
1576 3972 1617 4052 lit
1633 4002 1701 4080 per
1719 3975 1904 4080 presbite-

467 4134 530 4182 ros
550 4106 589 4182 in
609 4104 731 4193 altari,
755 4105 1054 4194 matrimonium,
1077 4134 1179 4182 sacer
1198 4107 1293 4183 ordo
1315 4106 1553 4196 clericorum,
1572 4105 1754 4185 consessio
1776 4133 1904 4212 pecca-

466 4254 591 4314 torum
617 4255 654 4314 et
676 4237 859 4343 injunctio
890 4236 1098 4344 penitencie
1124 4237 1308 4325 salutaris,
1338 4255 1375 4314 et
1395 4238 1573 4315 ultimum
1595 4255 1754 4314 extrema
1772 4238 1903 4315 unctio

468 4397 556 4444 cum
571 4386 697 4446 sancto
713 4368 798 4445 oleo
816 4365 1071 4444 infirmorum.

525 4500 580 4576 Ad
602 4493 868 4579 xxrirr-nxvrrr
889 4498 1062 4577 articulos
1085 4499 1280 4588 inclusive,
1304 4501 1504 4607 diligenter
1523 4519 1561 4578 et
1581 4502 1770 4608 sigillatim
1792 4484 1903 4578 inter·

467 4650 634 4737 rogatus,
663 4633 808 4739 negavit
828 4633 930 4738 ipsos
954 4633 1127 4711 articulos
1154 4651 1192 4710 et
1212 4634 1338 4711 omnia
1365 4650 1403 4710 et
1417 4634 1563 4741 singula
1578 4651 1753 4711 contenta
1774 4633 1899 4717 ineis.

468 4762 569 4840 salvo
581 4765 690 4871 quod
709 4763 899 4842 confessus
914 4782 968 4842 est
985 4765 1089 4871 quod
1105 4765 1280 4872 Magister
1301 4782 1338 4841 et
1357 4764 1419 4843 alii
1436 4783 1674 4872 preceptores
1695 4765 1783 4843 dicti
1800 4765 1902 4842 ordi-

468 4894 526 4972 nis
547 4893 723 5004 infligunt
743 4914 780 4973 et
801 4913 954 5001 possunt
975 4896 1144 5001 infligere
1163 4926 1234 5004 pro
1253 4897 1421 4975 comissis
1442 4896 1662 4974 criminibus
1680 4924 1798 5003 penas
1817 4923 1902 4975 cor·
