4236 5948
732 526 928 618 Paoots
954 542 1050 616 ons
1076 543 1378 616 romesinas.
1696 549 1772 620 aea

343 691 502 780 sicione,
525 687 617 765 dixit
633 716 702 794 per
715 686 973 794 juramentum
989 714 1099 764 suum
1113 685 1217 794 quod
1231 714 1325 777 non,
1342 684 1459 764 immo
1479 712 1613 791 puram
1630 702 1668 763 et
1683 687 1773 765 inte-

342 851 443 932 gram
463 848 533 929 pro
553 820 673 899 salute
694 820 816 896 anime
836 848 904 897 sue
925 817 1067 897 dixerat
1085 818 1291 896 veritatem.

397 1089 492 1165 Item
517 1112 632 1175 anno,
659 1083 865 1175 indicione,
894 1110 1040 1173 mense,
1068 1081 1147 1172 die,
1170 1079 1391 1188 pontificatu
1415 1099 1451 1159 et
1472 1079 1556 1160 loco
1575 1083 1769 1189 predictis,

342 1220 381 1297 in
396 1218 487 1297 dicti
507 1216 754 1326 inquisitoris,
770 1232 942 1293 nostrum
958 1213 1190 1293 notariorum
1214 1231 1251 1291 et
1275 1211 1594 1319 infrascriptorum
1618 1216 1772 1294 testium

307 1374 310 1380 '
341 1332 532 1458 presencia
565 1347 815 1457 personaliter
848 1348 1075 1426 constitutus
1112 1345 1227 1424 frater
1264 1343 1469 1425 Gaufridus
1502 1345 1549 1425 de
1583 1346 1772 1426 Cbarneio

343 1482 450 1560 miles
478 1481 568 1559 dicti
589 1480 751 1571 ordinis,
774 1496 811 1556 ct
826 1497 1025 1587 preceptor
1043 1478 1161 1557 totius
1180 1479 1425 1567 Normannie,
1455 1479 1562 1557 etatis
1586 1480 1772 1586 quinqua-

343 1614 443 1722 ginta
456 1642 520 1692 sex
540 1642 725 1691 annorum
745 1611 804 1689 vel
827 1612 940 1703 circa,
961 1630 1004 1689 ut
1022 1610 1187 1699 dicebat,
1210 1612 1316 1689 testis
1338 1609 1472 1688 eodem
1493 1609 1607 1689 modo
1623 1613 1772 1720 juratus

342 1745 390 1823 de
409 1773 449 1822 se
474 1762 512 1823 et
531 1743 613 1822 aliis
637 1745 676 1820 in
697 1771 807 1821 causa
825 1741 915 1819 fidei
935 1771 1085 1848 puram,
1108 1771 1252 1820 meram
1273 1760 1311 1819 et
1330 1741 1513 1849 integram
1535 1743 1658 1820 dicere
1677 1746 1773 1822 veri-

342 1893 472 1966 tatem,
498 1892 536 1952 et
561 1876 811 1981 interrogatus
837 1873 884 1951 de
908 1890 1080 1979 ternpore
1108 1889 1146 1951 et
1175 1872 1291 1951 modo
1321 1902 1388 1951 suc
1412 1874 1658 1981 recepcionis,
1682 1876 1773 1953 dixit

342 2013 410 2114 p'er
419 2009 678 2117 juramentum
706 2034 817 2082 suum
846 2003 951 2111 quod
971 2021 1059 2083 sunt
1081 2004 1179 2082 benc
1203 2004 1356 2113 triginta
1381 2022 1525 2112 septem
1544 2005 1602 2082 vel
1621 2008 1774 2115 triginta

344 2154 428 2218 octo
449 2138 536 2216 anni
552 2138 666 2244 elapsi
679 2137 740 2214 vel
753 2136 847 2214 circa
862 2135 967 2243 quod
981 2135 1054 2213 suit
1074 2154 1247 2243 receptus
1260 2136 1300 2211 in
1315 2135 1449 2214 ordine
1468 2137 1770 2243 Templariorum

344 2270 442 2378 apud
460 2271 645 2376 Stampas,
668 2297 737 2376 per
755 2268 907 2345 fratrem
926 2266 1156 2345 Amalricum
1177 2267 1224 2345 de
1243 2267 1387 2365 Rocha,
1409 2269 1647 2375 presentibus
1662 2268 1774 2350 tratre

343 2401 513 2480 Jobanne
522 2401 717 2478 Francisco
727 2415 947 2507 preceptore
962 2399 1160 2476 Parisiensi
1172 2417 1209 2477 et
1218 2400 1446 2507 quibusdam
1463 2400 1546 2479 aliis
1556 2404 1622 2509 qui
1633 2408 1772 2481 mortui

344 2550 441 2610 sunt.
459 2534 562 2610 Dixit
581 2532 698 2610 eciam
718 2560 786 2638 per
800 2531 1059 2638 juramentum
1074 2558 1186 2608 suum
1201 2533 1322 2637 quod,
1338 2532 1419 2638 ipso
1439 2550 1590 2640 recepto
1610 2552 1648 2611 et
1667 2565 1775 2612 man-

343 2662 434 2743 tello
450 2664 498 2742 ad
517 2663 657 2742 collum
677 2663 819 2769 posito,
847 2677 1011 2768 aportata
1041 2661 1113 2738 fuit
1135 2661 1205 2739 sibi
1232 2663 1396 2768 quedam
1424 2692 1511 2740 cmx
1537 2664 1575 2740 in
1601 2686 1774 2771 quaerat

343 2823 474 2903 ymago
495 2796 612 2874 Jhesu
631 2795 786 2882 Christi,
808 2811 848 2870 et
868 2792 961 2869 dixit
978 2793 1048 2870 sibi
1069 2793 1172 2874 idem
1191 2812 1362 2901 receptor
1382 2793 1487 2902 quod
1506 2815 1583 2873 non
1604 2797 1775 2875 crederet

344 2927 382 3002 in
397 2926 507 3004 illum
527 2927 633 3035 cujus
652 2954 786 3034 ymago
808 2942 887 3003 erat
906 2924 959 3002 ibi
982 2924 1142 3031 depicta,
1161 2925 1250 3031 quia
1264 2925 1378 3003 salsus
1395 2929 1681 3033 prophetaerat,
1695 2957 1765 3005 nec

345 3075 424 3135 erat
440 3060 557 3167 Deus.
581 3060 630 3135 Et
653 3075 744 3135 tunc
768 3056 858 3134 fecit
888 3057 1010 3135 dictus
1039 3056 1223 3163 recipiens
1253 3057 1378 3163 ipsum
1404 3059 1589 3166 abnegare
1617 3059 1772 3138 Jhesum

343 3189 537 3268 Christum
555 3206 626 3279 ter,
654 3216 719 3267 ore
741 3206 779 3267 et
796 3217 873 3267 non
893 3189 1023 3279 corde,
1051 3205 1095 3267 ut
1119 3190 1222 3266 dixit.
1245 3189 1461 3297 Requisitus
1480 3207 1608 3267 utrum
1629 3194 1773 3298 spuerit

344 3349 454 3428 supra
473 3324 592 3428 ipsam
612 3321 841 3429 ymaginem,
874 3319 967 3398 dixit
990 3347 1058 3425 per
1077 3319 1337 3427 juramentum
1357 3351 1469 3399 suum
1489 3321 1595 3428 quod
1613 3351 1692 3400 non
1714 3353 1773 3402 rc-

344 3452 530 3543 cordatur,
557 3470 594 3531 et
613 3452 732 3530 credit
756 3451 861 3558 quod
879 3453 954 3529 hoc
971 3449 1044 3528 fuit
1067 3451 1138 3530 ista
1159 3452 1207 3528 de
1234 3481 1341 3529 causa
1360 3454 1449 3561 quia
1474 3452 1701 3532 festinabant
1721 3485 1771 3533 se.

343 3585 593 3691 interrogatus
616 3583 663 3661 de
683 3582 828 3669 osculo,
851 3581 943 3659 dixit
963 3610 1032 3689 per
1046 3584 1304 3692 juramentum
1324 3614 1437 3663 suum
1456 3586 1561 3692 quod
1585 3586 1773 3664 osculatus

342 3714 414 3794 fuit
433 3717 654 3824 magistrum
669 3715 915 3821 recipientem
929 3715 1055 3820 ipsum
1069 3714 1108 3789 in
1120 3713 1318 3808 umbilic03
1336 3734 1373 3793 et
1388 3716 1529 3793 audivit
1544 3718 1618 3796 dici
1629 3747 1649 3794 a
1661 3717 1774 3796 fratre

343 3846 513 3927 Gerardo
530 3846 578 3925 de
594 3850 752 3928 Saureto
775 3863 996 3953 preceptore
1012 3845 1208 3936 Arvemie,
1226 3847 1292 3954 qui
1309 3848 1401 3925 dixit
1420 3847 1598 3926 fratribus
1616 3851 1774 3928 existen-

342 3978 444 4060 tibus
459 3982 498 4057 in
516 3980 678 4087 capitulo
694 3979 799 4087 quod
814 3977 984 4065 tenebat,
1002 3979 1107 4084 quod
1125 3979 1261 4058 melius
1277 3997 1357 4058 erat
1371 4010 1409 4057 se
1428 3982 1670 4059 commiscere
1687 4012 1773 4057 cum

342 4109 520 4189 fratribus
539 4112 683 4191 ordinis
700 4140 814 4219 quam
828 4109 1027 4188 libidinem
1047 4137 1221 4189 exercere
1237 4141 1322 4189 cum
1337 4111 1574 4202 mulieribus3
1597 4112 1664 4189 sed
1678 4141 1774 4188 nun-

343 4269 456 4347 quam
476 4241 581 4332 iecit,
603 4271 674 4321 nec
692 4241 763 4319 tuit
777 4241 997 4350 requisitus,
1018 4259 1061 4318 ut
1076 4242 1181 4319 dixit.

398 4373 616 4481 Requisitus
629 4402 698 4480 per
707 4375 969 4482 juramentum
989 4402 1102 4451 suum
1121 4391 1250 4452 utrum
1271 4377 1456 4482 receperit
1476 4377 1533 4454 vel
1553 4375 1684 4455 iecerit
1704 4377 1772 4453 ali-

342 4504 579 4612 quosfratres
593 4506 632 4584 in
648 4506 781 4584 ordine
793 4505 983 4612 predicto,
1002 4505 1094 4583 dixit
1113 4534 1181 4613 per
1190 4507 1448 4614 juramentum
1464 4536 1576 4585 snum
1587 4508 1693 4615 quod
1708 4513 1771 4587 sic.

341 4635 442 4714 Dixit
465 4638 583 4715 eciam
607 4666 676 4745 per
695 4639 956 4746 juramentum
982 4667 1094 4715 suum
1118 4638 1224 4745 quod
1244 4639 1412 4744 primum
1433 4668 1548 4746 quem
1574 4641 1715 4747 recepit
1734 4644 1773 4718 in
1798 4628 1803 4637 ’

343 4760 493 4862 ordine,
510 4770 653 4878 recepit
665 4798 734 4879 per
754 4768 863 4847 iilum
882 4769 1041 4848 modum
1056 4800 1126 4877 per
1145 4799 1261 4879 quem
1283 4771 1355 4848 fuit
1374 4789 1563 4878 receptus;
1586 4791 1624 4850 et
1644 4801 1775 4852 omnes

343 4898 433 4979 alios
453 4928 549 5010 quos
567 4902 724 5009 recepit,
757 4903 836 4980 sine
858 4901 982 5010 aliqua
1003 4902 1255 5012 abuegacione
1275 4903 1334 4981 vel
1354 4905 1549 5010 spuicione
1568 4907 1627 4983 vel
1648 4905 1773 5012 aliquo
