4236 5948
347 507 417 577 ma
728 481 923 576 mosas
954 499 1050 573 nas
1080 498 1383 575 ratramnus.

341 645 566 753 inquisitum
584 643 724 731 luerat,
751 643 948 721 absolutus
967 659 1006 718 et
1029 641 1293 718 reconciliatus
1312 670 1380 748 per
1397 639 1596 718 dominum
1621 643 1766 750 episco-

342 806 435 882 pum
454 774 719 864 Parisiensem,
746 776 813 881 qui
834 771 1129 879 aposthataverat
1159 772 1207 848 de
1229 772 1331 850 dicto
1350 771 1483 848 ordine
1504 791 1657 878 propter
1676 773 1769 853 levi-

341 925 436 985 tates
455 934 540 984 suas
560 906 691 983 decem
713 906 819 982 annis
833 903 891 980 vel
911 904 1022 991 circa,
1046 920 1083 980 et
1102 902 1150 979 ad
1166 903 1292 1009 ipsum
1308 902 1482 981 ordinem
1499 903 1663 982 redierat
1680 922 1767 983 ante

343 1038 561 1144 capcionem
585 1064 692 1112 suam
715 1053 754 1113 et
775 1035 936 1111 aliorum
964 1061 1033 1138 per
1057 1059 1121 1112 vm
1149 1040 1269 1110 annos
1288 1032 1347 1110 vel
1371 1032 1481 1119 cirea,
1504 1032 1612 1110 lectis
1627 1052 1666 1112 et
1681 1035 1769 1113 dili-

343 1187 475 1277 genter
491 1168 668 1273 expositis
685 1165 757 1244 sibi
773 1163 953 1243 omnibus
965 1180 1005 1240 et
1013 1163 1172 1273 singulis
1187 1163 1368 1254 articulis,
1385 1164 1581 1269 respondit
1595 1193 1635 1242 se
1650 1165 1770 1244 nichil

344 1300 454 1386 scire,
478 1326 548 1374 nec
566 1296 739 1383 credere,
763 1324 833 1372 nec
855 1293 1041 1372 audivisse
1062 1293 1136 1371 dici
1159 1293 1206 1370 de
1225 1293 1412 1373 contentis
1435 1294 1475 1369 in
1496 1294 1550 1371 eis
1569 1296 1640 1372 nisi
1662 1297 1770 1403 quod

343 1429 536 1534 sequitur:
557 1427 734 1504 videlicet
758 1426 864 1533 quod
887 1427 966 1530 ipse
988 1442 1163 1532 receptus
1187 1423 1309 1502 luerat
1327 1425 1367 1500 in
1387 1453 1521 1531 magna
1541 1426 1683 1532 capella
1702 1426 1771 1506 do·

343 1588 428 1637 mus
449 1557 600 1664 Templi
623 1558 856 1644 Parisiensis,
887 1555 949 1633 die
973 1556 1150 1634 Mercurii
1175 1572 1261 1662 post
1284 1555 1422 1632 Pascha
1447 1556 1618 1661 proximo
1644 1576 1768 1664 prete-

343 1693 461 1768 ritum
481 1691 634 1767 fuerunt
656 1716 716 1767 xm
736 1689 840 1775 anni,
862 1716 929 1794 per
946 1685 1098 1763 fratrem
1122 1685 1352 1763 Amalricum
1378 1686 1426 1762 de
1456 1688 1582 1765 Rocha
1606 1689 1769 1767 militem

344 1821 554 1928 quondam,
573 1835 835 1927 preceptorem
858 1835 950 1895 tunc
969 1818 1139 1904 Francie,
1161 1816 1401 1922 presentibus
1420 1817 1598 1897 fratribus
1615 1818 1770 1900 Galtero

347 1952 394 2029 de
417 1954 520 2043 Esta,
539 1950 693 2030 Galtero
719 1949 766 2025 de
788 1949 823 2025 la
845 1948 1042 2035 Sonciera,
1065 1964 1103 2025 et
1125 1946 1264 2024 Jacobo
1292 1947 1339 2025 de
1359 1947 1538 2053 Rupelhi,
1568 1949 1770 2042 militibus,

347 2099 385 2158 et
412 2081 626 2159 Humberto
654 2078 888 2157 thesaurario
907 2095 999 2155 tunc
1027 2077 1177 2184 Templi
1204 2078 1437 2165 Parisiensis,
1466 2095 1504 2155 et
1528 2079 1699 2157 Johanne
1722 2081 1770 2159 de

345 2213 477 2288 Turno
493 2210 813 2295 subthesaurario,
827 2209 1075 2287 servientibus
1091 2208 1302 2300 deffunctis,
1315 2209 1354 2285 in
1370 2210 1473 2286 hunc
1486 2208 1645 2286 modum
1658 2242 1667 2286 ε
1682 2238 1772 2288 nam

346 2350 433 2417 cum
461 2339 679 2448 frequenter
704 2356 743 2416 et
769 2340 950 2417 instanter
977 2339 1230 2446 requisivisset
1257 2366 1393 2445 panem
1419 2357 1457 2416 et
1481 2367 1632 2445 aquam,
1654 2341 1775 2418 socie·

345 2489 460 2548 tatem
492 2488 530 2548 et
557 2497 762 2577 pauperem
787 2470 962 2547 vestitum
991 2469 1156 2558 ordinis,
1180 2486 1217 2547 et
1243 2469 1412 2575 predicto
1442 2470 1513 2549 sibi
1540 2469 1646 2578 quod
1672 2471 1773 2550 bene

346 2600 592 2693 deliberaret,
626 2600 714 2707 quia
744 2600 838 2677 dura
863 2616 943 2677 erat
972 2598 1105 2707 religio
1137 2600 1377 2688 eommdem,
1418 2617 1455 2677 et
1487 2601 1591 2707 quod
1624 2619 1776 2709 rogaret

346 2733 471 2809 Deum
494 2749 531 2808 et
546 2731 695 2807 beatam
718 2730 874 2809 Mariam
896 2746 939 2806 ut
960 2729 1165 2837 dirigerent
1189 2757 1295 2818 eum,
1324 2730 1491 2836 predicta
1510 2731 1582 2809 sibi
1599 2759 1775 2810 concessa

345 2859 519 2952 fuissent,
537 2860 626 2938 lecit
647 2889 736 2938 eum
752 2889 884 2938 vovere
905 2877 944 2937 et
957 2860 1085 2968 jurare
1104 2859 1225 2938 dictus
1248 2879 1418 2968 receptor
1438 2862 1661 2952 castitatem,
1685 2862 1777 2942 obe-

347 2992 550 3083 dienciam,
576 2992 697 3069 vivere
722 2991 803 3069 sine
823 2991 995 3098 proprio,
1018 3008 1056 3067 et
1077 3019 1221 3069 servare
1238 2976 1361 3069 bonos
1381 3021 1472 3070 usus
1490 3010 1528 3071 et
1545 2992 1663 3072 bonas
1683 3023 1776 3073 con·

346 3122 567 3200 suetudines
587 3122 652 3228 qui
671 3139 762 3198 tunc
780 3111 887 3198 erant
904 3120 943 3197 in
964 3120 1114 3210 ordine,
1131 3123 1249 3229 etqui
1267 3122 1306 3198 in
1323 3139 1518 3229 posterum
1533 3123 1778 3229 imponeren-

347 3270 410 3328 tur
424 3280 512 3329 cum
532 3250 691 3329 consilio
711 3252 921 3358 proborum
943 3252 1105 3340 ordinis;
1125 3270 1163 3329 et
1182 3253 1361 3359 imposito
1383 3252 1453 3330 sibi
1475 3252 1671 3344 mantello,
1693 3256 1776 3362 ipse

347 3400 520 3489 receptor
540 3400 579 3459 et
596 3399 757 3461 astantes
779 3381 934 3461 luerunt
961 3411 1050 3460 eum
1079 3384 1233 3464 osculati
1261 3384 1399 3462 inore.
1426 3385 1573 3463 Deinde
1601 3386 1778 3465 instruxit

349 3541 437 3589 eum
457 3512 561 3618 quod
577 3513 720 3620 jaceret
743 3543 829 3591 cum
856 3513 988 3620 pannis
1008 3514 1135 3601 lineis,
1161 3543 1237 3591 una
1264 3516 1377 3592 corda
1401 3516 1503 3593 unde
1526 3515 1700 3594 volebant
1720 3547 1779 3596 as-

348 3661 497 3749 sumpta
521 3644 681 3735 cinctus,
711 3661 747 3720 et
771 3643 933 3750 qualiter
955 3661 1102 3752 regeret
1118 3673 1158 3723 se
1180 3646 1220 3721 in
1236 3645 1382 3723 ordine.
1406 3648 1538 3723 Postea
1558 3645 1664 3724 duxit
1685 3675 1777 3725 eum

348 3774 474 3853 solum
493 3775 541 3851 ad
560 3803 708 3881 parvam
726 3774 907 3880 capellam
927 3775 1097 3881 Templi,
1114 3792 1159 3852 ut
1172 3775 1350 3854 indueret
1366 3775 1418 3853 ibi
1434 3795 1553 3855 vestes
1566 3777 1778 3884 religionis3

348 3905 488 4012 quibus
507 3904 667 3994 indutis,
696 3904 791 3982 dixit
810 3905 846 3980 ei
870 3904 975 4011 quod
994 3905 1197 4013 abnegaret
1217 3907 1373 3983 Jhesum
1393 3906 1608 3995 Christum;
1629 3925 1775 3988 etcum

348 4035 471 4114 dictus
491 4035 596 4114 testis
618 4035 865 4142 responderet
878 4039 983 4144 quod
1002 4037 1075 4114 hoc
1091 4064 1168 4114 non
1187 4035 1307 4114 lacere
1328 4055 1455 4142 posset
1472 4055 1509 4115 et
1527 4036 1774 4144 stupefactus,

348 4165 442 4244 dixit
461 4167 495 4245 ei
517 4167 639 4244 dictus
661 4185 834 4274 receptor
855 4166 960 4274 quod
985 4168 1119 4245 saltem
1139 4167 1340 4276 abnegaret
1359 4197 1424 4246 ore
1444 4197 1523 4245 non
1536 4170 1665 4261 corde,
1686 4170 1777 4277 quia

348 4297 399 4374 ita
413 4295 599 4376 iaciebant
615 4296 678 4374 alii
699 4296 830 4375 fratres
847 4296 1008 4389 ordinis,
1031 4315 1069 4376 et
1083 4317 1174 4376 tunc
1189 4299 1268 4404 ipse
1282 4299 1389 4376 testis
1403 4298 1600 4406 abnegavit
1618 4301 1776 4378 Jhesum

348 4428 541 4506 Christum
558 4456 624 4506 ore
641 4456 719 4506 non
734 4430 864 4519 corde,
891 4446 935 4506 ut
953 4429 1057 4506 dixit.
1082 4431 1171 4508 Post
1184 4457 1260 4536 que
1274 4430 1444 4535 precepit
1456 4430 1490 4507 ei
1504 4431 1610 4536 quod
1626 4447 1777 4539 spueret

350 4585 463 4663 super
481 4559 684 4665 quamdam
700 4587 850 4637 crucem
867 4559 1046 4667 ligneam,
1067 4560 1106 4636 in
1120 4559 1287 4666 quodam
1308 4559 1418 4637 sedili
1438 4561 1559 4639 nescit
1577 4587 1775 4668 perquem

349 4687 525 4791 positam,
551 4689 682 4795 inqua
704 4688 807 4767 nulla
829 4706 908 4767 erat
926 4716 1061 4797 ymago
1085 4688 1278 4778 Crucifixi,
1299 4706 1338 4767 et
1358 4690 1438 4796 ipse
1452 4690 1558 4768 testis
1581 4689 1683 4797 spuit
1699 4717 1774 4767 non

349 4847 463 4926 supra
482 4821 547 4898 sed
563 4821 670 4926 juxta
689 4850 782 4898 eam.
804 4822 1054 4900 Postmodum
1077 4821 1242 4901 ostendit
1259 4820 1386 4899 eidem
1400 4823 1486 4901 testi
1503 4822 1698 4930 quoddam
1719 4848 1775 4898 ca·
