4236 5948
351 525 425 600 ssa
739 507 936 598 rnoots
963 525 1057 596 ons
1084 524 1382 595 Tnuemnns.

349 668 481 773 petivit
496 666 543 743 ab
566 695 611 744 eo
631 685 758 743 utrum
780 666 948 743 crederet
972 666 1011 740 in
1038 693 1124 741 eum
1150 665 1256 771 cujus
1283 692 1414 772 ymago
1439 681 1516 740 erat
1535 662 1606 754 ibi,
1634 665 1770 773 etipse

350 798 441 872 dixit
462 797 567 902 quod
582 797 650 887 sic;
669 815 706 873 et
723 814 812 872 ωηο
834 795 925 871 dixit
944 794 1013 871 sibi
1036 795 1139 903 quod
1156 824 1233 872 non
1255 794 1416 872 debebat
1434 793 1587 871 credere
1607 795 1646 870 in
1664 823 1769 885 eum,

349 932 437 1036 quia
458 930 570 1006 falsus
586 930 766 1035 propbeta
784 946 880 1016 erat,
904 946 941 1005 et
961 928 1064 1034 quod
1085 956 1160 1005 non
1181 928 1352 1004 crederet
1371 927 1440 1002 nisi
1460 927 1498 1001 in
1515 927 1639 1004 Deum
1658 955 1772 1032 supe·

348 1063 504 1149 riorem‚
528 1077 564 1135 et
580 1061 684 1166 quod
699 1061 738 1135 in
756 1060 904 1167 signum
918 1059 1022 1166 quod
1035 1087 1111 1135 non
1127 1059 1297 1134 crederet
1310 1074 1459 1163 spueret
1478 1086 1589 1162 supra
1604 1086 1770 1147 crucem;

349 1207 385 1265 et
403 1209 493 1266 ωηο
513 1191 590 1294 ipse
607 1191 707 1295 spuit
725 1208 783 1266 ter
793 1192 894 1297 juxta
913 1217 1078 1276 crucem,
1102 1187 1246 1295 fingens
1266 1217 1399 1293 spuere
1417 1217 1527 1293 supra
1547 1216 1709 1265 crucem.
1725 1190 1772 1264 Et

348 1338 437 1396 tunc
460 1320 612 1426 quidam
640 1321 752 1396 frater
783 1337 904 1396 astans
927 1319 978 1396 ibi
1007 1319 1129 1395 dixit:
1155 1321 1262 1394 «Non
1282 1318 1422 1394 faciatis
1442 1346 1613 1424 magnam
1632 1319 1708 1394 vim
1723 1319 1771 1395 de

348 1452 434 1537 isto,
453 1452 540 1556 quia
558 1451 668 1527 nimis
684 1451 830 1557 juvenis
848 1468 912 1526 est.
931 1489 943 1516 »
963 1452 1213 1556 Interrogatus
1232 1449 1278 1526 de
1301 1448 1446 1536 osculo,
1470 1447 1561 1524 dixit
1582 1477 1651 1553 per
1666 1449 1771 1554 jura-

348 1599 516 1657 mentum
544 1609 653 1658 suum
686 1583 790 1686 quod
819 1581 883 1657 ille
910 1581 1092 1686 recipiens
1119 1579 1284 1684 precepit
1309 1579 1378 1656 sibi
1409 1578 1513 1684 quod.
1540 1579 1771 1655 oscularetur

347 1740 434 1787 eum
452 1711 490 1786 in
509 1709 583 1786 finc
600 1712 704 1816 spine
724 1712 841 1799 dorsi,
864 1711 902 1786 in
922 1710 1102 1787 umbilico
1119 1727 1156 1785 et
1175 1711 1213 1785 in
1233 1738 1314 1796 ore,
1338 1727 1391 1797 et,
1409 1737 1484 1785 non
1507 1709 1679 1785 obstante
1692 1738 1771 1814 pre-

346 1859 470 1947 cepto,
495 1840 586 1917 dixit
604 1871 673 1946 per
682 1843 937 1948 juramentum
958 1870 1067 1917 suum
1084 1840 1187 1946 quod
1203 1867 1279 1915 non
1299 1838 1486 1917 osculatus
1506 1837 1577 1915 luit
1597 1868 1685 1916 eum
1698 1840 1768 1916 uisi

224 1989 226 1992 ’
345 1973 384 2047 in
406 1972 586 2048 umbilico
609 1990 645 2048 et
665 1973 703 2048 in
725 2002 801 2049 ore.
818 1972 920 2051 Dixit
938 1972 1055 2047 eciam
1076 1999 1143 2075 per
1158 1972 1412 2077 juramentum
1431 1998 1541 2045 suum
1561 1970 1666 2075 quod
1681 1998 1769 2074 pro-

346 2102 471 2178 hibuit
484 2102 553 2178 sibi
569 2102 888 2179 oohabitacionem
899 2102 1117 2186 mnberuxn,
1133 2101 1199 2176 sed
1213 2101 1304 2177 dixit
1317 2099 1388 2176 sibi
1401 2098 1598 2205 quodlecti
1614 2098 1768 2177 fratrum

348 2250 470 2308 essent
490 2260 708 2308 communes
729 2234 826 2308 inter
845 2234 956 2338 ipsos.
1705 2332 1706 2336 Ἰ

403 2364 652 2469 Interrogatus
681 2379 808 2439 utrum
831 2364 880 2450 vi,
913 2361 969 2438 vel
993 2379 1094 2437 metu
1124 2363 1278 2438 carceris
1299 2391 1365 2437 seu
1385 2379 1674 2450 tormentorum,
1705 2381 1769 2439 aut

347 2490 416 2567 alia
444 2491 491 2566 de
514 2521 636 2579 causa,
667 2492 828 2598 aliquam
850 2492 985 2568 dixerit
1004 2491 1199 2568 salsitatem
1221 2492 1278 2568 vel
1299 2492 1544 2568 immiscuerit
1564 2492 1603 2566 in
1624 2491 1769 2597 deposi-

345 2622 450 2699 cione
467 2651 547 2710 sua,
567 2623 659 2699 dixit
673 2651 741 2727 per
751 2623 1006 2729 juramentum
1022 2651 1132 2698 suum
1152 2623 1255 2728 quod
1276 2651 1369 2710 n0n;
1391 2624 1509 2699 immo
1529 2623 1620 2699 dixit
1635 2652 1768 2727 puram

346 2769 383 2828 et
397 2782 537 2829 meram
552 2755 754 2830 veritatem.

400 3018 492 3092 ltem
523 3015 635 3093 frater
659 3016 848 3093 lohannes
872 3016 918 3091 de
939 3015 1133 3103 Chonnes,
1162 3016 1267 3092 etatis
1288 3042 1384 3091 xxxu
1404 3041 1604 3103 annorum,
1621 3015 1767 3120 juratus

345 3145 479 3223 eodem
500 3146 616 3222 modo
634 3146 681 3221 de
702 3175 740 3222 se
758 3163 795 3221 et
810 3145 891 3220 aliis
912 3147 950 3220 in
967 3174 1074 3221 causa
1090 3144 1179 3220 fidei
1195 3127 1319 3221 dicere
1332 3146 1540 3234 veritatem,
1560 3163 1596 3221 et
1610 3147 1768 3223 interro·

343 3293 448 3379 gatus
477 3277 524 3352 de
551 3293 722 3380 tempore
746 3294 783 3352 et
802 3276 917 3352 modo
942 3306 1007 3352 sue
1036 3278 1279 3381 recepcionis,
1311 3278 1401 3354 dixit
1419 3307 1487 3384 per
1509 3279 1766 3384 juramentum

344 3434 455 3480 suum
474 3404 579 3508 quod
593 3404 664 3480 fuit
677 3422 848 3509 receptus
864 3407 901 3479 in
917 3406 1031 3481 domo
1051 3405 1097 3480 de
1113 3405 1288 3483 Chonnes
1307 3437 1375 3512 per
1397 3407 1547 3484 fratrem
1563 3412 1766 3515 Symonem

345 3534 391 3608 de
419 3534 554 3625 Quinci
575 3552 833 3640 preceptorem
853 3535 952 3612 dictc
973 3536 1124 3623 domus,
1148 3565 1195 3613 xn
1216 3538 1302 3612 anni
1323 3556 1409 3614 sunt
1430 3539 1562 3643 elapsi,
1584 3542 1767 3644 presenti·

343 3664 413 3738 bus
427 3663 538 3739 lratre
555 3664 705 3743 Galtero
723 3667 770 3742 dc
793 3665 826 3741 la
843 3667 987 3744 Sotiere
1006 3684 1043 3743 et
1058 3667 1285 3772 quibusdam
1301 3668 1382 3745 aliis
1398 3668 1444 3746 dc
1463 3697 1628 3775 quorum
1650 3671 1767 3748 nomi·

343 3792 452 3870 nibus
465 3822 540 3870 non
554 3794 694 3872 recolit.
710 3795 811 3874 Dixit
824 3797 940 3872 eciam
955 3825 1022 3901 per
1034 3799 1289 3905 juramentum
1305 3827 1414 3875 suum
1433 3799 1553 3904 quod,
1568 3817 1655 3904 post
1669 3801 1766 3878 mul·

341 3940 396 3998 tas
415 3925 680 4028 promissiones
700 3927 747 4003 ab
765 3954 810 4003 eo
826 3926 936 4003 factas
956 3928 1003 4003 de
1024 3928 1264 4005 observandis
1284 3929 1426 4006 statutis
1447 3946 1485 4004 et
1506 3931 1657 4005 secretis
1677 3931 1764 4008 dicti

343 4054 502 4142 ordinis,
524 4073 560 4131 et
578 4056 757 4134 mantello
774 4056 842 4133 sibi
865 4058 913 4133 ad
933 4057 1070 4134 collum
1090 4058 1230 4162 posito,
1255 4057 1378 4134 dictus
1399 4059 1584 4164 recipiens
1603 4059 1766 4137 ostendit

341 4182 412 4260 sibi
428 4187 628 4291 quamdam
647 4164 795 4263 crucem
815 4190 861 4263 de
884 4187 986 4296 ligno
1008 4216 1092 4264 cum
1113 4188 1284 4294 ymagine
1304 4190 1420 4265 lbesu
1441 4188 1579 4265 Christi
1600 4189 1764 4266 crucifixi

343 4342 434 4390 enea
455 4316 592 4392 elevata
613 4347 725 4423 super
745 4345 908 4405 crucem,
935 4335 972 4392 et
999 4319 1127 4422 petivit
1147 4318 1192 4393 ab
1218 4347 1263 4395 eo
1284 4335 1408 4394 utrum
1430 4320 1598 4395 crederet
1618 4319 1657 4393 in
1678 4346 1765 4395 eum

342 4445 447 4551 cujus
467 4446 582 4552 figura
606 4467 683 4524 erat
702 4448 768 4525 ibi.
786 4448 861 4541 Qui
882 4448 1073 4553 respondit
1088 4450 1193 4555 quod
1205 4451 1274 4538 sic3
1294 4467 1331 4526 et
1345 4467 1436 4525 tunc
1448 4449 1569 4526 dictus
1582 4450 1765 4555 recipiens
1881 4546 1884 4551 ,

343 4572 434 4649 dixit
454 4575 523 4650 sibi
543 4608 550 4649 :
569 4578 656 4651 aTu
678 4576 773 4653 male
792 4577 928 4664 credis,
951 4579 1038 4682 quia
1054 4578 1208 4684 quidem
1227 4578 1339 4655 salsus
1353 4579 1535 4684 propbeta
1551 4596 1623 4670 est3
1637 4579 1765 4656 credas

342 4704 579 4781 solummodo
607 4707 645 4781 in
666 4707 791 4782 Deum
816 4707 900 4793 celi,
926 4725 964 4783 et
985 4737 1061 4785 non
1082 4710 1120 4784 in
1140 4710 1264 4785 istum.
1282 4745 1294 4775 n
1310 4711 1357 4784 Et
1376 4710 1455 4814 ipse
1476 4709 1589 4785 dixit:
1612 4708 1763 4787 «Credo

342 4834 378 4906 in
400 4834 544 4910 Patrem
566 4852 603 4911 et
624 4836 758 4913 Filium
780 4855 816 4913 et
834 4838 1014 4942 Spiritum
1030 4841 1225 4930 Sanctum,
1245 4839 1310 4945 qui
1330 4840 1400 4916 luit
1422 4858 1531 4917 natus
1552 4839 1598 4918 de
1612 4841 1761 4946 Virgine
