4236 5948
515 535 589 609 ses
900 517 1094 610 procus
1120 536 1214 608 nus
1240 535 1538 609 TEMPLIERS.

512 695 599 754 tres.
629 677 676 752 Et
710 694 836 782 postea
864 677 1045 783 recipiens
1077 678 1182 753 duxit
1210 706 1297 753 eum
1335 678 1382 753 ad
1411 695 1574 783 partem,
1602 693 1639 753 et
1669 677 1834 753 ostendit
1859 678 1929 755 sibi

514 836 625 884 unam
645 836 792 883 crucem
819 837 902 884 cum
927 808 1095 915 ymagine
1114 809 1231 884 Jbesu
1250 808 1402 896 Christi,
1432 826 1469 885 et
1493 807 1652 914 quesivit
1681 806 1725 884 ab
1753 835 1798 884 eo
1825 809 1930 915 cujus

514 955 608 1015 esset
627 966 759 1043 ymago
778 937 855 1024 iIIa,
879 939 1013 1043 etipse
1038 939 1231 1044 respondit
1247 939 1351 1044 quod
1378 918 1493 1015 Ibesu
1514 938 1669 1025 Christi;
1694 954 1733 1012 et
1749 939 1930 1043 recipiens

512 1068 603 1144 dixit
617 1067 687 1144 sibi
700 1068 803 1174 quod
814 1068 1008 1173 oportebat
1023 1069 1128 1174 quod
1145 1069 1343 1177 abnegaret
1364 1099 1469 1158 eum,
1486 1087 1523 1145 et
1539 1085 1690 1173 spueret
1706 1096 1816 1175 supra
1833 1097 1925 1146 eam.

510 1198 557 1274 Et
573 1216 661 1273 ωηο
681 1198 760 1302 ipse
780 1196 850 1273 fuit
872 1198 1029 1273 multum
1048 1200 1198 1275 territus
1219 1200 1309 1275 etin
1330 1216 1468 1274 tantam
1487 1198 1770 1274 admirationem
1788 1217 1926 1304 raptus,

510 1328 613 1435 quod
631 1328 687 1403 vix
707 1328 845 1404 sciebat
863 1329 956 1434 quid
978 1329 1151 1418 faciebat;
1173 1346 1210 1405 et
1235 1330 1416 1435 recipiens
1441 1329 1599 1434 injunxit
1621 1328 1709 1417 sibi,
1736 1328 1775 1403 in
1795 1329 1928 1407 virtute

510 1459 747 1548 obediencie,
770 1461 874 1567 quod
889 1460 959 1537 hoc
979 1461 1132 1551 faceret,
1153 1462 1280 1537 dicens
1295 1461 1399 1566 quod
1423 1462 1493 1537 hoc
1514 1478 1590 1536 erat
1604 1459 1651 1535 de
1666 1460 1810 1537 statutis
1831 1462 1929 1537 ordi·

510 1591 586 1680 nis3
599 1607 637 1666 et
650 1607 741 1667 ωηο
755 1592 833 1697 ipse
847 1593 912 1697 qui
926 1591 1105 1697 quuitur,
1117 1592 1205 1667 licet
1215 1591 1369 1678 invitus,
1388 1620 1469 1677 ore,
1484 1592 1551 1668 sed
1565 1607 1691 1667 tamen
1709 1619 1785 1667 uon
1796 1592 1924 1680 corde,

509 1737 553 1796 ut
572 1720 677 1809 dicit,
696 1721 889 1829 abnegavit
906 1751 994 1798 eum
1007 1738 1075 1810 ter,
1100 1740 1136 1797 et
1157 1722 1258 1826 spuit
1276 1738 1335 1797 ter
1352 1750 1463 1826 supra
1485 1749 1635 1797 crucem
1658 1737 1695 1795 et
1714 1720 1926 1826 ymaginem

507 1850 708 1955 predictas,
724 1851 852 1927 dicens
873 1851 978 1958 quod
998 1851 1177 1928 Iibentius
1199 1851 1400 1927 dimisisset
1415 1849 1638 1931 mantellum
1652 1866 1689 1925 et
1702 1850 1924 1938 recessisset,

507 1980 538 2057 si
559 1974 671 2056 ausus
685 1978 828 2058 fuisset.

563 2112 656 2186 Item
673 2112 764 2186 dixit
778 2111 882 2217 quod
901 2112 1085 2218 recipiens
1100 2113 1188 2189 fecit
1207 2142 1246 2189 se
1263 2113 1420 2190 osculari
1436 2113 1483 2189 ab
1499 2114 1580 2218 ipso
1602 2112 1640 2186 in
1660 2110 1853 2187 umbilico.

564 2242 657 2318 Item
680 2241 772 2318 dixit
789 2271 857 2347 per
872 2243 1128 2348 juramentum
1144 2242 1247 2349 quod
1267 2260 1440 2348 receptor
1458 2243 1650 2347 predictus
1675 2242 1833 2346 injunxit
1856 2241 1923 2319 sibi

507 2370 853 2476 quodabstinereta
863 2371 1103 2463 mulieribus,
1114 2390 1152 2450 et
1162 2373 1277 2479 quod,
1291 2374 1320 2449 si
1338 2373 1439 2449 canr
1450 2372 1627 2448 naturalis
1640 2389 1806 2447 moveret
1819 2400 1921 2459 eum,

506 2502 698 2577 accederet
714 2501 760 2576 ad
776 2501 907 2578 fratres
918 2531 1020 2592 suos,
1037 2521 1074 2579 et
1091 2532 1155 2580 eos
1169 2503 1342 2579 similiter
1353 2503 1566 2579 admitteret
1581 2503 1628 2577 ad
1646 2519 1821 2577 mutuum
1843 2530 1925 2578 con·

506 2630 689 2707 cubitum.
706 2631 807 2707 Dixit
825 2649 953 2707 tamen
968 2661 1036 2737 per
1049 2633 1307 2739 juramentum
1321 2634 1426 2738 quod
1439 2660 1633 2737 nunquam
1650 2629 1755 2718 fecit,
1773 2659 1842 2706 nec
1855 2630 1925 2707 fuit

505 2790 617 2865 super
633 2762 705 2839 hoc
722 2761 910 2869 abaliquo
927 2764 1147 2869 requisitus,
1166 2765 1232 2840 sed
1252 2764 1371 2839 credit
1387 2791 1455 2869 per
1466 2763 1723 2868 juramentum
1739 2759 1844 2865 quod
1862 2761 1922 2836 aIii

504 2890 636 2969 fratres
646 2893 695 2968 ita
708 2893 933 2998 recipiantur
946 2926 954 2969 ε
969 2923 1163 2999 nunquam
1176 2911 1302 2971 tamen
1320 2893 1391 2969 suit
1408 2894 1447 2968 in
1463 2892 1683 2997 reccpcione
1700 2890 1867 2996 alicujus.

561 3024 654 3099 Item
674 3024 765 3100 dixit
783 3053 850 3130 per
864 3025 1121 3130 juramentum
1135 3025 1237 3129 quod
1251 3053 1443 3129 nunquam
1458 3024 1553 3099 vidit
1573 3021 1694 3126 capud
1715 3020 1821 3124 quod
1836 3021 1926 3097 ado·

503 3183 583 3232 rare
606 3155 793 3230 dicuntur.

558 3286 652 3362 Item
672 3285 780 3372 dixit,
805 3313 873 3389 per
888 3288 1145 3392 juramentum
1173 3313 1286 3389 super
1311 3284 1383 3359 hoc
1409 3282 1455 3359 ab
1487 3309 1532 3357 eo
1556 3281 1680 3357 adhuc
1702 3280 1919 3386 prestitum,

502 3413 606 3520 qnod
624 3415 674 3500 vi,
696 3415 752 3488 vel
774 3431 878 3489 metu
894 3415 1047 3490 carceris
1067 3431 1130 3490 aut
1151 3413 1345 3500 tormenti,
1368 3440 1443 3488 non
1466 3411 1557 3487 dixit
1577 3410 1680 3485 aliud
1700 3438 1813 3516 quam
1828 3411 1923 3486 veri-

501 3559 633 3632 tatem,
650 3572 719 3619 nec
738 3545 926 3648 premissis
947 3544 1153 3620 immiscuit
1175 3544 1339 3649 aliquam
1362 3543 1575 3630 falsitatem,
1608 3558 1645 3616 et
1666 3540 1771 3647 quod
1791 3567 1921 3643 puram

501 3675 694 3751 veritatem
715 3674 807 3751 dixit
826 3705 893 3780 pro
914 3675 1033 3752 salute
1049 3675 1172 3752 anime
1192 3704 1270 3751 sue.

554 3941 647 4016 Item
668 3938 781 4015 frater
799 3940 972 4017 Nicolaus
992 3941 1040 4016 de
1060 3937 1226 4015 Puteolis
1246 3965 1363 4042 prope
1385 3937 1570 4039 Luparam
1596 3931 1812 4009 Parisiensis
1838 3931 1921 4006 dio-

498 4071 606 4157 cesis,
638 4087 762 4145 custos
788 4071 925 4146 domus
955 4070 1001 4147 de
1031 4067 1250 4155 Messelent,
1282 4067 1390 4143 etatis
1422 4064 1694 4171 quinquaginta
1731 4087 1918 4137 annorum

497 4199 556 4277 vel
576 4200 686 4288 circa,
717 4199 853 4276 eodem
874 4201 989 4276 modo
1006 4201 1156 4306 juratus
1184 4214 1222 4273 et
1242 4199 1505 4301 interrogatus,
1537 4193 1630 4270 dixit
1649 4221 1718 4297 per
1728 4191 1920 4298 juramen-

496 4347 580 4407 tum
607 4359 720 4406 suum
744 4330 850 4436 quod
873 4329 969 4406 bene
995 4347 1083 4405 sunt
1106 4328 1235 4434 viginti
1263 4344 1339 4403 tres
1364 4325 1450 4401 anni
1476 4322 1535 4400 vel
1556 4323 1652 4398 circa
1672 4320 1787 4426 elapsi
1815 4317 1920 4425 quod

498 4458 568 4535 Iuit
586 4475 758 4564 receptus
779 4459 817 4535 in
839 4459 952 4537 domo
975 4460 1021 4535 de
1041 4459 1192 4534 Yvriaco
1218 4458 1255 4532 in
1276 4455 1489 4560 Veuqesino
1516 4452 1728 4538 Parisiensi,
1758 4477 1826 4554 per
1846 4447 1918 4524 fra·

497 4609 593 4668 trem
615 4592 825 4669 Iohannem
847 4593 894 4668 de
916 4593 1047 4670 Turno
1072 4606 1163 4665 tunc
1181 4586 1362 4691 temporis
1383 4582 1659 4661 thesaurarium
1679 4577 1829 4685 Templi
1854 4577 1920 4652 Pa-

498 4721 678 4810 risiensis,
699 4721 938 4829 presentibus
957 4719 1068 4797 fratre
1090 4718 1253 4796 Roberto
1275 4717 1321 4792 de
1341 4715 1517 4820 Plesseyo
1531 4729 1569 4789 et
1583 4729 1744 4818 quatuor
1757 4708 1839 4785 aliis
1852 4706 1917 4814 qui

493 4852 571 4960 jam
593 4870 681 4941 sunt
701 4853 851 4928 mortui.

2027 4738 2057 4789 γ.
