4236 5948
727 497 924 593 raocts
956 520 1053 591 uns
1084 519 1391 595 rnurtrnns
1699 531 1772 601 229

345 661 487 739 instans
506 657 644 736 festum
663 657 901 737 Ascensionis
919 659 1071 737 Domini
1093 677 1203 737 erunt
1216 688 1312 740 xxvii
1334 661 1431 749 anni,
1453 664 1689 768 presentibus
1706 666 1774 742 lra-

344 789 465 867 tribus
485 789 655 867 Johanne
675 789 728 865 las
743 790 975 868 Chaussadas
995 807 1214 894 preceptore
1235 791 1333 867 dicte
1354 791 1506 882 domus,
1533 791 1707 872 Dionisio
1726 796 1773 873 de

345 920 484 998 Castris
511 936 550 995 et
581 918 768 996 Ademaro
794 921 834 996 la
868 921 1068 1027 Brugieyra
1103 921 1366 1010 servientibus,
1399 921 1616 1014 deffunctis3
1646 953 1666 1000 a
1699 955 1774 1032 qno

345 1067 554 1155 receptore,
580 1050 784 1127 instructus
807 1080 876 1156 per
899 1049 1007 1137 alios,
1035 1050 1147 1157 peciit
1169 1079 1305 1156 panem
1327 1069 1365 1128 et
1388 1081 1522 1159 aquam
1551 1073 1588 1129 et
1618 1056 1775 1135 societa-

344 1198 421 1257 tem
451 1180 611 1268 ordinis3
639 1198 676 1257 et
705 1210 791 1257 cum
817 1183 851 1258 ei
878 1182 1090 1286 predictum
1114 1180 1246 1259 luisset
1277 1182 1382 1288 quod
1404 1183 1502 1260 bene
1531 1184 1771 1278 deliberaret,

345 1311 430 1415 qnia
457 1327 649 1417 oporteret
673 1340 760 1388 eum
786 1312 905 1388 multa
924 1312 1018 1388 dura
1045 1328 1083 1385 et
1106 1340 1234 1416 aspera
1261 1313 1460 1402 sustinere,
1490 1332 1527 1391 et
1551 1315 1713 1394 finaliter
1738 1321 1772 1397 ei

344 1442 509 1545 predicta
532 1442 791 1531 concessisset,
820 1441 907 1518 fecit
936 1471 1024 1519 eum
1052 1469 1183 1517 vovere
1214 1459 1251 1519 et
1277 1444 1403 1549 jurare
1431 1445 1652 1535 castitatem,
1681 1448 1772 1526 obe·

345 1571 544 1657 dienciam,
567 1587 605 1647 et
623 1572 743 1648 vivere
768 1573 846 1648 sine
870 1573 1042 1678 proprio,
1074 1600 1216 1648 servare
1241 1573 1362 1651 bonos
1381 1601 1472 1649 usus
1499 1592 1535 1650 et
1546 1574 1665 1651 bonas
1684 1605 1772 1654 con·

344 1702 561 1788 suetudines
589 1702 747 1789 ordinis,
776 1731 853 1780 non
877 1703 1040 1779 revelare
1064 1719 1205 1779 secreta
1234 1703 1482 1807 capitulorum
1514 1733 1583 1780 nec
1611 1707 1770 1783 modum

343 1833 572 1938 recopcionis
587 1861 671 1920 sue,
690 1851 728 1909 et
746 1835 850 1940 quod
870 1834 1012 1910 dictum
1034 1833 1207 1910 ordinem
1220 1862 1297 1910 non
1313 1833 1519 1911 dimitteret
1528 1864 1597 1939 pro
1618 1837 1709 1922 alio;
1734 1854 1771 1913 et

342 1964 519 2068 imposito
538 1964 607 2040 sibi
626 1964 805 2041 mantello
826 1981 863 2040 et
882 1991 976 2069 aqua
994 1962 1192 2040 benedicta
1211 1992 1357 2067 aspersa
1377 1993 1489 2070 super
1509 1993 1596 2041 eum
1616 1995 1684 2071 per
1703 1965 1769 2042 sra-

342 2111 438 2170 trem
457 2097 496 2170 P.
525 2095 571 2171 de
592 2097 750 2200 Remeys
773 2094 1035 2199 presbiterum,
1058 2094 1123 2199 qui
1145 2094 1261 2169 eciam
1282 2094 1424 2183 aderat,
1449 2123 1563 2200 quem
1584 2096 1703 2173 credit
1722 2099 1771 2177 vi-

342 2252 442 2316 vere,
470 2246 507 2302 et
534 2226 634 2302 dicto
664 2226 806 2331 psalmo
834 2225 999 2301 Ecclesie
1030 2225 1144 2317 Quom
1181 2227 1316 2311 bonum,
1346 2241 1517 2330 receptor
1544 2242 1581 2301 et
1609 2245 1770 2305 astantes

342 2355 495 2433 firerunt
517 2384 605 2432 eum
630 2356 783 2434 osculati
809 2356 847 2430 in
873 2384 955 2443 ore,
983 2355 1123 2459 etipse
1148 2354 1253 2431 testis
1276 2354 1347 2431 fuit
1372 2355 1489 2432 eciam
1510 2356 1696 2441 osculatus
1716 2386 1770 2434 re

343 2484 532 2590 ceptorem
548 2503 649 2563 retro
664 2486 702 2561 in
719 2486 879 2563 humero
896 2513 1008 2592 super
1026 2502 1155 2562 vestes.
1170 2486 1362 2590 Postque,
1380 2485 1563 2567 instructo
1578 2488 1661 2592 ipso
1673 2505 1768 2565 teste

237 2713 241 2720 Ι
344 2613 503 2721 qualiter
516 2633 665 2723 regeret
688 2645 727 2692 se
752 2617 792 2691 in
817 2614 967 2706 ordine,
984 2615 1151 2721 precepit
1176 2615 1299 2690 dictus
1318 2631 1490 2721 receptor
1516 2616 1642 2693 eidem
1664 2619 1765 2709 testi,

344 2747 381 2820 in
401 2747 597 2853 presencia
617 2746 797 2835 aliorum,
820 2746 924 2851 quod
949 2746 1150 2851 abnegaret
1174 2744 1346 2831 thusum,
1369 2761 1407 2821 et
1427 2746 1506 2849 ipse
1526 2747 1634 2824 testis
1653 2747 1767 2823 abne-

343 2878 603 2983 gavitJbesum
621 2904 703 2964 ore,
720 2904 796 2952 non
813 2877 938 2953 corde.
951 2874 1100 2952 Deinde
1114 2874 1220 2950 duxit
1232 2874 1357 2978 ipsum
1371 2892 1507 2953 testem
1522 2877 1570 2952 ad
1584 2877 1763 2983 angulum

344 3007 441 3085 dicte
466 3006 625 3113 capelle,
649 3035 691 3084 ex
721 3023 824 3111 parte
845 3006 989 3093 dextra,
1011 3005 1107 3081 intra
1130 3004 1244 3080 altare
1277 3023 1315 3082 et
1334 3006 1508 3095 chorum,
1541 3022 1579 3083 et
1612 3007 1704 3082 dixit
1728 3007 1763 3083 ei

343 3140 446 3244 qnod
470 3155 623 3245 spueret
645 3139 684 3213 in
710 3138 810 3214 dicto
840 3136 943 3227 loco,
969 3136 1057 3243 quia
1089 3135 1141 3211 ibi
1166 3153 1244 3212 erat
1265 3137 1430 3242 quadam
1452 3165 1556 3227 crux,
1578 3166 1691 3243 quam
1714 3156 1764 3215 ta·

344 3297 431 3345 men
452 3267 531 3372 ipse
553 3267 660 3343 testis
681 3293 758 3342 non
781 3267 890 3355 vidit,
917 3267 1004 3372 quia
1030 3265 1135 3343 locus
1164 3283 1241 3342 erat
1266 3265 1463 3358 obscurus,
1491 3285 1529 3343 et
1555 3268 1634 3372 ipse
1660 3269 1766 3346 testis

343 3400 443 3505 spuit
456 3400 496 3475 in
514 3399 614 3474 dicto
633 3397 736 3485 loc03
751 3424 828 3474 non
848 3415 976 3474 tamen
995 3397 1195 3476 declaravit
1217 3399 1253 3474 ei
1267 3400 1372 3505 quod
1385 3399 1691 3504 predictaessent
1717 3401 1764 3477 de

343 3531 491 3635 punctis
511 3529 667 3605 ordinis.
693 3528 774 3606 Alia
795 3528 925 3605 illicita
954 3557 1032 3606 non
1063 3529 1346 3606 intervenerunt
1371 3530 1409 3606 in
1433 3529 1533 3606 dicta
1557 3558 1622 3606 sua
1644 3558 1766 3637 recep

343 3661 451 3736 cione
468 3687 538 3736 nec
556 3674 658 3764 post,
682 3675 720 3734 et
746 3659 794 3734 de
816 3658 928 3735 dictis
946 3658 1087 3735 illicitis
1112 3659 1205 3735 dixit
1235 3687 1274 3735 se
1304 3658 1418 3736 fuisse
1448 3658 1676 3754 confessum,
1704 3689 1765 3738 ne·

342 3790 411 3867 scit
428 3789 499 3867 cui.
526 3790 642 3882 ltem,
659 3789 766 3864 ‚dixit
793 3789 896 3894 quod
922 3806 1011 3866 sunt
1035 3788 1182 3865 circiter
1199 3817 1273 3866 xxii
1295 3790 1383 3865 anni
1413 3791 1518 3896 quod
1546 3790 1626 3895 ipse
1642 3794 1762 3883 testis,

343 3922 430 4025 qnia
456 3918 671 4026 frequenter
696 3919 888 3995 audiverat
908 3919 1044 3995 cantari
1076 3919 1183 3995 leesa
1215 3918 1370 3997 salvator
1396 3922 1533 4006 ‚secnlrss
1566 3922 1678 4024 peciit
1708 3952 1764 3999 se-

344 4068 444 4127 creto
467 4079 489 4126 a
520 4049 633 4127 fratre
653 4050 693 4125 P.
713 4048 836 4127 Dalbo
860 4048 1072 4154 quondam,
1096 4067 1316 4155 preceptore
1336 4067 1427 4126 tunc
1457 4051 1593 4129 domus
1613 4052 1763 4157 Templi

343 4183 389 4259 de
406 4182 519 4260 Ulmo
534 4182 684 4260 Tuandi
709 4181 949 4259 Bituricensis
973 4181 1148 4272 diocesis,
1175 4181 1330 4286 antiquo
1356 4179 1529 4270 homine,
1550 4209 1666 4286 quare
1686 4211 1764 4287 pre·

342 4312 550 4418 cipiebatur
567 4310 743 4392 fratribus
764 4310 909 4389 ordinis
930 4311 1035 4417 quod
1051 4309 1282 4419 abnegarent
1297 4310 1470 4402 lhesum‚
1493 4338 1579 4386 cum
1599 4310 1671 4386 hoc
1691 4341 1764 4388 ma·

341 4441 421 4518 lum
445 4459 556 4533 esset,
579 4443 666 4547 quia
694 4441 815 4518 dictus
842 4441 992 4549 bypnus
1012 4440 1162 4517 dicebat
1187 4440 1393 4546 quoderat
1420 4439 1577 4516 salvator
1594 4439 1709 4516 seculi
1726 4459 1764 4518 et

340 4571 443 4649 filius
457 4570 620 4679 Virginis
643 4570 776 4661 Marie3
801 4587 839 4647 et
854 4571 977 4648 dictus
992 4569 1105 4657 frater
1129 4572 1261 4648 Petrus
1285 4570 1479 4676 respondit
1503 4569 1537 4645 ei
1558 4569 1662 4674 quod
1686 4600 1764 4649 non

342 4718 438 4779 esset
464 4701 633 4779 curiosus
663 4700 711 4778 ad
736 4700 1006 4806 inquirendum
1029 4701 1077 4778 de
1101 4701 1194 4791 hoc,
1224 4699 1311 4806 quia
1332 4729 1376 4776 ex
1394 4699 1466 4776 boc
1490 4717 1618 4805 posset
1644 4702 1763 4779 incur·

341 4859 422 4909 rere
439 4832 744 4941 indignacionem
769 4831 925 4909 fratrum
943 4849 981 4910 et
995 4831 1230 4939 superiorum
1252 4831 1412 4922 ordinis,
1434 4848 1471 4907 et
1491 4833 1595 4937 quod
1622 4833 1693 4908 iret
1714 4833 1761 4909 ad
