4236 5948
344 547 417 621 sot
476 613 479 620 ,
734 522 930 615 procus
956 538 1051 611 uns
1078 537 1375 612 rnurmaas·

341 685 414 764 Dei
435 683 637 790 evangelia,
657 683 704 760 ab
719 711 764 759 eo
781 679 1023 786 corporaliter
1048 697 1158 771 tacta,
1180 679 1220 757 in
1241 706 1350 757 causa
1377 675 1468 754 fidei
1489 676 1543 754 de·
1557 704 1596 754 se
1622 694 1660 753 et
1685 677 1765 755 aliis

344 817 468 894 dicere
495 815 705 905 veritatem,
734 831 772 891 et
794 811 995 918 requisitus
1021 811 1067 889 de
1096 828 1266 917 ternpore
1292 827 1329 886 et
1346 808 1472 886 modo
1493 836 1560 885 sue
1579 810 1767 915 recepcio

344 947 418 1033 nis,
440 943 532 1021 dixit
551 973 619 1049 per
626 945 885 1049 juramentum
899 970 1011 1019 suum
1031 942 1135 1048 quod
1155 939 1226 1019 tuit
1243 956 1414 1047 receptus
1433 939 1475 1016 in
1488 937 1608 1019 domo
1619 939 1765 1045 Templi

343 1075 620 1184 Lugdunensis,
640 1103 707 1179 per
731 1074 878 1151 fratrem
904 1073 1152 1179 Hymbertum
1174 1072 1221 1150 de
1246 1070 1413 1149 Paraudo
1440 1088 1614 1175 patruum
1638 1099 1764 1158 suum,

336 1202 383 1282 in
402 1206 498 1283 festo
518 1206 720 1311 Magorum
736 1205 952 1283 immediate
975 1205 1153 1308 preterito
1174 1201 1329 1286 fuerunt
1346 1201 1588 1307 quadraginta
1605 1218 1767 1305 quatuor

345 1337 447 1423 anni,
465 1335 700 1440 presentibus
712 1335 823 1412 fratre
839 1335 1000 1410 Henrico
1022 1335 1069 1410 de
1083 1334 1177 1411 Dola
1192 1351 1229 1408 et
1241 1331 1404 1438 quodam
1427 1330 1497 1406 alio
1512 1330 1623 1408 fratre
1639 1350 1766 1408 vocato

219 1468 222 1475 ’
346 1466 537 1552 iohanne,
559 1465 624 1570 qui
654 1483 780 1570 postea
809 1464 880 1548 fuit
901 1481 1097 1570 preceptor
1111 1463 1158 1539 de
1179 1462 1213 1539 la
1231 1465 1362 1552 Muce‚
1385 1478 1422 1538 et
1441 1460 1669 1565 quibusdam
1689 1462 1767 1538 aliis

346 1597 395 1704 de
424 1622 588 1701 quorum
618 1595 839 1673 nominibus
868 1622 944 1671 nou
974 1593 1116 1672 recolit.
1146 1592 1247 1670 Dixit
1274 1592 1391 1668 eciam
1419 1619 1488 1697 per
1507 1590 1766 1697 juramentum

346 1753 458 1802 suum
480 1723 602 1830 quod,
621 1743 707 1829 post
730 1724 864 1801 multas
884 1725 1153 1830 promissiones
1176 1723 1223 1800 ab
1248 1750 1293 1799 eo
1317 1721 1427 1799 lactas
1454 1721 1502 1798 de
1531 1721 1768 1800 observandis

345 1855 494 1931 statutis
509 1871 546 1931 et
560 1856 712 1931 secretis
726 1854 884 1943 ordinis,
902 1853 1071 1958 positum
1085 1852 1156 1930 luit
1171 1851 1390 1930 mantellum
1409 1849 1553 1929 ordinis
1568 1850 1616 1927 ad
1630 1852 1767 1928 collum

345 2013 475 2074 suum,
499 2003 536 2062 et
554 1986 744 2090 predictus
765 1985 956 2062 lohannes
975 1985 1042 2089 qui
1065 2001 1195 2089 postea
1215 1982 1291 2060 luit
1302 2000 1500 2088 preceptor
1522 1980 1571 2058 de
1596 1982 1633 2057 la
1659 1984 1767 2058 Mure

347 2115 451 2192 duxit
471 2142 558 2191 eum
578 2132 678 2201 retro
703 2115 892 2218 quoddam
921 2113 1051 2200 altare,
1075 2131 1112 2191 et
1131 2111 1296 2190 ostendit
1314 2111 1439 2193 eidem
1459 2111 1662 2217 quamdam
1684 2141 1768 2189 cru-

348 2272 430 2322 cem
451 2245 580 2350 inqua
600 2262 678 2322 erat
697 2245 818 2349 imago
837 2244 953 2321 theru
973 2242 1134 2331 Christi,
1156 2259 1193 2319 et
1211 2242 1378 2348 precepit
1399 2241 1469 2318 sibi
1487 2242 1591 2348 quod
1610 2242 1769 2350 abnega·

346 2391 403 2450 ret
417 2373 528 2450 illum
547 2373 651 2479 cujus
670 2403 801 2480 ymago
822 2373 874 2449 ibi
895 2373 1232 2479 representabatur,
1250 2390 1288 2449 et
1302 2392 1453 2478 spueret
1471 2402 1582 2479 supra
1598 2401 1766 2461 crucem3

347 2522 383 2579 et
410 2506 489 2609 ipse
517 2522 607 2580 tunc
631 2505 718 2581 licet
744 2505 881 2581 invitus
902 2503 1057 2580 Jhesum
1087 2504 1279 2581 Christum
1305 2502 1513 2609 abnegavit,
1536 2531 1617 2592 ore,
1633 2522 1672 2579 et
1692 2532 1768 2581 non

346 2634 476 2721 corde,
498 2651 542 2713 ut
565 2633 668 2710 dixit.
695 2633 795 2711 Dixit
813 2634 932 2709 eciam
953 2663 1021 2739 per
1035 2633 1296 2740 juramentum
1317 2661 1428 2711 suum
1451 2633 1573 2738 quod,
1599 2661 1677 2710 non
1701 2633 1768 2711 ob-

345 2781 471 2847 stante.
489 2781 666 2870 precepto
690 2765 795 2870 quod
814 2763 887 2840 fuit
909 2763 980 2841 sibi
1001 2762 1139 2842 sactum
1159 2763 1205 2840 de
1226 2761 1418 2869 spuendo,
1435 2781 1515 2841 non
1534 2766 1634 2870 spuit
1658 2794 1768 2870 supra

346 2923 493 2975 crucem
504 2955 513 2984 ,
526 2913 569 2973 ut
584 2895 690 2982 dixit,
707 2912 745 2972 et
758 2923 833 2972 non
845 2893 1038 3001 abnegavit
1052 2894 1124 2971 nisi
1142 2893 1270 2971 semel.
1287 2892 1505 2999 Requisitus
1516 2911 1644 2972 utrum
1661 2923 1769 2972 oscu-

344 3026 440 3105 latus
458 3026 592 3105 suisset
609 3027 868 3131 recipientem,
887 3025 945 3102 vel
965 3027 1044 3131 ipse
1064 3026 1247 3131 recipiens
1256 3026 1380 3132 ipsum
1397 3026 1462 3132 qui
1477 3025 1657 3133 loquitur,
1676 3027 1769 3103 dixit

344 3186 412 3261 per
416 3156 673 3265 juramentum
681 3185 794 3239 suurn
805 3156 909 3261 quod
922 3156 977 3233 sic.
987 3157 1025 3232 in
1042 3184 1106 3233 ore
1120 3156 1372 3233 solummodo,
1384 3158 1632 3263 Interrogatus
1640 3174 1767 3234 utrum

345 3285 488 3391 aliquos
507 3285 637 3362 iratres
650 3287 867 3392 recepisset,
891 3286 982 3363 dixit
1001 3314 1070 3392 per
1079 3290 1335 3392 juramentum
1355 3315 1466 3365 suum
1483 3287 1590 3393 quod
1608 3287 1661 3362 sic
1687 3287 1769 3392 plu-

344 3414 429 3491 ries.
452 3416 668 3519 Requisitus
689 3444 757 3520 per
776 3445 890 3521 quem
912 3417 1068 3492 modum
1085 3416 1302 3522 recipiebat,
1321 3415 1411 3492 dixit
1429 3445 1496 3523 per
1511 3417 1768 3522 juramentmn

346 3573 457 3625 suum
474 3545 599 3650 quod,
614 3564 815 3650 postquam
829 3547 1078 3651 promiserant
1097 3541 1240 3624 servare
1255 3564 1389 3625 statuta
1400 3564 1437 3624 et
1448 3563 1592 3624 secreta
1605 3547 1765 3634 ordinis,

347 3691 386 3750 et
403 3673 586 3755 mantellis
606 3676 653 3752 ad
674 3676 771 3753 colla
789 3677 959 3782 ipsorum
974 3677 1120 3783 positis,
1142 3676 1303 3757 ducebat
1319 3705 1385 3754 eos
1398 3676 1448 3754 ad
1460 3675 1542 3755 loca
1553 3694 1715 3764 secreta,
1733 3695 1769 3753 et

345 3803 504 3901 faciebat
518 3834 557 3883 se
573 3807 733 3884 osculari
756 3808 872 3885 abeis
891 3808 930 3885 in
951 3806 1120 3885 inferiori
1138 3825 1241 3912 parte
1262 3807 1376 3912 spine.
1392 3805 1511 3895 dorsi,
1527 3807 1567 3884 in
1586 3806 1768 3884 umbilico

346 3952 383 4011 et
397 3935 436 4010 in
452 3963 535 4022 ore,
553 3953 591 4013 et
608 3954 736 4041 postea
747 3936 906 4015 iaciebat
921 3939 1108 4043 apportari
1129 3965 1278 4015 crucem
1294 3938 1333 4014 in
1343 3937 1535 4043 presencia
1547 3936 1766 4043 cujuslibet,

347 4064 548 4147 etdicebat
566 4067 619 4143 eis
634 4067 738 4171 quod
754 4066 951 4173 oportebat
971 4067 1018 4145 de
1031 4068 1178 4145 statutis
1198 4067 1308 4145 dictis
1327 4067 1471 4144 ordinis
1484 4068 1588 4173 quod
1608 4066 1769 4173 abnega·

344 4211 430 4293 rent
442 4192 663 4287 ,crucifixum
679 4213 717 4273 et
731 4225 881 4274 crucem
893 4213 964 4287 ter,
978 4215 1016 4273 et
1033 4214 1210 4302 spuerent
1224 4226 1334 4301 supra
1348 4225 1496 4274 crucem
1512 4213 1549 4272 et
1557 4196 1768 4302 ymaginem

343 4325 362 4399 l
368 4324 461 4403 besu
474 4323 776 4415 Christi;‚dicens
795 4327 918 4432 quod,
936 4326 1024 4407 licet
1040 4327 1113 4404 hoc
1129 4327 1269 4404 eisdem
1282 4327 1505 4432 preciperet,
1524 4354 1601 4401 non
1612 4325 1769 4403 faciebat

346 4454 471 4532 corde.
490 4456 712 4560 'Requisitus
736 4474 866 4534 utrum
890 4457 1092 4537 invenisset
1116 4456 1261 4562 aliquos
1289 4458 1355 4562 qui
1370 4458 1452 4535 ‘hoc
1476 4454 1597 4533 lacere
1623 4473 1770 4533 contro-

347 4582 530 4672 dicereut‚
552 4586 645 4669 dixit
666 4587 771 4692 quod
789 4589 857 4676 sic,
874 4606 1001 4666 tamen
1025 4586 1187 4667 finaliter
1206 4586 1391 4665 faciebant
1414 4586 1705 4692 abnegacionem
1732 4605 1769 4662 et

346 4714 592 4820 spuicionem.
608 4717 845 4797 Dixiteciam
860 4748 928 4824 per
939 4720 1198 4825 juramentum
1218 4746 1330 4796 suum
1350 4719 1459 4824 quod
1476 4717 1663 4823 illis-quos
1682 4717 1770 4794 reci·

347 4843 473 4946 piebat
488 4844 637 4930 dicebat
651 4849 772 4952 quod,
789 4852 820 4927 si
835 4848 969 4955 aliquis
984 4850 1083 4929 calor
1097 4849 1276 4931 naturalis
1288 4866 1440 4956 urgeret
1454 4848 1556 4955 ipsos
1573 4848 1623 4925 ad
1642 4848 1770 4925 incon-
