4236 5948
633 521 826 616 euocns
853 542 947 614 uns
974 540 1269 616 renuimus.
1586 544 1655 616 us

168 722 173 731 ·
246 705 309 786 per
328 677 526 757 domiuum
558 682 774 787 episcopum
795 682 1095 773 Ruthenensem,
1116 683 1222 761 lectis
1254 701 1291 759 et
1320 679 1520 787 diligenter
1548 710 1658 789 expo·

243 812 322 890 sitis
349 811 419 888 sibi
444 810 622 888 omnibus
653 828 691 888 et
721 812 876 921 singulis
904 811 1085 904 articulis,
1114 813 1309 920 respondit
1339 840 1378 888 se
1408 812 1566 902 nescire,
1589 841 1657 889 uec

243 940 410 1029 credere,
443 970 511 1019 nec
528 940 711 1020 audivisse
731 943 802 1019 dici
834 944 881 1020 de
909 943 1094 1021 contentis
1122 945 1161 1020 in
1183 945 1235 1022 eis
1255 944 1325 1020 nisi
1346 941 1451 1049 quod
1474 943 1655 1048 sequitur.

241 1072 342 1149 Dixit
373 1100 536 1179 namque
566 1100 604 1148 se
635 1071 749 1150 luisse
783 1091 991 1179 receptum,
1025 1072 1062 1150 in
1095 1074 1247 1153 instanti
1277 1100 1406 1152 mense
1436 1074 1659 1178 septembris

242 1219 353 1279 erunt
383 1199 439 1280 xxi
472 1203 559 1278 anni
588 1204 646 1280 vel
678 1203 789 1290 circa,
817 1204 854 1279 in
888 1204 1050 1311 quadam
1086 1236 1231 1285 camera
1264 1206 1401 1284 domus
1429 1203 1578 1310 Templi
1610 1205 1657 1280 de

243 1333 371 1409 Monte
391 1329 610 1423 Pessulano,
637 1360 705 1439 per
733 1332 883 1410 fratrem
917 1334 1099 1412 Poncium
1127 1336 1174 1412 da
1212 1339 1325 1413 Broet
1358 1334 1515 1411 militem
1536 1362 1659 1440 quon·

243 1462 345 1551 dam,
369 1479 460 1539 tunc
484 1478 740 1568 preceptorem
771 1463 980 1552 Provincie,
1012 1466 1248 1572 presentibus
1271 1462 1447 1542 fratribus
1468 1462 1658 1541 Beruardo

243 1592 289 1667 de
322 1590 484 1669 Cubita
517 1588 652 1679 milite,
686 1620 802 1697 quem
834 1593 952 1670 credit
982 1621 1061 1671 esse
1093 1614 1240 1700 captum
1262 1594 1361 1671 ultra
1381 1592 1602 1683 Rodanum,
1621 1611 1659 1671 et

243 1720 450 1799 Guillelmo
476 1719 593 1799 d'Arsi
627 1721 747 1798 milite
773 1723 983 1828 quondam,
1017 1741 1055 1801 et
1086 1722 1294 1802 Guillelmo
1328 1724 1390 1803 del
1429 1725 1531 1802 Rane
1574 1751 1659 1829 pre·

243 1869 391 1957 ceptore
418 1850 516 1928 dicte
542 1851 695 1942 domus,
722 1853 891 1943 detento,
923 1869 965 1930 ut
1000 1853 1134 1942 credit,
1166 1855 1266 1961 apud
1299 1855 1485 1940 Alestum,
1511 1871 1554 1928 et
1572 1855 1660 1961 Ray·

243 1981 389 2057 mundo
416 1981 615 2061 Guillermi
644 1982 691 2059 de
719 1985 841 2060 Benca
871 1983 1010 2071 milite,
1044 1985 1205 2062 Parisios
1240 1985 1409 2071 detento,
1440 2000 1483 2058 ut
1517 1982 1657 2075 credit,

243 2129 279 2190 et
297 2110 525 2218 quibusdam
548 2112 630 2190 aliis
656 2109 702 2188 de
725 2112 866 2219 quibus
884 2142 961 2190 non
990 2114 1140 2206 recolit,
1164 2114 1203 2190 in
1227 2115 1328 2191 hunc
1358 2112 1516 2190 modum
1540 2146 1548 2190 ε
1571 2142 1657 2191 narn

243 2242 356 2346 petita
390 2242 563 2319 societate
592 2241 749 2319 lratrnm
790 2244 951 2333 ordinis,
989 2272 1073 2320 com
1112 2244 1253 2321 diceret
1282 2273 1321 2320 se
1350 2261 1520 2349 paratum
1554 2243 1660 2321 abdi-

243 2400 325 2452 care
350 2401 369 2448 a
395 2400 434 2450 se
461 2370 650 2477 propriam
669 2372 899 2450 voluntatem
928 2390 966 2450 ct
987 2372 1081 2450 velle
1108 2402 1188 2452 esse
1213 2403 1362 2451 servum
1390 2372 1574 2450 esclavum
1600 2402 1661 2453 or·

244 2502 358 2589 diuis,
388 2502 547 2608 prescito
567 2531 635 2608 per
649 2504 908 2612 juramentum
934 2533 1044 2582 suum
1072 2504 1177 2610 quod
1205 2533 1281 2582 nou
1303 2521 1380 2580 erat
1404 2503 1547 2581 servilis
1571 2532 1660 2581 con-

245 2633 416 2724 dicionis,
439 2651 599 2710 necerat
622 2632 729 2711 alteri
751 2632 941 2741 religioni,
960 2663 1029 2711 uec
1049 2633 1307 2721 matrimonio,
1335 2661 1403 2710 nec
1432 2631 1658 2739 debitisque

243 2789 317 2841 non
345 2782 472 2869 posset
494 2761 636 2841 solvere
659 2763 863 2871 obligatus,
887 2794 956 2843 nec
985 2765 1165 2842 latentem
1191 2764 1446 2841 infirmitatem
1475 2763 1657 2854 habebat,

243 2893 363 2971 dictus
379 2910 549 2999 receptor
563 2892 651 2970 lecit
670 2922 759 2971 eum
782 2922 915 2972 vovere
934 2912 971 2971 et
983 2896 1112 3001 jurare
1126 2894 1349 2981 castitatem,
1375 2892 1657 2983 obedienciam,

244 3040 280 3101 et
292 3024 412 3101 vivere
428 3023 508 3101 siue
531 3023 699 3130 proprio.
714 3024 801 3119 Quo
816 3023 912 3102 lacto
932 3024 1114 3132 imposuit
1127 3023 1198 3101 sibi
1218 3021 1457 3112 mantellum,
1474 3021 1657 3102 dicendo:

244 3156 310 3232 ·1n
338 3155 491 3232 nomine
519 3154 637 3233 Patris
669 3173 708 3232 et
739 3154 824 3233 Filii
855 3172 893 3232 et
924 3154 1086 3261 Spiritus
1120 3154 1291 3243 Sancti3·
1320 3151 1432 3229 fratre
1466 3153 1658 3231 Bernardo

241 3284 374 3361 Borret
395 3283 619 3389 presbitero,
642 3285 707 3389 qui
727 3285 843 3361 eciam
866 3284 962 3362 dicte
992 3284 1200 3390 recepcioni
1229 3282 1365 3371 adluit,
1394 3283 1541 3360 dicente
1561 3282 1659 3388 psal·

243 3440 347 3492 mum
375 3414 473 3492 Ecce
500 3442 604 3517 quom
635 3417 772 3502 bonum,
807 3433 844 3492 et
874 3432 1093 3524 aspergente
1119 3443 1253 3520 aquam
1281 3412 1519 3490 benedictam
1546 3441 1660 3518 super

242 3571 350 3631 eum,
371 3561 409 3622 et
423 3563 594 3652 receptor
609 3563 646 3622 et
665 3545 727 3622 alii
743 3544 897 3623 luerunt
911 3573 1000 3622 euru
1022 3542 1177 3622 osculati
1199 3545 1237 3621 in
1254 3573 1331 3622 ore.
1353 3543 1498 3621 Deinde
1512 3561 1659 3620 ostensa

242 3674 312 3753 sibi
336 3672 497 3780 quadam
529 3704 637 3751 cruce
672 3675 721 3750 ad
742 3691 880 3751 terram
906 3703 1017 3780 supra
1037 3673 1228 3780 quoddam
1250 3689 1419 3780 tapetum
1441 3673 1576 3779 posita,
1600 3701 1660 3751 ne

241 3803 309 3879 scit
338 3830 545 3909 perquem
571 3802 696 3893 allata,
718 3832 788 3879 nec
813 3804 1031 3880 recordatur
1059 3805 1088 3880 si
1116 3820 1195 3880 erat
1221 3801 1259 3877 in
1295 3830 1337 3877 ea
1362 3802 1486 3908 aliqua
1505 3831 1656 3910 ymago,

242 3932 344 4010 idem
361 3949 532 4037 receptor
565 3933 731 4038 precepit
758 3933 792 4009 ei
820 3934 925 4038 quod
944 3951 1097 4039 spueret
1120 3962 1235 4040 super
1261 3933 1398 4007 dictam
1428 3959 1596 4022 crucem,
1621 3949 1659 4009 et

243 4062 319 4168 ipse
342 4062 466 4150 testis,
494 4063 722 4168 stupefactus
748 4080 786 4140 et
807 4064 1044 4169 perterritus,
1072 4064 1172 4168 spuit
1192 4090 1304 4169 supra
1330 4062 1467 4138 dictam
1487 4088 1655 4148 crucem,

242 4193 477 4271 cumdolore
500 4210 625 4270 tamen
652 4192 787 4270 cordis.
819 4194 1067 4271 Postmodum
1092 4193 1258 4299 precepit
1283 4192 1316 4268 ei
1341 4189 1445 4297 quod
1470 4190 1658 4267 osculare·

241 4339 303 4399 tur
335 4351 421 4400 eum
451 4324 489 4399 in
526 4323 726 4409 umbilico,
766 4341 805 4402 et
835 4325 913 4430 ipse
943 4323 1048 4400 testis
1076 4324 1265 4400 osculatus
1300 4322 1370 4401 fuit
1400 4349 1495 4398 eum
1522 4320 1574 4396 ibi
1600 4320 1657 4398 vel

242 4452 354 4540 circa,
378 4453 415 4529 iu
437 4481 546 4529 carne
570 4453 681 4532 nuda.
706 4453 852 4531 Deinde
873 4452 1039 4561 precepit
1064 4453 1096 4529 ei
1122 4452 1226 4559 quod
1254 4452 1484 4529 oscularetur
1504 4478 1593 4527 enm
1618 4450 1657 4526 in

242 4582 371 4671 dorso,
395 4600 432 4660 et
450 4583 530 4689 ipse
556 4582 629 4661 luit
645 4612 733 4661 eum
749 4583 936 4661 osculatus
962 4612 1076 4689 super
1093 4611 1240 4669 zonam,
1261 4610 1339 4660 non
1362 4581 1526 4659 incarne
1542 4581 1655 4658 nuda.

241 4715 453 4822 llequisitus
482 4715 510 4791 si
535 4715 605 4792 alia
625 4714 824 4794 inhonesta
847 4716 1130 4792 intervenerunt
1149 4713 1188 4799 iu
1222 4713 1319 4789 dicta
1344 4741 1408 4791 sua
1438 4713 1658 4819 recepcionc

242 4845 296 4921 vel
326 4862 429 4951 post,
452 4845 646 4951 respondit
673 4845 777 4951 quod
805 4872 891 4923 non.
923 4844 1137 4950 Requisitus
1161 4843 1190 4920 si
1221 4843 1339 4919 credit
1362 4844 1468 4950 quod
1492 4842 1659 4949 predicta

1502 4999 1552 5038 21.
