<?xml version="1.0" encoding="UTF-8"?>
<!DOCTYPE html PUBLIC "-//W3C//DTD XHTML 1.0 Transitional//EN"
    "http://www.w3.org/TR/xhtml1/DTD/xhtml1-transitional.dtd">
<html xmlns="http://www.w3.org/1999/xhtml" xml:lang="en" lang="en">
 <head>
  <title>
</title>
<meta http-equiv="Content-Type" content="text/html;charset=utf-8" />
  <meta name='ocr-system' content='tesseract 3.04.00' />
  <meta name='ocr-capabilities' content='ocr_page ocr_carea ocr_par ocr_line ocrx_word'/>
</head>
<body>
  <div class='ocr_page' id='page_1' title='image "./procsdestemplie00defegoog/procsdestemplie00defegoog_0072.png"; bbox 0 0 4236 5948; ppageno 0'>
   <div class='ocr_carea' id='block_1_1' title="bbox 647 526 1673 624">
    <p class='ocr_par' dir='ltr' id='par_1_1' title="bbox 647 526 1673 624">
     <span class='ocr_line' id='line_1_1' title="bbox 647 526 1673 624; baseline 0.009 -11"><span class='ocrx_word' id='word_1_1' title='bbox 647 526 839 618; x_wconf 77' lang='lat' dir='ltr'>raeces</span> <span class='ocrx_word' id='word_1_2' title='bbox 867 544 961 618; x_wconf 81' lang='lat' dir='ltr'>nus</span> <span class='ocrx_word' id='word_1_3' title='bbox 989 547 1289 620; x_wconf 81' lang='lat' dir='ltr'>rrurmens.</span> <span class='ocrx_word' id='word_1_4' title='bbox 1630 553 1673 624; x_wconf 86' lang='lat'>51</span> 
     </span>
    </p>
   </div>
   <div class='ocr_carea' id='block_1_2' title="bbox 250 676 1738 4949">
    <p class='ocr_par' dir='ltr' id='par_1_2' title="bbox 250 676 1738 4949">
     <span class='ocr_line' id='line_1_2' title="bbox 260 676 1676 797; baseline 0.011 -43"><span class='ocrx_word' id='word_1_5' title='bbox 260 708 408 758; x_wconf 85' lang='lat' dir='ltr'>crucem</span> <span class='ocrx_word' id='word_1_6' title='bbox 425 676 605 786; x_wconf 84' lang='lat' dir='ltr'>ligneam,</span> <span class='ocrx_word' id='word_1_7' title='bbox 627 699 670 759; x_wconf 92' lang='lat' dir='ltr'>ut</span> <span class='ocrx_word' id='word_1_8' title='bbox 684 684 756 767; x_wconf 91' lang='lat' dir='ltr'>sibi</span> <span class='ocrx_word' id='word_1_9' title='bbox 771 687 930 778; x_wconf 90' lang='lat' dir='ltr'>videtur,</span> <span class='ocrx_word' id='word_1_10' title='bbox 946 691 1065 766; x_wconf 85' lang='lat' dir='ltr'>noscit</span> <span class='ocrx_word' id='word_1_11' title='bbox 1083 719 1279 797; x_wconf 88' lang='lat' dir='ltr'>perquem</span> <span class='ocrx_word' id='word_1_12' title='bbox 1299 690 1441 768; x_wconf 84' lang='lat' dir='ltr'>ibidem</span> <span class='ocrx_word' id='word_1_13' title='bbox 1456 690 1622 780; x_wconf 88' lang='lat' dir='ltr'>allatam,</span> <span class='ocrx_word' id='word_1_14' title='bbox 1640 694 1676 770; x_wconf 92' lang='lat' dir='ltr'>in</span> 
     </span>
     <span class='ocr_line' id='line_1_3' title="bbox 257 812 1680 926; baseline 0.008 -40"><span class='ocrx_word' id='word_1_15' title='bbox 257 840 327 916; x_wconf 89' lang='lat' dir='ltr'>qua</span> <span class='ocrx_word' id='word_1_16' title='bbox 342 827 422 887; x_wconf 89' lang='lat' dir='ltr'>erat</span> <span class='ocrx_word' id='word_1_17' title='bbox 436 838 568 920; x_wconf 84' lang='lat' dir='ltr'>ymago</span> <span class='ocrx_word' id='word_1_18' title='bbox 584 812 782 906; x_wconf 73' lang='lat' dir='ltr'>crucifixi,</span> <span class='ocrx_word' id='word_1_19' title='bbox 798 835 835 893; x_wconf 91' lang='lat' dir='ltr'>ot</span> <span class='ocrx_word' id='word_1_20' title='bbox 849 848 935 895; x_wconf 85' lang='lat' dir='ltr'>rum</span> <span class='ocrx_word' id='word_1_21' title='bbox 956 819 1035 925; x_wconf 92' lang='lat' dir='ltr'>ipse</span> <span class='ocrx_word' id='word_1_22' title='bbox 1054 819 1329 926; x_wconf 90' lang='lat' dir='ltr'>aliquantulum</span> <span class='ocrx_word' id='word_1_23' title='bbox 1345 820 1542 906; x_wconf 83' lang='lat' dir='ltr'>resisteret,</span> <span class='ocrx_word' id='word_1_24' title='bbox 1556 823 1680 899; x_wconf 90' lang='lat' dir='ltr'>dietus</span> 
     </span>
     <span class='ocr_line' id='line_1_4' title="bbox 258 941 1680 1058; baseline 0.011 -43"><span class='ocrx_word' id='word_1_25' title='bbox 258 957 426 1047; x_wconf 89' lang='lat' dir='ltr'>receptor</span> <span class='ocrx_word' id='word_1_26' title='bbox 441 941 535 1019; x_wconf 83' lang='lat' dir='ltr'>dixit</span> <span class='ocrx_word' id='word_1_27' title='bbox 549 943 621 1020; x_wconf 92' lang='lat' dir='ltr'>sibi</span> <span class='ocrx_word' id='word_1_28' title='bbox 637 947 740 1051; x_wconf 95' lang='lat' dir='ltr'>quod</span> <span class='ocrx_word' id='word_1_29' title='bbox 759 948 810 1024; x_wconf 90' lang='lat' dir='ltr'>ita</span> <span class='ocrx_word' id='word_1_30' title='bbox 826 947 989 1026; x_wconf 85' lang='lat' dir='ltr'>debebat</span> <span class='ocrx_word' id='word_1_31' title='bbox 1004 950 1141 1039; x_wconf 82' lang='lat' dir='ltr'>lacere,</span> <span class='ocrx_word' id='word_1_32' title='bbox 1158 969 1196 1028; x_wconf 91' lang='lat' dir='ltr'>et</span> <span class='ocrx_word' id='word_1_33' title='bbox 1210 969 1300 1028; x_wconf 91' lang='lat' dir='ltr'>tunc</span> <span class='ocrx_word' id='word_1_34' title='bbox 1316 952 1394 1057; x_wconf 89' lang='lat' dir='ltr'>ipse</span> <span class='ocrx_word' id='word_1_35' title='bbox 1406 952 1512 1028; x_wconf 88' lang='lat' dir='ltr'>testis</span> <span class='ocrx_word' id='word_1_36' title='bbox 1525 971 1680 1058; x_wconf 91' lang='lat' dir='ltr'>propter</span> 
     </span>
     <span class='ocr_line' id='line_1_5' title="bbox 258 1071 1679 1188; baseline 0.008 -41"><span class='ocrx_word' id='word_1_37' title='bbox 258 1071 517 1148; x_wconf 81' lang='lat' dir='ltr'>obedienciam</span> <span class='ocrx_word' id='word_1_38' title='bbox 538 1103 652 1178; x_wconf 92' lang='lat' dir='ltr'>quam</span> <span class='ocrx_word' id='word_1_39' title='bbox 670 1074 877 1182; x_wconf 86' lang='lat' dir='ltr'>juraverat,</span> <span class='ocrx_word' id='word_1_40' title='bbox 900 1080 1001 1185; x_wconf 85' lang='lat' dir='ltr'>spuit</span> <span class='ocrx_word' id='word_1_41' title='bbox 1016 1110 1092 1158; x_wconf 93' lang='lat' dir='ltr'>non</span> <span class='ocrx_word' id='word_1_42' title='bbox 1114 1109 1225 1187; x_wconf 89' lang='lat' dir='ltr'>supra</span> <span class='ocrx_word' id='word_1_43' title='bbox 1242 1084 1308 1158; x_wconf 92' lang='lat' dir='ltr'>sed</span> <span class='ocrx_word' id='word_1_44' title='bbox 1319 1082 1425 1188; x_wconf 87' lang='lat' dir='ltr'>juxta</span> <span class='ocrx_word' id='word_1_45' title='bbox 1442 1082 1579 1158; x_wconf 89' lang='lat' dir='ltr'>dictam</span> <span class='ocrx_word' id='word_1_46' title='bbox 1597 1112 1679 1159; x_wconf 89' lang='lat' dir='ltr'>cru-</span> 
     </span>
     <span class='ocr_line' id='line_1_6' title="bbox 260 1202 1679 1317; baseline 0.009 -41"><span class='ocrx_word' id='word_1_47' title='bbox 260 1230 349 1277; x_wconf 89' lang='lat' dir='ltr'>cem.</span> <span class='ocrx_word' id='word_1_48' title='bbox 366 1202 498 1278; x_wconf 84' lang='lat' dir='ltr'>Postea</span> <span class='ocrx_word' id='word_1_49' title='bbox 514 1206 681 1311; x_wconf 83' lang='lat' dir='ltr'>precepit</span> <span class='ocrx_word' id='word_1_50' title='bbox 700 1207 770 1285; x_wconf 93' lang='lat' dir='ltr'>sibi</span> <span class='ocrx_word' id='word_1_51' title='bbox 789 1209 894 1315; x_wconf 94' lang='lat' dir='ltr'>quod</span> <span class='ocrx_word' id='word_1_52' title='bbox 914 1210 1116 1317; x_wconf 85' lang='lat' dir='ltr'>abnegaret</span> <span class='ocrx_word' id='word_1_53' title='bbox 1134 1213 1272 1298; x_wconf 89' lang='lat' dir='ltr'>Deum,</span> <span class='ocrx_word' id='word_1_54' title='bbox 1296 1229 1333 1288; x_wconf 89' lang='lat' dir='ltr'>et</span> <span class='ocrx_word' id='word_1_55' title='bbox 1348 1241 1433 1288; x_wconf 87' lang='lat' dir='ltr'>cum</span> <span class='ocrx_word' id='word_1_56' title='bbox 1456 1213 1558 1288; x_wconf 88' lang='lat' dir='ltr'>idern</span> <span class='ocrx_word' id='word_1_57' title='bbox 1575 1215 1679 1290; x_wconf 88' lang='lat' dir='ltr'>testis</span> 
     </span>
     <span class='ocr_line' id='line_1_7' title="bbox 260 1330 1676 1448; baseline 0.009 -42"><span class='ocrx_word' id='word_1_58' title='bbox 260 1330 397 1407; x_wconf 89' lang='lat' dir='ltr'>diceret</span> <span class='ocrx_word' id='word_1_59' title='bbox 411 1331 513 1436; x_wconf 92' lang='lat' dir='ltr'>quod</span> <span class='ocrx_word' id='word_1_60' title='bbox 525 1331 602 1437; x_wconf 90' lang='lat' dir='ltr'>ipse</span> <span class='ocrx_word' id='word_1_61' title='bbox 613 1334 684 1410; x_wconf 89' lang='lat' dir='ltr'>hoc</span> <span class='ocrx_word' id='word_1_62' title='bbox 698 1334 805 1412; x_wconf 90' lang='lat' dir='ltr'>nullo</span> <span class='ocrx_word' id='word_1_63' title='bbox 817 1338 1088 1427; x_wconf 85' lang='lat' dir='ltr'>modosaeeret,</span> <span class='ocrx_word' id='word_1_64' title='bbox 1104 1340 1225 1416; x_wconf 89' lang='lat' dir='ltr'>dictus</span> <span class='ocrx_word' id='word_1_65' title='bbox 1239 1359 1409 1447; x_wconf 89' lang='lat' dir='ltr'>receptor</span> <span class='ocrx_word' id='word_1_66' title='bbox 1422 1342 1515 1418; x_wconf 82' lang='lat' dir='ltr'>dixit</span> <span class='ocrx_word' id='word_1_67' title='bbox 1525 1344 1559 1418; x_wconf 92' lang='lat' dir='ltr'>ei</span> <span class='ocrx_word' id='word_1_68' title='bbox 1574 1345 1676 1448; x_wconf 91' lang='lat' dir='ltr'>quod</span> 
     </span>
     <span class='ocr_line' id='line_1_8' title="bbox 259 1460 1678 1578; baseline 0.008 -42"><span class='ocrx_word' id='word_1_69' title='bbox 259 1460 317 1536; x_wconf 88' lang='lat' dir='ltr'>alii</span> <span class='ocrx_word' id='word_1_70' title='bbox 335 1461 382 1538; x_wconf 90' lang='lat' dir='ltr'>de</span> <span class='ocrx_word' id='word_1_71' title='bbox 403 1462 538 1539; x_wconf 87' lang='lat' dir='ltr'>ordine</span> <span class='ocrx_word' id='word_1_72' title='bbox 562 1464 614 1538; x_wconf 93' lang='lat' dir='ltr'>ita</span> <span class='ocrx_word' id='word_1_73' title='bbox 629 1462 831 1551; x_wconf 82' lang='lat' dir='ltr'>sariebant,</span> <span class='ocrx_word' id='word_1_74' title='bbox 846 1484 883 1541; x_wconf 89' lang='lat' dir='ltr'>ot</span> <span class='ocrx_word' id='word_1_75' title='bbox 900 1485 990 1543; x_wconf 90' lang='lat' dir='ltr'>tunc</span> <span class='ocrx_word' id='word_1_76' title='bbox 1011 1469 1088 1573; x_wconf 92' lang='lat' dir='ltr'>ipse</span> <span class='ocrx_word' id='word_1_77' title='bbox 1108 1470 1214 1546; x_wconf 88' lang='lat' dir='ltr'>testis</span> <span class='ocrx_word' id='word_1_78' title='bbox 1231 1473 1425 1578; x_wconf 88' lang='lat' dir='ltr'>abnegavit</span> <span class='ocrx_word' id='word_1_79' title='bbox 1438 1473 1578 1561; x_wconf 83' lang='lat' dir='ltr'>Deum;</span> <span class='ocrx_word' id='word_1_80' title='bbox 1594 1502 1678 1578; x_wconf 82' lang='lat' dir='ltr'>pre.-</span> 
     </span>
     <span class='ocr_line' id='line_1_9' title="bbox 259 1593 1676 1709; baseline 0.008 -42"><span class='ocrx_word' id='word_1_81' title='bbox 259 1593 365 1669; x_wconf 89' lang='lat' dir='ltr'>missa</span> <span class='ocrx_word' id='word_1_82' title='bbox 380 1611 508 1670; x_wconf 88' lang='lat' dir='ltr'>tamen</span> <span class='ocrx_word' id='word_1_83' title='bbox 527 1593 616 1671; x_wconf 87' lang='lat' dir='ltr'>lecit</span> <span class='ocrx_word' id='word_1_84' title='bbox 636 1623 701 1672; x_wconf 91' lang='lat' dir='ltr'>ore</span> <span class='ocrx_word' id='word_1_85' title='bbox 718 1623 795 1672; x_wconf 92' lang='lat' dir='ltr'>non</span> <span class='ocrx_word' id='word_1_86' title='bbox 817 1597 942 1674; x_wconf 89' lang='lat' dir='ltr'>corde.</span> <span class='ocrx_word' id='word_1_87' title='bbox 967 1599 1214 1679; x_wconf 90' lang='lat' dir='ltr'>Postmodum</span> <span class='ocrx_word' id='word_1_88' title='bbox 1233 1601 1327 1678; x_wconf 87' lang='lat' dir='ltr'>dixit</span> <span class='ocrx_word' id='word_1_89' title='bbox 1346 1604 1380 1677; x_wconf 91' lang='lat' dir='ltr'>ei</span> <span class='ocrx_word' id='word_1_90' title='bbox 1401 1602 1506 1709; x_wconf 93' lang='lat' dir='ltr'>quod</span> <span class='ocrx_word' id='word_1_91' title='bbox 1531 1604 1676 1680; x_wconf 88' lang='lat' dir='ltr'>oscula-</span> 
     </span>
     <span class='ocr_line' id='line_1_10' title="bbox 258 1724 1676 1838; baseline 0.008 -41"><span class='ocrx_word' id='word_1_92' title='bbox 258 1739 359 1799; x_wconf 90' lang='lat' dir='ltr'>retur</span> <span class='ocrx_word' id='word_1_93' title='bbox 379 1753 469 1801; x_wconf 91' lang='lat' dir='ltr'>eum</span> <span class='ocrx_word' id='word_1_94' title='bbox 489 1725 528 1800; x_wconf 91' lang='lat' dir='ltr'>in</span> <span class='ocrx_word' id='word_1_95' title='bbox 545 1724 650 1831; x_wconf 90' lang='lat' dir='ltr'>spina</span> <span class='ocrx_word' id='word_1_96' title='bbox 676 1725 797 1813; x_wconf 91' lang='lat' dir='ltr'>dorsi,</span> <span class='ocrx_word' id='word_1_97' title='bbox 824 1743 861 1817; x_wconf 83' lang='lat' dir='ltr'>ot</span> <span class='ocrx_word' id='word_1_98' title='bbox 885 1745 974 1804; x_wconf 90' lang='lat' dir='ltr'>tune</span> <span class='ocrx_word' id='word_1_99' title='bbox 1002 1728 1081 1833; x_wconf 90' lang='lat' dir='ltr'>ipse</span> <span class='ocrx_word' id='word_1_100' title='bbox 1105 1729 1228 1818; x_wconf 89' lang='lat' dir='ltr'>testis,</span> <span class='ocrx_word' id='word_1_101' title='bbox 1257 1730 1409 1808; x_wconf 86' lang='lat' dir='ltr'>elevatis¹</span> <span class='ocrx_word' id='word_1_102' title='bbox 1438 1762 1507 1838; x_wconf 90' lang='lat' dir='ltr'>per</span> <span class='ocrx_word' id='word_1_103' title='bbox 1535 1734 1676 1810; x_wconf 91' lang='lat' dir='ltr'>dietum</span> 
     </span>
     <span class='ocr_line' id='line_1_11' title="bbox 258 1854 1677 1968; baseline 0.01 -42"><span class='ocrx_word' id='word_1_104' title='bbox 258 1872 486 1960; x_wconf 82' lang='lat' dir='ltr'>receptorem</span> <span class='ocrx_word' id='word_1_105' title='bbox 502 1854 633 1960; x_wconf 90' lang='lat' dir='ltr'>pannis</span> <span class='ocrx_word' id='word_1_106' title='bbox 648 1856 740 1945; x_wconf 89' lang='lat' dir='ltr'>suis,</span> <span class='ocrx_word' id='word_1_107' title='bbox 757 1857 945 1934; x_wconf 88' lang='lat' dir='ltr'>osculatus</span> <span class='ocrx_word' id='word_1_108' title='bbox 964 1857 1036 1934; x_wconf 85' lang='lat' dir='ltr'>fuit</span> <span class='ocrx_word' id='word_1_109' title='bbox 1052 1888 1140 1934; x_wconf 91' lang='lat' dir='ltr'>eum</span> <span class='ocrx_word' id='word_1_110' title='bbox 1157 1859 1197 1934; x_wconf 94' lang='lat' dir='ltr'>in</span> <span class='ocrx_word' id='word_1_111' title='bbox 1212 1889 1322 1937; x_wconf 89' lang='lat' dir='ltr'>earne</span> <span class='ocrx_word' id='word_1_112' title='bbox 1336 1863 1436 1938; x_wconf 95' lang='lat' dir='ltr'>nuda</span> <span class='ocrx_word' id='word_1_113' title='bbox 1452 1879 1553 1938; x_wconf 91' lang='lat' dir='ltr'>retro</span> <span class='ocrx_word' id='word_1_114' title='bbox 1567 1892 1677 1968; x_wconf 88' lang='lat' dir='ltr'>supra</span> 
     </span>
     <span class='ocr_line' id='line_1_12' title="bbox 257 1984 1673 2096; baseline 0.008 -38"><span class='ocrx_word' id='word_1_115' title='bbox 257 2011 399 2062; x_wconf 89' lang='lat' dir='ltr'>zonam.</span> <span class='ocrx_word' id='word_1_116' title='bbox 422 1984 504 2063; x_wconf 86' lang='lat' dir='ltr'>Alia</span> <span class='ocrx_word' id='word_1_117' title='bbox 524 1986 723 2063; x_wconf 87' lang='lat' dir='ltr'>inhonesta</span> <span class='ocrx_word' id='word_1_118' title='bbox 741 2013 818 2063; x_wconf 93' lang='grc' dir='ltr'>ηοη</span> <span class='ocrx_word' id='word_1_119' title='bbox 834 1984 987 2064; x_wconf 89' lang='lat' dir='ltr'>luerunt</span> <span class='ocrx_word' id='word_1_120' title='bbox 1001 1987 1094 2064; x_wconf 84' lang='lat' dir='ltr'>lacta</span> <span class='ocrx_word' id='word_1_121' title='bbox 1112 2018 1177 2065; x_wconf 91' lang='lat' dir='ltr'>seu</span> <span class='ocrx_word' id='word_1_122' title='bbox 1194 1990 1292 2067; x_wconf 88' lang='lat' dir='ltr'>diota</span> <span class='ocrx_word' id='word_1_123' title='bbox 1309 1991 1349 2066; x_wconf 89' lang='lat' dir='ltr'>in</span> <span class='ocrx_word' id='word_1_124' title='bbox 1364 1993 1582 2096; x_wconf 89' lang='lat' dir='ltr'>recepeione</span> <span class='ocrx_word' id='word_1_125' title='bbox 1595 2021 1673 2069; x_wconf 91' lang='lat' dir='ltr'>sua.</span> 
     </span>
     <span class='ocr_line' id='line_1_13' title="bbox 258 2107 1722 2226; baseline 0.007 -37"><span class='ocrx_word' id='word_1_126' title='bbox 258 2113 468 2221; x_wconf 82' lang='lat' dir='ltr'>Requisitus</span> <span class='ocrx_word' id='word_1_127' title='bbox 492 2116 521 2191; x_wconf 93' lang='lat' dir='ltr'>si</span> <span class='ocrx_word' id='word_1_128' title='bbox 553 2116 673 2193; x_wconf 91' lang='lat' dir='ltr'>credit</span> <span class='ocrx_word' id='word_1_129' title='bbox 698 2118 804 2222; x_wconf 90' lang='lat' dir='ltr'>quod</span> <span class='ocrx_word' id='word_1_130' title='bbox 828 2115 890 2192; x_wconf 90' lang='lat' dir='ltr'>alii</span> <span class='ocrx_word' id='word_1_131' title='bbox 917 2118 1174 2223; x_wconf 89' lang='lat' dir='ltr'>reciperentur</span> <span class='ocrx_word' id='word_1_132' title='bbox 1200 2121 1239 2196; x_wconf 89' lang='lat' dir='ltr'>in</span> <span class='ocrx_word' id='word_1_133' title='bbox 1266 2121 1398 2198; x_wconf 90' lang='lat' dir='ltr'>ordine</span> <span class='ocrx_word' id='word_1_134' title='bbox 1423 2150 1491 2226; x_wconf 91' lang='lat' dir='ltr'>per</span> <span class='ocrx_word' id='word_1_135' title='bbox 1516 2124 1676 2199; x_wconf 92' lang='lat' dir='ltr'>modum</span> <span class='ocrx_word' id='word_1_136' title='bbox 1720 2107 1722 2111; x_wconf 12' lang='lat' dir='ltr'>i</span> 
     </span>
     <span class='ocr_line' id='line_1_14' title="bbox 257 2239 1738 2357; baseline 0.007 -37"><span class='ocrx_word' id='word_1_137' title='bbox 257 2273 455 2350; x_wconf 89' lang='lat' dir='ltr'>perquem</span> <span class='ocrx_word' id='word_1_138' title='bbox 478 2247 651 2352; x_wconf 90' lang='lat' dir='ltr'>deposuit</span> <span class='ocrx_word' id='word_1_139' title='bbox 671 2276 710 2323; x_wconf 90' lang='lat' dir='ltr'>se</span> <span class='ocrx_word' id='word_1_140' title='bbox 730 2247 844 2325; x_wconf 89' lang='lat' dir='ltr'>fuisse</span> <span class='ocrx_word' id='word_1_141' title='bbox 862 2266 1079 2353; x_wconf 87' lang='lat' dir='ltr'>receptum,</span> <span class='ocrx_word' id='word_1_142' title='bbox 1102 2239 1304 2355; x_wconf 85' lang='lat' dir='ltr'>respondit</span> <span class='ocrx_word' id='word_1_143' title='bbox 1317 2282 1356 2329; x_wconf 92' lang='lat' dir='ltr'>se</span> <span class='ocrx_word' id='word_1_144' title='bbox 1378 2252 1530 2329; x_wconf 90' lang='lat' dir='ltr'>credere</span> <span class='ocrx_word' id='word_1_145' title='bbox 1544 2253 1675 2357; x_wconf 91' lang='lat' dir='ltr'>pocius</span> <span class='ocrx_word' id='word_1_146' title='bbox 1732 2338 1738 2349; x_wconf 41' lang='grc'>,</span> 
     </span>
     <span class='ocr_line' id='line_1_15' title="bbox 256 2376 1671 2487; baseline 0.005 -36"><span class='ocrx_word' id='word_1_147' title='bbox 256 2376 359 2480; x_wconf 83' lang='lat' dir='ltr'>quod</span> <span class='ocrx_word' id='word_1_148' title='bbox 371 2376 431 2452; x_wconf 82' lang='lat' dir='ltr'>&#39;sic</span> <span class='ocrx_word' id='word_1_149' title='bbox 450 2405 563 2482; x_wconf 85' lang='lat' dir='ltr'>quam</span> <span class='ocrx_word' id='word_1_150' title='bbox 582 2377 834 2475; x_wconf 84' lang='lat' dir='ltr'>contrarium,</span> <span class='ocrx_word' id='word_1_151' title='bbox 856 2378 944 2483; x_wconf 91' lang='lat' dir='ltr'>quia</span> <span class='ocrx_word' id='word_1_152' title='bbox 970 2379 1020 2454; x_wconf 86' lang='lat' dir='ltr'>ita</span> <span class='ocrx_word' id='word_1_153' title='bbox 1040 2377 1112 2453; x_wconf 86' lang='lat' dir='ltr'>suit</span> <span class='ocrx_word' id='word_1_154' title='bbox 1132 2378 1273 2456; x_wconf 84' lang='lat' dir='ltr'>factum</span> <span class='ocrx_word' id='word_1_155' title='bbox 1292 2383 1331 2456; x_wconf 91' lang='lat' dir='ltr'>in</span> <span class='ocrx_word' id='word_1_156' title='bbox 1355 2383 1573 2487; x_wconf 90' lang='lat' dir='ltr'>recepeione</span> <span class='ocrx_word' id='word_1_157' title='bbox 1594 2412 1671 2460; x_wconf 90' lang='lat' dir='ltr'>sua.</span> 
     </span>
     <span class='ocr_line' id='line_1_16' title="bbox 257 2505 1675 2613; baseline 0.007 -32"><span class='ocrx_word' id='word_1_158' title='bbox 257 2505 469 2612; x_wconf 83' lang='lat' dir='ltr'>Requisitus</span> <span class='ocrx_word' id='word_1_159' title='bbox 484 2507 515 2584; x_wconf 93' lang='lat' dir='ltr'>si</span> <span class='ocrx_word' id='word_1_160' title='bbox 536 2535 732 2612; x_wconf 88' lang='lat' dir='ltr'>nunquam</span> <span class='ocrx_word' id='word_1_161' title='bbox 756 2507 898 2584; x_wconf 89' lang='lat' dir='ltr'>audivit</span> <span class='ocrx_word' id='word_1_162' title='bbox 916 2508 988 2584; x_wconf 94' lang='lat' dir='ltr'>dici</span> <span class='ocrx_word' id='word_1_163' title='bbox 1006 2509 1110 2613; x_wconf 94' lang='lat' dir='ltr'>quod</span> <span class='ocrx_word' id='word_1_164' title='bbox 1126 2510 1229 2587; x_wconf 89' lang='lat' dir='ltr'>dicta</span> <span class='ocrx_word' id='word_1_165' title='bbox 1249 2511 1377 2588; x_wconf 91' lang='lat' dir='ltr'>illicita</span> <span class='ocrx_word' id='word_1_166' title='bbox 1401 2512 1537 2589; x_wconf 88' lang='lat' dir='ltr'>fierent</span> <span class='ocrx_word' id='word_1_167' title='bbox 1559 2513 1596 2589; x_wconf 88' lang='lat' dir='ltr'>in</span> <span class='ocrx_word' id='word_1_168' title='bbox 1617 2543 1675 2591; x_wconf 91' lang='lat' dir='ltr'>re-</span> 
     </span>
     <span class='ocr_line' id='line_1_17' title="bbox 256 2635 1675 2748; baseline 0.006 -37"><span class='ocrx_word' id='word_1_169' title='bbox 256 2635 496 2741; x_wconf 86' lang='lat' dir='ltr'>cepeionibus</span> <span class='ocrx_word' id='word_1_170' title='bbox 516 2636 671 2715; x_wconf 78' lang='lat' dir='ltr'>fratrum</span> <span class='ocrx_word' id='word_1_171' title='bbox 702 2638 865 2724; x_wconf 88' lang='lat' dir='ltr'>ordinis,</span> <span class='ocrx_word' id='word_1_172' title='bbox 888 2638 981 2715; x_wconf 87' lang='lat' dir='ltr'>dixit</span> <span class='ocrx_word' id='word_1_173' title='bbox 998 2667 1036 2714; x_wconf 91' lang='lat' dir='ltr'>se</span> <span class='ocrx_word' id='word_1_174' title='bbox 1056 2667 1249 2745; x_wconf 87' lang='lat' dir='ltr'>nunquam</span> <span class='ocrx_word' id='word_1_175' title='bbox 1269 2643 1471 2728; x_wconf 90' lang='lat' dir='ltr'>audivisse,</span> <span class='ocrx_word' id='word_1_176' title='bbox 1498 2642 1569 2718; x_wconf 91' lang='lat' dir='ltr'>nisi</span> <span class='ocrx_word' id='word_1_177' title='bbox 1591 2662 1675 2748; x_wconf 90' lang='lat' dir='ltr'>post</span> 
     </span>
     <span class='ocr_line' id='line_1_18' title="bbox 257 2766 1673 2877; baseline 0.005 -35"><span class='ocrx_word' id='word_1_178' title='bbox 257 2766 469 2872; x_wconf 90' lang='lat' dir='ltr'>capciouem</span> <span class='ocrx_word' id='word_1_179' title='bbox 489 2795 643 2857; x_wconf 89' lang='lat' dir='ltr'>eorum,</span> <span class='ocrx_word' id='word_1_180' title='bbox 670 2766 934 2874; x_wconf 87' lang='lat' dir='ltr'>aquibusdam</span> <span class='ocrx_word' id='word_1_181' title='bbox 958 2768 1201 2846; x_wconf 86' lang='lat' dir='ltr'>secularibus.</span> <span class='ocrx_word' id='word_1_182' title='bbox 1223 2772 1335 2860; x_wconf 86' lang='lat' dir='ltr'>Item,</span> <span class='ocrx_word' id='word_1_183' title='bbox 1362 2770 1455 2847; x_wconf 84' lang='lat' dir='ltr'>dixit</span> <span class='ocrx_word' id='word_1_184' title='bbox 1471 2773 1576 2877; x_wconf 91' lang='lat' dir='ltr'>quod</span> <span class='ocrx_word' id='word_1_185' title='bbox 1596 2774 1673 2877; x_wconf 88' lang='lat' dir='ltr'>ipse</span> 
     </span>
     <span class='ocr_line' id='line_1_19' title="bbox 255 2894 1673 3004; baseline 0.005 -34"><span class='ocrx_word' id='word_1_186' title='bbox 255 2894 351 2974; x_wconf 89' lang='lat' dir='ltr'>bene</span> <span class='ocrx_word' id='word_1_187' title='bbox 375 2895 561 2975; x_wconf 50' lang='lat' dir='ltr'>credebat,</span> <span class='ocrx_word' id='word_1_188' title='bbox 580 2897 838 2976; x_wconf 86' lang='lat' dir='ltr'>ecclesiasticis</span> <span class='ocrx_word' id='word_1_189' title='bbox 863 2900 1123 2985; x_wconf 90' lang='lat' dir='ltr'>sacramentis,</span> <span class='ocrx_word' id='word_1_190' title='bbox 1147 2899 1303 2975; x_wconf 91' lang='lat' dir='ltr'>credens</span> <span class='ocrx_word' id='word_1_191' title='bbox 1328 2901 1431 3004; x_wconf 92' lang='lat' dir='ltr'>quod</span> <span class='ocrx_word' id='word_1_192' title='bbox 1455 2900 1516 2975; x_wconf 94' lang='lat' dir='ltr'>alii</span> <span class='ocrx_word' id='word_1_193' title='bbox 1543 2900 1673 2977; x_wconf 78' lang='lat' dir='ltr'>fratres</span> 
     </span>
     <span class='ocr_line' id='line_1_20' title="bbox 255 3022 1673 3115; baseline 0.001 -12"><span class='ocrx_word' id='word_1_194' title='bbox 255 3022 351 3103; x_wconf 88' lang='lat' dir='ltr'>berie</span> <span class='ocrx_word' id='word_1_195' title='bbox 369 3027 584 3115; x_wconf 84' lang='lat' dir='ltr'>crederent,</span> <span class='ocrx_word' id='word_1_196' title='bbox 606 3045 643 3103; x_wconf 88' lang='lat' dir='ltr'>et</span> <span class='ocrx_word' id='word_1_197' title='bbox 662 3054 796 3104; x_wconf 85' lang='lat' dir='ltr'>eorum</span> <span class='ocrx_word' id='word_1_198' title='bbox 812 3026 1022 3103; x_wconf 89' lang='lat' dir='ltr'>sacerdotes</span> <span class='ocrx_word' id='word_1_199' title='bbox 1042 3026 1168 3105; x_wconf 89' lang='lat' dir='ltr'>debite</span> <span class='ocrx_word' id='word_1_200' title='bbox 1189 3029 1433 3106; x_wconf 89' lang='lat' dir='ltr'>celebrarent.</span> <span class='ocrx_word' id='word_1_201' title='bbox 1455 3028 1561 3105; x_wconf 89' lang='lat' dir='ltr'>Clam</span> <span class='ocrx_word' id='word_1_202' title='bbox 1579 3031 1673 3105; x_wconf 89' lang='lat' dir='ltr'>reci-</span> 
     </span>
     <span class='ocr_line' id='line_1_21' title="bbox 256 3156 1673 3265; baseline 0.003 -33"><span class='ocrx_word' id='word_1_203' title='bbox 256 3156 463 3260; x_wconf 87' lang='lat' dir='ltr'>piebantur,</span> <span class='ocrx_word' id='word_1_204' title='bbox 483 3156 627 3235; x_wconf 87' lang='lat' dir='ltr'>seilicet</span> <span class='ocrx_word' id='word_1_205' title='bbox 645 3156 760 3234; x_wconf 89' lang='lat' dir='ltr'>nullis</span> <span class='ocrx_word' id='word_1_206' title='bbox 780 3157 1019 3262; x_wconf 87' lang='lat' dir='ltr'>presentibus</span> <span class='ocrx_word' id='word_1_207' title='bbox 1036 3157 1107 3233; x_wconf 90' lang='lat' dir='ltr'>nisi</span> <span class='ocrx_word' id='word_1_208' title='bbox 1125 3157 1301 3234; x_wconf 83' lang='lat' dir='ltr'>fratribus</span> <span class='ocrx_word' id='word_1_209' title='bbox 1322 3158 1467 3235; x_wconf 88' lang='lat' dir='ltr'>ordinis</span> <span class='ocrx_word' id='word_1_210' title='bbox 1492 3176 1529 3234; x_wconf 90' lang='lat' dir='ltr'>et</span> <span class='ocrx_word' id='word_1_211' title='bbox 1547 3159 1673 3265; x_wconf 89' lang='lat' dir='ltr'>januis</span> 
     </span>
     <span class='ocr_line' id='line_1_22' title="bbox 255 3285 1671 3392; baseline 0.002 -32"><span class='ocrx_word' id='word_1_212' title='bbox 255 3285 405 3376; x_wconf 85' lang='lat' dir='ltr'>clausis,</span> <span class='ocrx_word' id='word_1_213' title='bbox 425 3305 463 3364; x_wconf 87' lang='lat' dir='ltr'>et</span> <span class='ocrx_word' id='word_1_214' title='bbox 483 3316 527 3364; x_wconf 84' lang='lat' dir='ltr'>ex</span> <span class='ocrx_word' id='word_1_215' title='bbox 540 3288 615 3366; x_wconf 94' lang='lat' dir='ltr'>hoc</span> <span class='ocrx_word' id='word_1_216' title='bbox 634 3287 753 3364; x_wconf 90' lang='lat' dir='ltr'>credit</span> <span class='ocrx_word' id='word_1_217' title='bbox 772 3287 877 3392; x_wconf 89' lang='lat' dir='ltr'>quod</span> <span class='ocrx_word' id='word_1_218' title='bbox 899 3306 996 3364; x_wconf 89' lang='lat' dir='ltr'>esset</span> <span class='ocrx_word' id='word_1_219' title='bbox 1015 3287 1113 3362; x_wconf 90' lang='lat' dir='ltr'>mala</span> <span class='ocrx_word' id='word_1_220' title='bbox 1131 3287 1293 3391; x_wconf 90' lang='lat' dir='ltr'>suspicio</span> <span class='ocrx_word' id='word_1_221' title='bbox 1310 3306 1438 3365; x_wconf 90' lang='lat' dir='ltr'>eontra</span> <span class='ocrx_word' id='word_1_222' title='bbox 1462 3317 1537 3366; x_wconf 89' lang='lat' dir='ltr'>eos.</span> <span class='ocrx_word' id='word_1_223' title='bbox 1560 3289 1671 3364; x_wconf 90' lang='lat' dir='ltr'>Multi</span> 
     </span>
     <span class='ocr_line' id='line_1_23' title="bbox 256 3415 1673 3523; baseline 0.004 -34"><span class='ocrx_word' id='word_1_224' title='bbox 256 3443 297 3493; x_wconf 89' lang='lat' dir='ltr'>ex</span> <span class='ocrx_word' id='word_1_225' title='bbox 326 3415 509 3504; x_wconf 80' lang='lat' dir='ltr'>fratribus¹</span> <span class='ocrx_word' id='word_1_226' title='bbox 529 3416 696 3495; x_wconf 89' lang='lat' dir='ltr'>cordulis</span> <span class='ocrx_word' id='word_1_227' title='bbox 726 3416 974 3522; x_wconf 85' lang='lat' dir='ltr'>cingebantur</span> <span class='ocrx_word' id='word_1_228' title='bbox 1004 3445 1117 3523; x_wconf 88' lang='lat' dir='ltr'>super</span> <span class='ocrx_word' id='word_1_229' title='bbox 1148 3417 1356 3503; x_wconf 92' lang='lat' dir='ltr'>camisiam,</span> <span class='ocrx_word' id='word_1_230' title='bbox 1385 3418 1503 3494; x_wconf 89' lang='lat' dir='ltr'>nescit</span> <span class='ocrx_word' id='word_1_231' title='bbox 1525 3446 1567 3495; x_wconf 91' lang='lat' dir='ltr'>ex</span> <span class='ocrx_word' id='word_1_232' title='bbox 1598 3447 1673 3523; x_wconf 88' lang='lat' dir='ltr'>qua</span> 
     </span>
     <span class='ocr_line' id='line_1_24' title="bbox 255 3546 1673 3652; baseline 0.001 -32"><span class='ocrx_word' id='word_1_233' title='bbox 255 3573 373 3626; x_wconf 81' lang='lat' dir='ltr'>causa.</span> <span class='ocrx_word' id='word_1_234' title='bbox 405 3546 621 3651; x_wconf 86' lang='lat' dir='ltr'>lujunctum</span> <span class='ocrx_word' id='word_1_235' title='bbox 655 3546 727 3622; x_wconf 85' lang='lat' dir='ltr'>fuit</span> <span class='ocrx_word' id='word_1_236' title='bbox 758 3574 825 3650; x_wconf 88' lang='lat' dir='ltr'>per</span> <span class='ocrx_word' id='word_1_237' title='bbox 851 3563 1085 3651; x_wconf 88' lang='lat' dir='ltr'>receptorem</span> <span class='ocrx_word' id='word_1_238' title='bbox 1113 3575 1226 3622; x_wconf 88' lang='lat' dir='ltr'>suum</span> <span class='ocrx_word' id='word_1_239' title='bbox 1255 3546 1362 3652; x_wconf 91' lang='lat' dir='ltr'>quod</span> <span class='ocrx_word' id='word_1_240' title='bbox 1387 3576 1465 3625; x_wconf 91' lang='lat' dir='ltr'>non</span> <span class='ocrx_word' id='word_1_241' title='bbox 1493 3547 1673 3623; x_wconf 87' lang='lat' dir='ltr'>revelaret</span> 
     </span>
     <span class='ocr_line' id='line_1_25' title="bbox 251 3675 1671 3782; baseline 0.001 -32"><span class='ocrx_word' id='word_1_242' title='bbox 251 3675 409 3752; x_wconf 89' lang='lat' dir='ltr'>modum</span> <span class='ocrx_word' id='word_1_243' title='bbox 429 3676 658 3781; x_wconf 85' lang='lat' dir='ltr'>recepeiouis</span> <span class='ocrx_word' id='word_1_244' title='bbox 679 3703 768 3765; x_wconf 80' lang='lat' dir='ltr'>sue3</span> <span class='ocrx_word' id='word_1_245' title='bbox 789 3676 854 3781; x_wconf 91' lang='lat' dir='ltr'>qui</span> <span class='ocrx_word' id='word_1_246' title='bbox 876 3704 965 3753; x_wconf 92' lang='lat' dir='ltr'>eum</span> <span class='ocrx_word' id='word_1_247' title='bbox 980 3676 1178 3753; x_wconf 90' lang='lat' dir='ltr'>revelasset</span> <span class='ocrx_word' id='word_1_248' title='bbox 1193 3675 1250 3751; x_wconf 91' lang='lat' dir='ltr'>vel</span> <span class='ocrx_word' id='word_1_249' title='bbox 1266 3694 1408 3753; x_wconf 89' lang='lat' dir='ltr'>secreta</span> <span class='ocrx_word' id='word_1_250' title='bbox 1422 3676 1671 3782; x_wconf 89' lang='lat' dir='ltr'>capitulorum</span> 
     </span>
     <span class='ocr_line' id='line_1_26' title="bbox 253 3803 1672 3914; baseline 0.002 -37"><span class='ocrx_word' id='word_1_251' title='bbox 253 3803 382 3881; x_wconf 88' lang='lat' dir='ltr'>luisset</span> <span class='ocrx_word' id='word_1_252' title='bbox 396 3805 567 3910; x_wconf 90' lang='lat' dir='ltr'>punitus,</span> <span class='ocrx_word' id='word_1_253' title='bbox 586 3805 653 3882; x_wconf 92' lang='lat' dir='ltr'>sed</span> <span class='ocrx_word' id='word_1_254' title='bbox 668 3805 787 3882; x_wconf 87' lang='lat' dir='ltr'>nescit</span> <span class='ocrx_word' id='word_1_255' title='bbox 805 3806 988 3910; x_wconf 68' lang='lat' dir='ltr'>qualiten-</span> <span class='ocrx_word' id='word_1_256' title='bbox 1000 3806 1040 3882; x_wconf 92' lang='lat' dir='ltr'>Si</span> <span class='ocrx_word' id='word_1_257' title='bbox 1056 3806 1121 3911; x_wconf 94' lang='lat' dir='ltr'>qui</span> <span class='ocrx_word' id='word_1_258' title='bbox 1139 3821 1244 3881; x_wconf 90' lang='lat' dir='ltr'>eraut</span> <span class='ocrx_word' id='word_1_259' title='bbox 1258 3806 1416 3914; x_wconf 87' lang='lat' dir='ltr'>scientes</span> <span class='ocrx_word' id='word_1_260' title='bbox 1437 3835 1582 3890; x_wconf 84' lang='lat' dir='ltr'>errores</span> <span class='ocrx_word' id='word_1_261' title='bbox 1596 3805 1672 3882; x_wconf 86' lang='lat' dir='ltr'>lue·</span> 
     </span>
     <span class='ocr_line' id='line_1_27' title="bbox 252 3933 1671 4041; baseline 0.001 -35"><span class='ocrx_word' id='word_1_262' title='bbox 252 3949 341 4010; x_wconf 90' lang='lat' dir='ltr'>runt</span> <span class='ocrx_word' id='word_1_263' title='bbox 361 3933 593 4041; x_wconf 87' lang='lat' dir='ltr'>negligentes</span> <span class='ocrx_word' id='word_1_264' title='bbox 620 3935 705 4040; x_wconf 89' lang='lat' dir='ltr'>quia</span> <span class='ocrx_word' id='word_1_265' title='bbox 727 3962 804 4010; x_wconf 91' lang='lat' dir='ltr'>nou</span> <span class='ocrx_word' id='word_1_266' title='bbox 823 3952 1065 4012; x_wconf 91' lang='lat' dir='ltr'>correxerunt</span> <span class='ocrx_word' id='word_1_267' title='bbox 1083 3964 1149 4011; x_wconf 87' lang='lat' dir='ltr'>eos</span> <span class='ocrx_word' id='word_1_268' title='bbox 1168 3963 1236 4010; x_wconf 91' lang='lat' dir='ltr'>nec</span> <span class='ocrx_word' id='word_1_269' title='bbox 1259 3935 1580 4012; x_wconf 87' lang='lat' dir='ltr'>denunciaverunt</span> <span class='ocrx_word' id='word_1_270' title='bbox 1602 3935 1671 4008; x_wconf 90' lang='lat' dir='ltr'>Ec-</span> 
     </span>
     <span class='ocr_line' id='line_1_28' title="bbox 253 4063 1670 4170; baseline -0.001 -32"><span class='ocrx_word' id='word_1_271' title='bbox 253 4063 374 4141; x_wconf 82' lang='lat' dir='ltr'>clesie.</span> <span class='ocrx_word' id='word_1_272' title='bbox 396 4063 629 4141; x_wconf 89' lang='lat' dir='ltr'>Elemosinas</span> <span class='ocrx_word' id='word_1_273' title='bbox 647 4083 683 4142; x_wconf 89' lang='lat' dir='ltr'>et</span> <span class='ocrx_word' id='word_1_274' title='bbox 704 4064 997 4170; x_wconf 85' lang='lat' dir='ltr'>hospitalitatem</span> <span class='ocrx_word' id='word_1_275' title='bbox 1024 4064 1117 4141; x_wconf 88' lang='lat' dir='ltr'>vidit</span> <span class='ocrx_word' id='word_1_276' title='bbox 1143 4065 1408 4141; x_wconf 89' lang='lat' dir='ltr'>convenienter</span> <span class='ocrx_word' id='word_1_277' title='bbox 1434 4064 1515 4150; x_wconf 86' lang='lat' dir='ltr'>fieri</span> <span class='ocrx_word' id='word_1_278' title='bbox 1534 4080 1570 4137; x_wconf 90' lang='lat' dir='ltr'>et</span> <span class='ocrx_word' id='word_1_279' title='bbox 1593 4091 1670 4138; x_wconf 89' lang='lat' dir='ltr'>ser-</span> 
     </span>
     <span class='ocr_line' id='line_1_29' title="bbox 251 4191 1670 4302; baseline 0.001 -38"><span class='ocrx_word' id='word_1_280' title='bbox 251 4194 344 4283; x_wconf 89' lang='lat' dir='ltr'>vari,</span> <span class='ocrx_word' id='word_1_281' title='bbox 382 4211 420 4272; x_wconf 89' lang='lat' dir='ltr'>et</span> <span class='ocrx_word' id='word_1_282' title='bbox 453 4195 679 4273; x_wconf 87' lang='lat' dir='ltr'>elemosinas</span> <span class='ocrx_word' id='word_1_283' title='bbox 712 4196 837 4302; x_wconf 83' lang='lat' dir='ltr'>augeri</span> <span class='ocrx_word' id='word_1_284' title='bbox 871 4195 910 4271; x_wconf 90' lang='lat' dir='ltr'>in</span> <span class='ocrx_word' id='word_1_285' title='bbox 943 4195 1121 4272; x_wconf 91' lang='lat' dir='ltr'>domibus</span> <span class='ocrx_word' id='word_1_286' title='bbox 1153 4195 1297 4271; x_wconf 90' lang='lat' dir='ltr'>ordinis</span> <span class='ocrx_word' id='word_1_287' title='bbox 1323 4195 1362 4269; x_wconf 92' lang='lat' dir='ltr'>in</span> <span class='ocrx_word' id='word_1_288' title='bbox 1386 4192 1525 4298; x_wconf 84' lang='lat' dir='ltr'>quibus</span> <span class='ocrx_word' id='word_1_289' title='bbox 1551 4191 1670 4267; x_wconf 89' lang='lat' dir='ltr'>extitit</span> 
     </span>
     <span class='ocr_line' id='line_1_30' title="bbox 253 4322 1669 4430; baseline 0.002 -35"><span class='ocrx_word' id='word_1_290' title='bbox 253 4341 514 4401; x_wconf 90' lang='lat' dir='ltr'>commoratus.</span> <span class='ocrx_word' id='word_1_291' title='bbox 542 4324 696 4400; x_wconf 88' lang='lat' dir='ltr'>Audivit</span> <span class='ocrx_word' id='word_1_292' title='bbox 728 4325 800 4401; x_wconf 89' lang='lat' dir='ltr'>diei</span> <span class='ocrx_word' id='word_1_293' title='bbox 833 4326 935 4430; x_wconf 89' lang='lat' dir='ltr'>quod</span> <span class='ocrx_word' id='word_1_294' title='bbox 960 4325 1121 4400; x_wconf 86' lang='lat' dir='ltr'>Parisios</span> <span class='ocrx_word' id='word_1_295' title='bbox 1153 4325 1379 4402; x_wconf 89' lang='lat' dir='ltr'>tenebantur</span> <span class='ocrx_word' id='word_1_296' title='bbox 1408 4322 1581 4429; x_wconf 88' lang='lat' dir='ltr'>capitulia</span> <span class='ocrx_word' id='word_1_297' title='bbox 1605 4352 1669 4429; x_wconf 91' lang='lat' dir='ltr'>ge-</span> 
     </span>
     <span class='ocr_line' id='line_1_31' title="bbox 252 4450 1670 4560; baseline 0.001 -35"><span class='ocrx_word' id='word_1_298' title='bbox 252 4450 390 4527; x_wconf 90' lang='lat' dir='ltr'>neralia</span> <span class='ocrx_word' id='word_1_299' title='bbox 416 4481 569 4541; x_wconf 88' lang='lat' dir='ltr'>eorum,</span> <span class='ocrx_word' id='word_1_300' title='bbox 603 4454 830 4560; x_wconf 88' lang='lat' dir='ltr'>quandoque</span> <span class='ocrx_word' id='word_1_301' title='bbox 860 4454 908 4530; x_wconf 91' lang='lat' dir='ltr'>de</span> <span class='ocrx_word' id='word_1_302' title='bbox 941 4470 1050 4530; x_wconf 90' lang='lat' dir='ltr'>nocte</span> <span class='ocrx_word' id='word_1_303' title='bbox 1083 4470 1128 4529; x_wconf 87' lang='lat' dir='ltr'>et</span> <span class='ocrx_word' id='word_1_304' title='bbox 1155 4454 1272 4541; x_wconf 79' lang='lat' dir='ltr'>clam3</span> <span class='ocrx_word' id='word_1_305' title='bbox 1307 4453 1476 4528; x_wconf 89' lang='lat' dir='ltr'>ordinata</span> <span class='ocrx_word' id='word_1_306' title='bbox 1503 4481 1572 4556; x_wconf 91' lang='lat' dir='ltr'>per</span> <span class='ocrx_word' id='word_1_307' title='bbox 1591 4454 1670 4529; x_wconf 89' lang='lat' dir='ltr'>Ma-</span> 
     </span>
     <span class='ocr_line' id='line_1_32' title="bbox 250 4582 1668 4686; baseline 0.001 -30"><span class='ocrx_word' id='word_1_308' title='bbox 250 4583 408 4686; x_wconf 88' lang='lat' dir='ltr'>gistrum</span> <span class='ocrx_word' id='word_1_309' title='bbox 429 4613 516 4659; x_wconf 92' lang='lat' dir='ltr'>cum</span> <span class='ocrx_word' id='word_1_310' title='bbox 537 4602 741 4673; x_wconf 88' lang='lat' dir='ltr'>conventu,</span> <span class='ocrx_word' id='word_1_311' title='bbox 763 4602 806 4660; x_wconf 94' lang='lat' dir='ltr'>ut</span> <span class='ocrx_word' id='word_1_312' title='bbox 827 4585 970 4661; x_wconf 92' lang='lat' dir='ltr'>audivit</span> <span class='ocrx_word' id='word_1_313' title='bbox 992 4584 1084 4672; x_wconf 91' lang='lat' dir='ltr'>dici,</span> <span class='ocrx_word' id='word_1_314' title='bbox 1109 4582 1267 4673; x_wconf 82' lang='lat' dir='ltr'>luissent</span> <span class='ocrx_word' id='word_1_315' title='bbox 1285 4599 1426 4659; x_wconf 88' lang='lat' dir='ltr'>servata</span> <span class='ocrx_word' id='word_1_316' title='bbox 1446 4582 1485 4658; x_wconf 93' lang='lat' dir='ltr'>in</span> <span class='ocrx_word' id='word_1_317' title='bbox 1513 4582 1668 4672; x_wconf 90' lang='lat' dir='ltr'>ordine,</span> 
     </span>
     <span class='ocr_line' id='line_1_33' title="bbox 250 4711 1666 4820; baseline -0.001 -32"><span class='ocrx_word' id='word_1_318' title='bbox 250 4728 510 4819; x_wconf 83' lang='lat' dir='ltr'>contraquem</span> <span class='ocrx_word' id='word_1_319' title='bbox 527 4741 629 4789; x_wconf 84' lang='lat' dir='ltr'>nuuc</span> <span class='ocrx_word' id='word_1_320' title='bbox 643 4713 797 4820; x_wconf 88' lang='lat' dir='ltr'>grandia</span> <span class='ocrx_word' id='word_1_321' title='bbox 816 4712 1003 4803; x_wconf 85' lang='lat' dir='ltr'>scandala,</span> <span class='ocrx_word' id='word_1_322' title='bbox 1022 4713 1182 4816; x_wconf 89' lang='lat' dir='ltr'>suspicio</span> <span class='ocrx_word' id='word_1_323' title='bbox 1200 4729 1237 4788; x_wconf 89' lang='lat' dir='ltr'>et</span> <span class='ocrx_word' id='word_1_324' title='bbox 1255 4711 1407 4789; x_wconf 88' lang='lat' dir='ltr'>infamia</span> <span class='ocrx_word' id='word_1_325' title='bbox 1426 4730 1514 4789; x_wconf 89' lang='lat' dir='ltr'>suut</span> <span class='ocrx_word' id='word_1_326' title='bbox 1531 4729 1666 4788; x_wconf 89' lang='lat' dir='ltr'>exorta.</span> 
     </span>
     <span class='ocr_line' id='line_1_34' title="bbox 250 4841 1668 4949; baseline 0 -33"><span class='ocrx_word' id='word_1_327' title='bbox 250 4841 401 4919; x_wconf 84' lang='lat' dir='ltr'>Audivit</span> <span class='ocrx_word' id='word_1_328' title='bbox 431 4842 504 4922; x_wconf 91' lang='lat' dir='ltr'>diei</span> <span class='ocrx_word' id='word_1_329' title='bbox 535 4871 712 4948; x_wconf 87' lang='lat' dir='ltr'>maguum</span> <span class='ocrx_word' id='word_1_330' title='bbox 742 4844 959 4949; x_wconf 83' lang='lat' dir='ltr'>Magistrum</span> <span class='ocrx_word' id='word_1_331' title='bbox 985 4859 1023 4918; x_wconf 90' lang='lat' dir='ltr'>et</span> <span class='ocrx_word' id='word_1_332' title='bbox 1053 4841 1147 4919; x_wconf 88' lang='lat' dir='ltr'>alios</span> <span class='ocrx_word' id='word_1_333' title='bbox 1175 4841 1321 4947; x_wconf 90' lang='lat' dir='ltr'>aliquos</span> <span class='ocrx_word' id='word_1_334' title='bbox 1348 4868 1493 4918; x_wconf 90' lang='lat' dir='ltr'>errores</span> <span class='ocrx_word' id='word_1_335' title='bbox 1526 4841 1668 4917; x_wconf 84' lang='lat' dir='ltr'>conses-</span> 
     </span>
    </p>
   </div>
   <div class='ocr_carea' id='block_1_3' title="bbox 1495 5003 1520 5058">
    <p class='ocr_par' dir='ltr' id='par_1_3' title="bbox 1495 5003 1520 5058">
     <span class='ocr_line' id='line_1_35' title="bbox 1495 5003 1520 5058; baseline 0 -23"><span class='ocrx_word' id='word_1_336' title='bbox 1495 5003 1520 5058; x_wconf 82' lang='grc'>7.</span> 
     </span>
    </p>
   </div>
   <div class='ocr_carea' id='block_1_4' title="bbox 0 0 2122 5944">
    <p class='ocr_par' dir='ltr' id='par_1_4' title="bbox 0 0 2122 5944">
     <span class='ocr_line' id='line_1_36' title="bbox 0 0 2122 5944; baseline 0 0"><span class='ocrx_word' id='word_1_337' title='bbox 0 0 2122 5944; x_wconf 95' lang='lat' dir='ltr'> </span> 
     </span>
    </p>
   </div>
  </div>
 </body>
</html>
