4236 5948
353 524 423 598 186
555 482 560 488 ’
726 499 1390 594 raocssousrsurmsas.

346 663 527 742 tuliorum
551 659 711 767 illisqui
730 658 1020 737 nonadfuerant
1041 658 1078 735 in
1099 658 1260 748 eisdem,
1284 656 1331 733 de
1351 653 1468 733 medo
1489 656 1771 762 recepcionisiu

346 792 496 901 speciali
516 820 595 868 non
613 790 741 869 habita
758 790 976 876 mancione,
996 805 1034 865 et
1056 788 1177 866 credit
1195 786 1302 894 quod
1321 785 1387 891 qui
1404 784 1631 865 revelassent
1651 789 1767 892 punit

346 925 520 1011 luissent,
541 922 609 1000 sed
635 922 755 999 nescit
775 920 947 1028 qualiter.
977 919 1173 1012 Quamdiu
1198 918 1336 997 habere
1361 935 1535 1023 poterant
1559 919 1772 999 sacerdotes

346 1055 505 1143 ordinis,
534 1081 611 1130 nou
638 1052 829 1131 debebant
856 1050 1027 1129 confiteri
1049 1049 1141 1127 aliis.
1162 1048 1397 1128 Elemosinas
1420 1065 1459 1126 et
1477 1047 1771 1154 hospitalitatem

345 1186 437 1263 vidit
457 1183 722 1261 convenienter
734 1182 817 1261 fieri
833 1200 871 1258 et
889 1180 1024 1259 servari
1044 1182 1083 1257 in
1105 1180 1282 1259 domibus
1300 1178 1442 1257 ordinis
1472 1179 1512 1255 in
1539 1179 1678 1286 quibus
1708 1209 1771 1257 ex-

344 1316 421 1393 titit
445 1331 715 1404 commoratus,
741 1330 779 1391 et
802 1312 1092 1391 deffendebatur
1116 1313 1170 1390 eis
1193 1340 1241 1390 ne
1264 1309 1434 1388 indebite
1454 1309 1692 1416 acquirerent
1708 1339 1771 1388 or-

313 1459 317 1468 '
346 1446 438 1523 dini.
453 1448 595 1524 Eorum
612 1444 787 1552 capitulia
806 1443 917 1533 elam,
934 1442 1050 1521 nullis
1070 1444 1308 1550 presentibus
1323 1442 1394 1519 nisi
1415 1440 1589 1520 fratribus
1604 1442 1768 1532 ordinis,

344 1575 581 1667 tenebantur,
601 1574 802 1682 aliquando
822 1591 907 1650 ante
928 1574 1046 1664 diem,
1069 1590 1110 1650 ut
1128 1591 1280 1680 possent
1299 1571 1497 1649 intendere
1522 1571 1687 1679 negociis
1706 1564 1772 1649 eo-

345 1735 443 1782 rum.
476 1706 593 1782 Licita
615 1706 785 1782 ordinata
813 1733 880 1810 per
899 1704 1118 1812 Magistrum
1149 1733 1235 1780 cum
1261 1718 1447 1783 conventu
1470 1719 1648 1779 servasset
1666 1719 1772 1781 totus

347 1838 457 1925 ordo,
479 1854 609 1915 contra
625 1864 741 1942 quem
761 1863 862 1911 nuuc
878 1832 1033 1942 grandia
1059 1834 1246 1922 scandala,
1269 1832 1431 1938 suspicio
1455 1850 1493 1909 et
1512 1833 1664 1911 infamia
1681 1851 1772 1912 sunt

347 1985 488 2060 exorta,
511 1985 549 2046 et
566 1984 695 2045 contra
712 1995 827 2072 quem
846 1965 969 2043 dictus
983 1965 1158 2072 Magister
1176 1982 1213 2041 et
1232 1963 1295 2040 alii
1316 1964 1493 2041 dicuntur
1510 1963 1635 2071 aliqua
1654 1963 1771 2044 fuisse

347 2096 526 2190 consessi3
553 2098 600 2175 ad
619 2097 725 2204 cujus
745 2096 888 2174 ordinis
908 2095 1179 2175 deffensionem
1196 2125 1235 2175 se
1258 2124 1336 2173 non
1357 2094 1557 2172 obtulerat.

402 2229 618 2335 Requisitus
633 2228 664 2306 si
679 2229 731 2306 sic
747 2227 971 2333 deposuerat
985 2256 1111 2335 prece,
1129 2225 1485 2332 precept0,timore,
1500 2253 1643 2314 amore,
1659 2226 1769 2315 odio,

346 2358 404 2435 vel
419 2359 619 2464 temporali
643 2357 803 2436 comodo
828 2357 958 2435 habito
982 2358 1042 2435 vel
1068 2357 1262 2445 habendo,
1292 2357 1489 2462 respondit
1515 2357 1620 2463 quod
1640 2357 1769 2435 illicita

347 2488 551 2568 consessata
573 2518 640 2596 per
661 2517 751 2565 eum
771 2488 913 2566 dixerat
935 2488 984 2566 ob
1006 2505 1150 2566 metum
1176 2515 1337 2594 persone
1359 2517 1426 2565 sue
1445 2516 1562 2595 quem
1588 2489 1769 2583 habebat,

346 2636 383 2696 et
400 2618 532 2698 eadem
554 2619 745 2697 consessus
765 2618 885 2696 suerat
905 2647 1030 2695 coram
1051 2618 1152 2695 dicto
1173 2616 1329 2697 domino
1350 2618 1630 2724 archiepiscopo
1644 2620 1771 2699 Turo-

242 2844 248 2858 Ι
347 2752 470 2841 nensi,
490 2768 533 2828 ut
548 2751 657 2838 dixit,
675 2778 762 2826 cum
779 2749 846 2825 diu
861 2747 993 2826 suisset
1012 2749 1052 2824 in
1069 2776 1215 2825 carcere
1235 2749 1412 2825 detentus
1428 2765 1628 2856 postquam
1642 2751 1770 2855 primo

345 2899 541 2990 negaverat
565 2881 731 2986 predicta
763 2908 887 2957 coram
916 2880 1016 2957 dicto
1042 2879 1200 2957 domino
1225 2878 1503 2985 archiepiscopo
1532 2882 1770 2974 Turonensi;

345 3039 421 3089 non
446 3029 574 3089 tamen
594 3010 715 3087 suerat
735 3010 1008 3116 questionatus.
1036 3010 1167 3087 Postea
1195 3027 1323 3088 tamen
1353 3009 1446 3086 dixit
1470 3010 1576 3117 quod
1600 3011 1769 3116 predicta

346 3140 489 3219 dixerat
507 3140 743 3249 proteritate
760 3140 936 3227 dicenda,
955 3157 993 3216 et
1007 3140 1096 3246 quia
1113 3168 1198 3217 vera
1210 3139 1368 3219 fuerant.
1381 3142 1453 3220 Cui
1467 3139 1538 3220 suit
1551 3142 1766 3249 injunctum

344 3272 450 3378 quod
461 3300 537 3348 non
552 3269 733 3348 revelaret
745 3269 841 3348 hauc
854 3298 960 3347 suam
975 3269 1274 3375 deposicionem,
1294 3299 1491 3379 quousque
1507 3274 1768 3351 attestaeiones

344 3401 486 3478 suerint
504 3401 705 3506 publicato.

400 3664 529 3740 Frater
555 3661 843 3743 Bartholomeus
871 3662 1076 3743 Bartlioleti
1104 3666 1286 3760 serviens,
1313 3665 1563 3746 Xantonensis
1588 3668 1765 3756 diocesis,

343 3792 448 3870 testis
468 3820 579 3900 supra
592 3795 757 3902 juratus,
784 3792 1006 3871 mantellum
1028 3796 1172 3874 ordinis
1192 3816 1230 3874 et
1247 3798 1403 3876 barbam
1425 3797 1628 3891 defferens,
1654 3799 1767 3906 quin·

344 3926 593 4030 quagenarius
615 3924 672 4004 vel
700 3924 814 4017 circa,
848 3953 935 4002 cum
966 3954 1042 4031 quo
1077 3927 1303 4035 inquisitum
1331 3928 1474 4017 fuerat,
1500 3928 1696 4007 absolutus
1728 3945 1767 4007 et

342 4055 601 4133 reconciliatus
627 4083 695 4162 per
717 4054 914 4134 officialem
942 4056 1211 4147 Pictavensem,
1240 4059 1345 4136 lectis
1366 4076 1405 4137 et
1425 4058 1625 4166 diligenter
1649 4087 1766 4167 expo-

340 4187 419 4263 sitis
447 4187 518 4264 sibi
547 4185 725 4299 omnibus
750 4203 788 4263 et
806 4185 964 4293 singulis
990 4189 1172 4278 articulis,
1204 4189 1400 4295 respondit
1428 4217 1467 4267 se
1493 4191 1659 4278 nescire,
1696 4217 1766 4268 nec

341 4316 509 4407 credere,
539 4345 609 4395 nec
631 4317 815 4395 audivisse
843 4317 917 4395 dici
939 4317 986 4396 de
1010 4321 1196 4399 contentis
1220 4321 1259 4396 in
1281 4321 1335 4399 eis
1356 4321 1429 4399 nisi
1450 4321 1556 4427 quod
1569 4318 1764 4426 sequitur:

340 4446 442 4522 Dixit
461 4475 625 4554 namque
645 4475 683 4523 se
703 4445 817 4524 luisse
837 4464 1029 4554 receptum
1052 4450 1091 4527 in
1111 4450 1253 4556 capella
1272 4449 1410 4528 domus
1428 4448 1577 4556 Templi
1604 4450 1653 4529 de
1676 4452 1767 4528 Ber-

342 4602 436 4681 nayo
455 4576 705 4655 Xantonensis
726 4577 902 4666 diocesis,
920 4579 959 4656 in
979 4579 1139 4659 instante
1163 4608 1292 4660 mense
1313 4580 1538 4687 septembris
1563 4597 1676 4658 erunt
1696 4581 1765 4658 cir-

342 4705 434 4781 citer
449 4731 557 4783 xxvru
572 4708 677 4796 anni,
699 4737 767 4815 per
785 4707 937 4787 tratrem
955 4710 1205 4788 Amblardum
1229 4710 1278 4788 de
1293 4711 1411 4792 Viena
1430 4711 1645 4819 quondam,
1673 4728 1765 4788 tunc

340 4851 598 4940 preceptorem
631 4838 808 4928 Pictavie,
839 4840 1077 4945 presentibus
1110 4841 1288 4919 fratribus
1319 4840 1527 4920 Guillelmo
1552 4842 1624 4919 deu
1651 4841 1764 4948 Liege
