4236 5948
727 516 1042 606 rnocnsnns
1073 531 1372 603 murmuris.
1443 478 1448 487 ’
1691 537 1762 609 tri

342 699 399 757 ter
415 693 630 783 reputarent
644 692 681 751 et
696 675 892 752 crederent
905 672 1036 749 fratres
1050 671 1206 776 predicti
1221 672 1344 747 Deum
1360 669 1551 750 offendere
1566 693 1602 751 et
1613 706 1765 783 peccare

342 828 378 887 et
399 827 525 886 contra
551 824 685 884 statuta
712 807 801 882 dicti
828 802 970 881 ordinis
994 801 1131 889 facere,
1152 822 1189 880 et
1212 802 1317 906 quod
1343 802 1389 878 de
1412 821 1551 881 temere
1577 811 1664 884 actis
1687 838 1706 884 a
1726 839 1765 886 se

342 968 456 1046 penas
468 939 634 1025 luerent,
659 953 697 1012 et
716 965 735 1010 a
759 937 836 1012 suis
856 931 1111 1039 superioribus
1131 933 1343 1039 gravissime
1364 934 1596 1037 punirentur.
1611 939 1766 1045 Reliqua

343 1088 467 1147 autem
485 1070 522 1144 in
541 1068 647 1144 dictis
668 1065 830 1144 articulis
851 1081 1024 1142 contenta
1046 1083 1082 1140 et
1105 1065 1247 1170 singula
1269 1064 1430 1171 negavit,
1454 1081 1491 1141 et
1511 1095 1586 1144 non
1608 1069 1767 1146 credidit

344 1230 423 1278 esse
443 1231 538 1278 vera.

400 1333 456 1409 Ad
470 1333 581 1407 lxxxn
594 1330 791 1406 articulum
807 1326 1007 1433 diligenter
1018 1326 1281 1432 interrogatus,
1302 1326 1531 1432 respondens
1545 1330 1693 1435 negavit
1712 1331 1768 1435 ip-

343 1492 424 1539 sum
437 1460 633 1538 articulum
648 1477 684 1535 et
697 1475 868 1535 contenta
883 1458 923 1533 in
935 1485 997 1544 eo,
1015 1455 1179 1533 adiciens
1194 1485 1233 1533 se
1249 1484 1325 1532 non
1345 1456 1497 1533 credere
1513 1458 1616 1563 quod
1635 1459 1691 1535 illi
1703 1461 1768 1563 qui

341 1592 504 1697 predicta
521 1592 559 1666 in
578 1590 735 1666 articulo
755 1605 928 1665 contenta
944 1604 1112 1664 asserunt
1124 1586 1238 1663 luisse
1253 1587 1408 1663 confessi
1418 1616 1494 1664 non
1505 1605 1592 1665 sunt
1606 1617 1675 1664 nec
1689 1589 1769 1667 lue-

341 1740 432 1798 runt
447 1721 577 1797 fratres
594 1719 682 1796 dicti
693 1719 852 1806 ordinis,
876 1718 943 1794 sed
957 1717 1092 1793 falsarii
1110 1736 1146 1794 et
1161 1717 1246 1794 ficte
1263 1735 1299 1795 et
1310 1717 1481 1795 simulate
1497 1718 1769 1796 adinventionis

343 1879 511 1926 erromm
533 1850 802 1955 predictorum,
829 1865 866 1923 et
881 1846 1029 1924 mentiti
1055 1863 1141 1922 sunt
1162 1874 1230 1952 per
1249 1874 1292 1924 os
1313 1848 1505 1952 proprium
1530 1847 1621 1924 falso
1641 1850 1767 1927 modo

400 1980 456 2056 Ad
476 1980 615 2066 lxxxm,
638 1978 774 2055 lxxxuu
791 1994 827 2054 et
842 1978 947 2056 lxxxv
962 1977 1138 2053 articulos
1153 1977 1347 2065 inclusive,
1367 1977 1565 2085 diligenter
1580 1996 1618 2054 et
1633 1979 1769 2086 sigilla-

343 2112 410 2186 tim
431 2111 694 2215 interrogatus,
714 2108 949 2214 respondens
970 2107 1061 2183 dixit
1081 2109 1201 2212 quod,
1224 2108 1253 2182 si
1275 2106 1404 2183 fratres
1426 2107 1472 2183 de
1492 2108 1631 2214 quibus
1651 2112 1771 2216 agitur

344 2243 382 2316 in
398 2240 563 2319 articulis
578 2239 735 2318 confessi
755 2239 893 2315 fuerint
912 2255 1083 2315 contenta
1102 2239 1141 2313 in
1164 2238 1234 2326 eis,
1257 2238 1344 2316 falsa
1365 2239 1523 2316 confessi
1539 2258 1677 2317 suntet
1697 2241 1772 2317 dis-

345 2371 529 2475 crepantia
543 2370 691 2474 penitus
706 2369 906 2455 averitate‚
923 2385 960 2444 et
975 2397 1042 2472 per
1056 2367 1162 2474 gulas
1178 2396 1263 2443 suas
1274 2367 1421 2444 mentiti
1436 2385 1523 2444 sunt
1538 2368 1629 2447 falso
1642 2371 1769 2460 m0d0,

345 2501 558 2577 excellentia
585 2518 711 2576 tamen
738 2527 885 2605 semper
913 2498 1008 2574 salva
1029 2498 1173 2575 domini
1201 2499 1318 2574 nostri
1340 2500 1477 2576 summi
1505 2499 1708 2604 pontificis,
1737 2521 1772 2577 et

342 2631 610 2708 venerabilium
633 2628 872 2706 dominorum
898 2626 1140 2703 cardinalium
1168 2627 1374 2703 reverentia
1395 2644 1433 2703 et
1457 2628 1602 2704 honore
1623 2646 1660 2704 et
1680 2632 1770 2707 sacri

343 2762 550 2838 consistorii
572 2761 669 2837 dicte
689 2760 810 2849 Sedis,
840 2759 878 2833 in
903 2785 1064 2864 quorum
1093 2758 1284 2862 presencia
1314 2757 1429 2833 dictas
1454 2757 1706 2836 confessiones
1731 2761 1769 2835 in

343 2893 432 2997 ipsis
452 2893 617 2968 articulis
637 2891 764 2968 asserit
784 2890 894 2967 factas
914 2888 1006 2967 fore.

400 3023 458 3100 Ad
472 3021 590 3100 lxxxv1
607 3020 805 3098 articulum
822 3020 1019 3128 diligenter
1037 3022 1299 3127 interrogatus,
1316 3020 1408 3097 dixit
1425 3021 1530 3125 quod
1549 3021 1662 3098 frater
1677 3025 1771 3129 Ray-

345 3152 509 3229 mundus
531 3152 576 3229 de
596 3151 734 3230 Gardia
757 3168 954 3256 preceptor
969 3151 1106 3228 domus
1125 3152 1242 3229 Mansi
1259 3152 1327 3229 Dei
1351 3151 1494 3229 ordinis
1515 3150 1603 3227 dicti
1621 3153 1769 3258 Templi

346 3281 486 3386 recepit
505 3283 626 3387 ipsum
650 3283 689 3358 in
710 3281 861 3358 fratrem
885 3280 973 3357 dicti
996 3280 1137 3358 ordinis
1160 3281 1198 3357 in
1219 3281 1357 3386 capella
1378 3281 1475 3358 dicte
1497 3280 1632 3362 domus
1651 3284 1771 3359 Mansi

344 3411 431 3497 Dei,
454 3411 491 3487 in
517 3411 612 3489 festo
634 3412 837 3490 Nativitatis
855 3410 1015 3519 gloriose
1035 3411 1197 3519 Virginis
1216 3411 1342 3487 matris
1361 3412 1430 3488 Dei
1451 3413 1587 3488 mensis
1612 3429 1772 3516 septem-

343 3540 420 3617 bris
440 3541 565 3618 luturo
587 3543 754 3646 proxime
776 3557 885 3618 erunt
904 3555 984 3617 11110‘
1003 3542 1090 3617 anni
1107 3540 1239 3645 elapsi,
1261 3542 1497 3646 presentibus
1512 3541 1557 3620 G.
1576 3541 1623 3617 de
1640 3544 1772 3620 Tarna-

345 3671 415 3746 rite
432 3670 572 3758 milite,
587 3670 851 3747 Bartholomeo
863 3669 910 3745 de
921 3671 1050 3758 Turri,
1066 3673 1106 3746 B.
1124 3671 1343 3757 Guerrerio,
1360 3670 1529 3748 lohanne
1541 3672 1658 3750 Coma
1669 3703 1773 3777 pres·

346 3799 476 3877 biteris
501 3799 715 3904 capellanis,
749 3799 794 3877 G.
822 3800 869 3876 de
890 3801 1024 3876 Sancto
1054 3799 1204 3904 Ypolito
1231 3817 1268 3875 et
1298 3799 1379 3877 aliis
1406 3801 1576 3905 pluribus
1600 3803 1772 3880 fratribus

348 3930 489 4007 ordinis
525 3929 737 4035 supradicti.
767 3930 891 4023 Quem
925 3946 1048 4004 autem
1084 3929 1242 4005 modum
1273 3947 1461 4006 servarunt
1487 3946 1563 4005 tam
1591 3931 1772 4036 recipiens

349 4089 460 4166 quam
482 4061 622 4166 recepti
643 4061 680 4135 in
709 4061 807 4136 dicta
824 4059 1042 4165 recepcione
1068 4058 1115 4135 ad
1140 4059 1314 4136 ordinem
1342 4059 1487 4164 Templi
1509 4060 1769 4166 interrogatus,

349 4190 438 4266 dixit
454 4209 490 4267 et
510 4191 705 4297 respondit
724 4191 843 4296 quod,
867 4207 950 4266 ante
971 4190 1178 4296 ingressum
1197 4189 1287 4265 dicti
1304 4189 1461 4278 ordinis,
1483 4191 1670 4295 quesitum
1694 4220 1714 4266 a
1734 4219 1772 4266 se

348 4319 418 4396 fuit
437 4339 564 4398 utrum
582 4320 713 4399 fuisset
734 4321 1090 4409 excommunicatus,
1104 4337 1141 4396 et
1156 4337 1283 4395 utrum
1305 4339 1400 4396 esset
1416 4319 1664 4396 creditoribus
1679 4321 1773 4397 obli-

347 4467 469 4555 gatus,
489 4466 592 4526 etan
613 4468 741 4528 votum
761 4448 908 4527 fecisset
925 4450 973 4527 de
994 4451 1161 4557 introytu
1182 4478 1248 4525 seu
1264 4451 1432 4556 ingressu
1453 4448 1603 4526 alterius
1623 4449 1773 4552 religio-

347 4581 420 4668 nis,
449 4596 487 4654 et
505 4597 632 4656 utrum
653 4610 739 4658 cum
761 4580 920 4671 muliere
941 4580 1065 4687 aliqua
1085 4581 1366 4657 matrimonium
1387 4579 1644 4678 contraxisset,
1669 4596 1706 4658 et
1727 4608 1773 4654 an

350 4710 471 4816 aliqua
480 4710 710 4815 promisisset
725 4712 813 4789 dare
826 4712 882 4789 vel
893 4711 1059 4789 dedisset
1070 4710 1178 4787 alicui
1189 4739 1256 4816 pro
1269 4711 1449 4817 patranda
1460 4711 1541 4818 ejus
1555 4711 1773 4815 recepcione

350 4840 397 4915 ad
418 4842 589 4918 ordinem
606 4840 693 4917 dicti
709 4842 875 4947 Templi,
899 4861 936 4919 et
948 4843 1066 4921 multa
1084 4841 1154 4919 alia
1170 4870 1242 4948 que
1257 4841 1371 4918 moris
1387 4858 1475 4920 sunt
1489 4839 1628 4948 inquiri
1644 4856 1681 4916 et
1693 4837 1774 4914 fieri
