4236 5948
726 487 921 581 rnocns
949 508 1043 581 uns
1073 509 1371 582 rnurxrnns.
1683 512 1757 584 sos

340 672 531 752 nunquam
546 672 585 721 se
600 644 812 724 immiscuit.
827 647 1039 754 Requisitus
1053 666 1181 726 utrum
1194 651 1245 738 vi,
1264 650 1321 727 vel
1337 664 1439 726 metu
1456 649 1609 725 carceris
1618 650 1676 727 vel
1688 667 1761 726 tor-

340 794 571 865 mentorum,
593 793 657 852 aut
673 777 744 853 alia
763 806 998 884 quacumque
1014 780 1061 856 de
1078 808 1204 870 causa,
1221 781 1353 857 dixerit
1369 796 1431 857 aut
1442 780 1686 856 immiscuerit
1694 780 1760 856 ali·

342 936 453 1016 quam
470 906 684 997 falsitatem,
700 925 764 984 aut
783 910 940 985 tacuerit
959 909 1168 999 veritatem,
1187 909 1278 986 dixit
1298 939 1367 1015 per
1376 910 1632 1017 juramentum
1648 938 1760 986 suum

342 1038 445 1145 quod
457 1065 550 1127 non,
573 1038 690 1116 immo
711 1040 815 1144 quod
835 1039 926 1116 dixit
937 1068 1070 1144 puram
1085 1057 1122 1117 et
1136 1069 1277 1118 meram
1292 1041 1484 1118 veritatem
1499 1057 1653 1145 propter
1664 1040 1762 1117 salu-

341 1185 417 1245 tem
438 1195 560 1244 emme
580 1195 659 1244 sue.

397 1432 490 1511 Item
511 1430 624 1510 frater
641 1433 772 1511 Petrus
788 1434 835 1511 de
859 1436 961 1504 Sivre
979 1434 1079 1503 filius
1099 1425 1244 1503 domini
1261 1427 1410 1504 Acherii
1424 1428 1471 1503 de
1492 1426 1594 1504 Sivre
1613 1427 1759 1513 militis,

343 1562 448 1636 etatis
466 1555 655 1634 sexdecim
675 1556 732 1632 vel
752 1582 825 1634 xvn
850 1584 1048 1643 annorum,
1074 1558 1182 1633 miles
1208 1559 1296 1634 dicti
1317 1558 1475 1645 ordinis,
1498 1585 1648 1634 morans
1662 1559 1762 1662 apud

342 1688 594 1795 [antigniacum
615 1687 781 1775 Siccum,
793 1687 941 1793 juratus
957 1689 1004 1764 de
1016 1717 1054 1764 se
1069 1705 1106 1764 et
1117 1688 1198 1764 aliis
1213 1688 1252 1763 in
1265 1717 1373 1765 causa
1390 1687 1479 1764 [idei
1496 1688 1620 1764 dicere
1635 1689 1762 1764 verita·

295 1862 302 1871 ·
341 1834 433 1907 tem,
458 1833 495 1892 et
514 1816 763 1922 interrogatus
784 1816 831 1891 de
850 1834 1019 1922 tempore
1040 1835 1076 1893 et
1096 1818 1210 1894 modo
1229 1846 1295 1895 sue
1313 1817 1561 1922 reeepcionis,
1584 1817 1676 1893 dixit
1696 1846 1763 1923 per

271 2054 280 2069 .
337 1948 592 2053 juramentum
611 1974 721 2023 suum
742 1946 846 2051 quod
871 1966 1041 2052 receptus
1059 1946 1131 2023 fuit
1150 1949 1326 2036 Parisius,
1352 1949 1391 2023 in
1412 1947 1473 2024 die
1493 1949 1671 2026 Cinerum
1693 1949 1763 2024 erit

343 2104 475 2163 annus,
501 2105 569 2180 per
595 2075 745 2151 fratrem
770 2078 967 2184 Hugonem
997 2079 1045 2155 de
1076 2078 1243 2156 Paraudo
1274 2078 1502 2155 visitatorem
1525 2079 1695 2165 Francie,
1723 2081 1762 2153 in

344 2233 484 2283 camera
504 2207 632 2310 ipsius.
654 2208 702 2282 Et
717 2207 809 2281 dixit
822 2235 890 2310 per
899 2208 1155 2315 juramentum
1168 2237 1280 2286 suum
1296 2208 1399 2313 quod
1415 2224 1614 2313 postquam
1626 2208 1764 2315 juravit

344 2363 485 2413 servare
506 2352 641 2412 statuta
674 2337 833 2425 ordinis,
857 2353 894 2413 et
914 2338 1093 2415 mantello
1117 2338 1165 2414 ad
1193 2338 1334 2415 collum
1360 2366 1469 2413 suum
1493 2338 1633 2443 posito,
1662 2338 1763 2413 idem

343 2463 454 2543 frater
472 2467 581 2570 Hugo
601 2466 761 2571 portavit
780 2483 818 2542 et
832 2468 955 2543 tenuit
968 2484 1051 2543 ante
1065 2495 1152 2544 eum
1165 2468 1366 2573 quamdam
1381 2496 1530 2543 crucem
1548 2468 1586 2542 in
1599 2485 1764 2571 quaerat

345 2594 487 2700 depicta
502 2623 635 2701 ymago
654 2594 769 2671 Jhesu
783 2595 938 2683 Christi,
962 2613 998 2672 et
1016 2597 1130 2701 peciit
1150 2596 1197 2672 ab
1217 2624 1262 2672 eo
1280 2612 1407 2672 utrum
1426 2597 1596 2672 crederet
1617 2595 1655 2669 in
1676 2624 1763 2671 eum

344 2725 448 2832 eujus
461 2726 672 2830 ymaginem
686 2724 848 2801 videbat.
866 2726 939 2818 Qui
955 2726 1262 2831 responditquod
1277 2727 1329 2802 sic
1344 2757 1353 2800 z
1366 2744 1456 2801 tunc
1471 2725 1562 2801 dixit
1576 2725 1645 2801 sibi
1661 2726 1764 2829 quod

345 2853 439 2930 male
460 2855 650 2942 credebat,
670 2872 707 2930 et
721 2853 808 2930 fecit
820 2883 908 2931 eum
927 2856 1107 2962 abnegare
1123 2856 1278 2932 Jhesum
1299 2854 1489 2931 Christum
1505 2871 1614 2932 teret
1629 2883 1763 2959 spuere

345 2981 511 3087 qualibet
528 2984 605 3059 vice
622 3011 730 3088 supra
752 3011 912 3060 crucem.

398 3113 648 3219 Interrogatus
668 3112 714 3188 de
732 3113 879 3201 osculo,
902 3114 995 3190 dixit
1011 3143 1080 3218 per
1090 3115 1348 3222 juramentum
1369 3142 1479 3192 suurn
1498 3115 1602 3220 quod
1618 3114 1765 3191 oscula-

344 3256 404 3319 tus
422 3242 494 3318 suit
517 3243 556 3317 in
584 3242 763 3319 umbilico
783 3261 821 3320 et
844 3245 884 3319 in
904 3271 969 3320 ore
987 3245 1122 3321 solum.
1144 3247 1358 3350 Requisitus
1383 3262 1510 3322 utrum
1537 3245 1671 3350 aliquis
1691 3245 1762 3322 sibi

344 3367 502 3478 injunxit
519 3373 624 3476 quod
643 3373 901 3449 commisceret
916 3401 955 3449 se
976 3403 1062 3449 cum
1079 3376 1188 3451 sociis
1205 3376 1298 3464 suis,
1322 3376 1414 3451 dixit
1427 3404 1496 3480 per
1506 3376 1763 3482 juramentum

344 3526 450 3577 suum
471 3501 575 3605 quod
594 3529 788 3607 nunquam
806 3502 878 3578 suit
893 3502 962 3578 sihi
984 3503 1125 3579 dictum
1139 3505 1197 3581 vel
1214 3505 1435 3610 injunctum.

396 3629 611 3735 Requisitus
629 3648 757 3706 utrum
772 3632 823 3718 vi,
849 3648 913 3706 aut
938 3649 1042 3708 metu
1059 3649 1349 3721 tormentorum,
1373 3634 1544 3721 carceris,
1561 3652 1624 3710 aut
1641 3634 1763 3739 aliqua

344 3755 413 3833 elia
431 3785 558 3846 causa,
583 3759 623 3834 in
643 3788 706 3835 sua
728 3759 969 3864 deposicione
992 3760 1126 3837 dixerit
1148 3760 1361 3852 salsitatem,
1391 3764 1483 3839 dixit
1500 3790 1569 3867 per
1578 3763 1763 3870 jurumen-

343 3903 421 3965 tum
441 3914 556 3987 suum
572 3890 676 3993 quod
694 3917 788 3979 non;
810 3890 925 3966 immo
945 3918 1078 3993 puram
1101 3907 1138 3968 et
1157 3920 1298 3967 meram
1318 3891 1460 3971 dixerat
1473 3894 1676 3970 veritatem.

398 4147 491 4223 Item
507 4147 621 4226 frater
639 4149 805 4226 Thomas
825 4151 872 4227 de
893 4151 1091 4257 Quesneyo
1109 4179 1227 4258 prope
1245 4151 1460 4241 Britolium,
1479 4153 1585 4228 eutis
1605 4151 1681 4227 xhn
1697 4178 1762 4225 an-

343 4302 480 4353 norum
500 4278 558 4354 vel
580 4280 690 4368 circa,
723 4281 827 4357 testis
848 4281 984 4358 eodem
1005 4282 1119 4360 modo
1134 4283 1282 4388 juratus
1303 4282 1349 4358 de
1371 4310 1410 4358 se
1435 4299 1473 4359 et
1492 4280 1572 4357 aliis
1594 4282 1634 4356 in
1654 4309 1762 4357 causa

341 4401 430 4483 fidei
451 4407 577 4485 dicere
595 4410 803 4499 veritatem,
824 4426 861 4486 et
881 4411 1084 4516 requisitus
1103 4410 1151 4487 de
1167 4427 1336 4516 tempore
1355 4429 1393 4487 et
1407 4410 1521 4487 modo
1534 4410 1761 4516 recepcionis

342 4562 407 4610 sue
426 4535 465 4611 in
481 4537 581 4615 dicto
594 4540 741 4628 ordine,
764 4541 855 4617 dixit
874 4570 942 4645 per
956 4542 1209 4649 juramentum
1229 4570 1338 4618 suum
1361 4542 1464 4646 quod
1483 4568 1546 4619 vin
1570 4541 1656 4616 anni
1678 4559 1761 4616 sunt

342 4663 399 4743 vel
418 4666 514 4742 circa
533 4669 637 4774 quod
651 4669 722 4747 suit
735 4688 906 4775 receptus
926 4671 1025 4777 apud
1044 4672 1261 4778 Soisyacum
1286 4671 1488 4748 Meldensis
1505 4671 1678 4760 diocesis,
1694 4700 1762 4775 per

342 4791 490 4873 fratrem
512 4801 706 4907 Hugonem
728 4800 775 4877 de
787 4800 970 4890 Paraudo,
989 4800 1226 4907 presentibus
1241 4800 1350 4878 fratre
1368 4799 1517 4879 Nicolao
1531 4800 1760 4905 Flammingo
