4236 5948
345 547 392 617 22
737 523 936 618 paucas
962 542 1058 614 nus
1085 541 1382 644 reuertens,

345 685 478 792 recipi,
499 685 605 790 quod
625 685 704 793 ipse
723 685 830 763 testis
845 685 992 763 sciverit
1006 682 1065 760 vel
1084 683 1272 760 audiverit
1292 682 1380 760 dici.
1397 681 1503 762 Vidit
1516 698 1644 760 autem
1659 685 1776 793 recipi

344 817 498 895 fratrem
519 816 770 896 Guillelmum
801 817 847 894 de
876 816 1023 894 Fretive
1049 813 1367 922 Petragoricensis
1386 813 1563 902 diocesis,
1582 815 1707 894 vitum
1733 835 1777 895 ut

346 949 484 1037 credit,
507 950 546 1025 in
568 949 709 1057 capella
727 949 867 1035 domus
878 947 1012 1057 templi
1029 949 1076 1026 de
1091 947 1234 1024 Siturat
1248 946 1502 1024 Xantonensis
1514 939 1691 1038 diocesis,
1708 978 1777 1056 per

346 1082 499 1158 fratrem
520 1082 675 1157 Petrum
697 1082 744 1159 de
768 1081 888 1159 Madit
909 1079 1103 1187 quondam
1127 1078 1305 1170 militem,
1326 1096 1420 1156 tunc
1432 1095 1627 1156 tenentem
1647 1079 1776 1158 locum

347 1213 513 1323 magistri
534 1215 711 1307 Pictavie,
733 1231 822 1300 suut
840 1241 864 1291 x
882 1213 972 1290 anni
990 1211 1183 1303 vel'circa,
1209 1211 1449 1319 presentibus
1466 1211 1645 1290 fratribus
1663 1213 1777 1290 Petro

345 1345 577 1438 Theobaldi,
597 1338 698 1422 texte
717 1373 830 1452 supra
849 1344 1022 1452 proximo
1041 1343 1278 1435 examinato,
1300 1344 1461 1452 Hugone
1477 1343 1671 1451 Raynaudi
1690 1372 1778 1451 pre-

346 1494 496 1583 ceptore
518 1475 617 1554 dicte
639 1476 776 1554 domus
797 1478 845 1553 de
866 1477 1024 1569 Siturat,
1045 1475 1136 1553 vivis
1157 1493 1202 1554 ut
1225 1475 1361 1567 credit,
1385 1493 1423 1553 et
1444 1475 1673 1582 quibusdam
1695 1475 1778 1555 aliis

347 1608 395 1684 de
415 1607 556 1714 quibus
588 1635 667 1684 non
696 1605 929 1685 recordatur.
952 1605 1058 1686 Vidit
1085 1606 1205 1683 eciam
1233 1605 1349 1712 recipi
1374 1602 1528 1684 fratrem
1554 1605 1776 1685 Amandum

348 1755 524 1844 nepotem
542 1738 633 1816 dicti
653 1737 777 1816 fratris
796 1738 900 1816 Petri
915 1736 1148 1829 Theobaldi,
1165 1736 1205 1814 in
1219 1737 1388 1843 predicta
1404 1737 1544 1845 capella
1557 1738 1605 1815 de
1622 1739 1774 1828 Siturat,

346 1886 435 1947 sunt
454 1869 601 1947 circiter
621 1897 684 1947 sea
703 1869 810 1962 anni,
827 1898 895 1977 per
914 1868 1069 1947 fratrem
1085 1868 1356 1947 Theobaldum
1378 1870 1571 1975 quondam
1591 1868 1774 1960 militem,

344 2018 436 2081 tunc
451 2019 714 2108 preceptorem
723 2002 824 2078 deus
839 2002 1004 2108 Espans‚
1021 1999 1262 2108 presentibus
1276 2000 1377 2078 dicto
1392 1999 1506 2079 fratre
1521 2001 1631 2079 Petro
1649 2002 1777 2079 Theo-

345 2132 471 2222 baldi,
499 2134 661 2240 Hugone
684 2133 880 2240 Raynaudi
909 2131 1022 2210 fratre
1045 2131 1164 2239 ipsius
1191 2132 1312 2221 testis,
1338 2149 1558 2238 preceptore
1579 2132 1679 2231 dicte
1709 2132 1778 2209 do-

347 2295 448 2356 mus,
471 2293 587 2371 quern
608 2264 729 2342 credit
746 2265 887 2354 vivere3
907 2265 1037 2373 plures
1054 2292 1139 2341 non
1158 2263 1254 2343 vidit
1272 2263 1405 2370 recipi,
1422 2265 1529 2372 quod
1543 2263 1774 2343 recordetur.

345 2401 430 2478 Non
449 2395 571 2474 credit
589 2396 694 2503 quod
714 2397 914 2475 adorarent
933 2413 1082 2484 catum,
1096 2394 1291 2502 nec-quod
1308 2412 1435 2474 essent
1454 2394 1640 2474 increduli
1656 2394 1776 2474 eccle·

345 2527 503 2608 siasticis
534 2528 792 2620 sacramentis,
824 2528 965 2636 qriibus
998 2529 1078 2635 ipse
1114 2528 1254 2616 credit,
1289 2555 1359 2605 nec
1393 2529 1499 2635 quod
1529 2553 1663 2606 eornm
1691 2527 1776 2606 laici

345 2659 584 2740 absolverent
611 2658 670 2736 vel
698 2677 852 2765 possent
886 2658 1079 2738 absolvere
1110 2688 1131 2735 a
1163 2658 1342 2765 peccatis,
1372 2687 1441 2736 nec
1476 2660 1583 2767 quod
1604 2659 1779 2767 jurarent

345 2792 521 2871 ordinem
545 2818 622 2867 non
648 2792 770 2880 exire,
801 2793 869 2869 sed
899 2790 1095 2869 dicebatur
1125 2790 1189 2868 eis*
1205 2790 1316 2897 quod
1337 2791 1463 2868 statim
1492 2818 1564 2897 pro
1600 2789 1777 2897 professis

345 2922 594 3001 habebantur.
622 2921 872 3001 Clandestine¹
891 2921 1190 3030 recipiebantur,
1213 2920 1331 2999 nullis
1351 2923 1594 3028 presentibus
1611 2923 1684 2999 nisi
1703 2922 1777 2999 fr'a·

342 3054 465 3132 tribus
480 3052 660 3143 ordinis3
688 3081 760 3130 nec
789 3054 859 3130 scit
885 3054 993 3160 quod
1021 3053 1094 3129 hec
1124 3069 1210 3129 ante
1239 3053 1457 3159 capcionem
1487 3072 1584 3133 esset
1612 3056 1776 3163 suspicio

344 3203 474 3264 contra
502 3212 578 3261 eos.
606 3185 691 3260 Non
721 3184 842 3261 credit
858 3185 973 3291 quod
1002 3183 1201 3262 haberent:
1217 3213 1289 3262 nec
1319 3187 1522 3265 adorarent
1550 3185 1679 3295 ydola,
1706 3217 1777 3266 nec

345 3315 451 3423 quod
471 3313 645 3406 cordate,
667 3313 808 3420 quibus
835 3343 950 3421 super
971 3315 1142 3395 camisias
1169 3345 1257 3393 cum
1281 3318 1426 3423 quibus
1447 3318 1625 3426 jacebant
1649 3319 1777 3429 cinge·

343 3446 495 3538 bantur,
516 3462 713 3552 tangerent
728 3445 856 3552 capita
880 3446 1096 3554 ydolorum.
1126 3447 1402 3555 lnjungebatur
1421 3451 1474 3526 eis
1492 3450 1598 3557 quod
1618 3477 1697 3527 non
1716 3481 1777 3528 re-

345 3575 511 3654 velarent
525 3593 667 3654 secreta
684 3577 956 3684 capitulorum
969 3578 1036 3685 qui
1049 3577 1296 3669 revelassent,
1315 3597 1496 3687 tanquam
1509 3581 1776 3660 inobedientes

344 3708 465 3814 puniti
486 3706 664 3800 fuissent,
685 3707 754 3786 sed
771 3710 890 3785 nescit
908 3708 1082 3816 qualiter.
1099 3710 1296 3804 Quamdiu
1310 3729 1486 3816 poterant
1501 3712 1777 3792 baberesacer-

346 3842 454 3919 dotes
467 3840 623 3930 ordinis,
640 3868 719 3917 non
738 3839 936 3917 debebant
944 3839 1026 3918 aliis
1041 3840 1227 3918 confiteri.
1245 3843 1328 3919 Non
1347 3842 1490 3920 audivit
1507 3845 1650 3951 precipi
1670 3848 1775 3954 quod

344 3972 574 4050 eleemosine
601 3971 661 4049 vel
691 3971 925 4078 hospitalitas
951 3972 1289 4079 restringerentur,
1326 3974 1394 4049 sed
1421 3976 1669 4066 contrarium,
1687 4006 1689 4011 ·
1705 4006 1776 4055 nec

343 4105 457 4212 quod-
469 4103 742 4211 preciperetur,
763 4131 832 4180 nec
853 4132 921 4209 per
939 4101 1043 4180 nefas
1061 4104 1320 4211 acquirerent,
1340 4106 1408 4183 sed
1427 4107 1678 4195 contrarium,
1704 4138 1776 4188 nec

342 4238 447 4344 quod
477 4237 633 4315 excubie
668 4253 905 4342 ponerentur
934 4236 974 4312 in
1000 4237 1194 4344 capitulis,
1221 4267 1296 4345 que
1324 4239 1451 4345 januis
1478 4241 1631 4335 clausis,
1658 4241 1775 4320 nullis

340 4369 579 4475 presentibus
598 4368 671 4444 nisi
688 4367 867 4445 fratribus
886 4369 1048 4458 ordinis,
1064 4370 1307 4448 tenebantur.
1327 4372 1443 4465 Quod
1462 4400 1621 4482 magnus
1639 4375 1776 4483 Magis-

340 4517 399 4576 ter
414 4529 504 4576 cum
514 4517 704 4578 conventu
721 4500 911 4579 statuisset
925 4519 1104 4581 servasset
1117 4519 1221 4580 totus
1235 4503 1330 4581 ordo
1341 4531 1359 4592 ‚³
1368 4504 1400 4581 si
1414 4503 1560 4582 bonum
1575 4522 1613 4582 et
1624 4506 1774 4613 justum

342 4630 494 4720 suisset3
517 4649 785 4738 contraquam
814 4633 990 4712 ordinem
1017 4662 1125 4711 nunc
1143 4634 1303 4742 grandia
1331 4636 1524 4725 scandala,
1543 4638 1712 4743 suspicio
1737 4655 1776 4715 et

341 4760 494 4838 infamia
513 4779 602 4840 sunt
620 4783 763 4857 exorta,
784 4782 968 4843 etcontra
983 4793 1102 4873 quem
1125 4748 1483 4876 magnus-Magister
1499 4787 1538 4846 et
1556 4769 1625 4846 alin
1636 4770 1774 4848 dicun·

340 4909 405 4970 tur
418 4893 545 5002 aliqua
560 4893 675 4973 briem
686 4895 860 4974 confessi.
878 4898 985 4989 ltem,
997 4899 1093 4977 dixit
1105 4899 1399 5007 quodpropter
1412 4918 1602 4981 tormenta
1618 4903 1653 4980 ei
1666 4902 1774 5009 prius
