4236 5948
354 514 424 588 nr
617 552 623 560 -
736 498 1379 591 procssuusrnuvemas.

348 657 572 764 percussisse
594 657 685 734 alios
705 656 834 735 fratres
855 659 913 734 vel
933 656 1062 734 fecisse
1084 656 1226 762 aliquas
1247 656 1554 733 inobediencias:
1577 655 1682 761 «Ego
1702 656 1767 733 ab·

348 787 450 863 solvo
475 816 540 863 vos
561 787 777 863 auctoritate
801 786 963 894 Magistri
986 784 1120 875 nostri,
1148 787 1212 890 qui
1239 785 1352 862 habet
1375 813 1488 890 super
1509 784 1581 860 hoc
1608 801 1768 889 potesta-

348 934 423 991 tem
445 946 464 992 a
486 918 621 1021 Papa.»
642 916 858 1021 Requisitus
880 917 926 992 de
947 914 1165 992 nominibus
1188 914 1342 992 illorum
1366 945 1433 1020 per
1457 943 1552 1020 quos
1571 913 1662 990 vidit
1687 912 1767 990 fieri

348 1047 569 1151 supradicta,
588 1045 687 1122 etde
704 1045 795 1123 locis
811 1064 849 1123 et
864 1045 1035 1153 capitulis
1056 1045 1094 1120 in
1111 1043 1249 1150 quibus
1266 1044 1406 1122 [iebant
1419 1045 1596 1151 predicta,
1617 1072 1769 1151 respon·

349 1177 404 1252 dit
420 1177 524 1282 quod
535 1175 664 1252 fratres
679 1178 811 1254 Petrus
824 1178 872 1254 de
884 1177 1069 1263 Mandit0,
1093 1175 1282 1254 Gerardus
1295 1177 1341 1253 de
1353 1177 1519 1265 Sanzeta,
1533 1192 1570 1252 et
1583 1178 1770 1282 Raymun-

348 1309 418 1382 dus
440 1307 486 1383 de
510 1305 666 1382 Marolio
691 1325 931 1413 preceptores
953 1306 1126 1383 Alvernie
1153 1309 1373 1399 successive,
1400 1305 1571 1382 dicebant
1597 1323 1634 1382 et
1656 1304 1769 1383 lacie-

345 1437 436 1513 bant
465 1437 632 1542 predicta
659 1438 811 1542 quaudo
838 1437 1018 1514 tenebant
1047 1464 1178 1513 eorum
1212 1437 1387 1542 capitulis
1413 1437 1450 1511 in
1478 1436 1577 1512 dicto
1608 1436 1692 1512 loco
1720 1437 1768 1514 de

348 1567 550 1656 Paulhaco;
574 1595 649 1642 non
672 1585 799 1643 tamen
820 1567 951 1644 recolit
972 1566 1019 1643 de
1039 1565 1216 1643 fratribus
1236 1595 1332 1672 quos
1352 1566 1602 1643 absolverunt.
1628 1567 1785 1677 Requi-¹

347 1697 439 1772 situs
460 1696 488 1771 si
510 1694 642 1771 lratres
657 1695 802 1772 ordinis
820 1695 1025 1772 credebant
1043 1722 1122 1772 esse
1144 1695 1306 1772 absoluti
1329 1696 1376 1772 de
1391 1695 1550 1800 peccatis
1566 1723 1697 1771 eorum
1720 1696 1767 1772 de

348 1825 487 1930 quibus
517 1842 622 1901 erant
650 1826 806 1901 convicti
830 1825 889 1901 vel
911 1853 986 1931 que
1010 1824 1160 1930 publice
1181 1823 1330 1901 luerent
1357 1824 1514 1902 confessi
1541 1853 1663 1902 coram
1684 1854 1770 1931 pre·

347 1956 455 2030 dictis
475 1954 577 2030 laicis
598 1984 665 2060 per
687 1954 969 2032 absolucionem
992 1983 1143 2043 eorum,
1167 1955 1362 2060 respoudit
1381 1983 1419 2031 se
1441 1953 1625 2032 audivisse
1644 1982 1664 2030 a
1683 1954 1769 2060 plu-

346 2087 451 2162 ribus
471 2084 647 2161 fratribus
663 2086 822 2176 ordinis,
841 2085 889 2161 de
905 2115 1069 2192 quorum
1085 2084 1305 2162 nominibus
1320 2112 1397 2162 non
1413 2085 1641 2172 recordatur,
1658 2085 1765 2189 quod

347 2214 508 2290 absoluti
535 2242 614 2290 esse
640 2214 842 2290 credebant
869 2234 1023 2321 propter
1048 2215 1235 2323 predicta,
1266 2232 1303 2291 et
1328 2214 1432 2322 quod
1460 2242 1537 2289 non
1565 2213 1769 2291 credebant

347 2344 453 2450 quod
480 2344 638 2422 ulterius
667 2364 763 2422 esset
790 2346 843 2422 eis
869 2347 1074 2423 necessaria
1101 2346 1294 2423 absolucio
1324 2344 1544 2435 sacerdotis,
1574 2343 1661 2420 licet
1687 2343 1768 2451 ipse

346 2475 451 2550 testis
471 2491 642 2579 argueret
662 2503 726 2551 eos
746 2475 975 2551 contrarium
996 2476 1208 2552 asserendo.
1225 2476 1339 2565 Item,
1360 2474 1452 2551 dixit
1471 2473 1576 2578 quod
1589 2473 1770 2578 jurabant

347 2604 520 2680 ordinem
537 2633 614 2681 nou
632 2604 747 2694 exire,
771 2619 808 2682 et
829 2607 933 2712 quod
953 2607 1077 2683 statim
1094 2635 1163 2713 pro
1180 2604 1355 2712 professis
1377 2604 1627 2694 habebantur3
1648 2622 1685 2681 et
1708 2632 1769 2680 re-

346 2733 582 2838 cipiebantur
607 2735 860 2825 clandestine,
892 2735 1008 2812 nullis
1035 2736 1274 2843 presentibus
1301 2735 1372 2811 nisi
1400 2733 1578 2811 iratribus
1604 2733 1767 2822 ordinis,

346 2892 387 2937 ev
413 2891 490 2968 quo
516 2864 635 2939 credit
661 2865 766 2969 quod
791 2882 886 2940 esset
912 2865 1072 2971 suspicio
1099 2881 1226 2941 contra
1247 2890 1323 2940 eos.
1347 2862 1523 2940 Cordulis
1543 2862 1644 2939 unde
1664 2863 1774 2940 vole·-

345 2992 434 3066 bant
461 2994 660 3098 assumptis
685 2993 941 3101 cingebantur,
971 3022 1015 3069 ex
1039 3010 1216 3098 precepto
1237 2991 1494 3097 superiorum,
1518 3019 1630 3098 super
1653 2993 1769 3069 cami·

346 3122 415 3197 sias
432 3151 517 3197 cum
534 3122 674 3227 quibus
686 3123 870 3228 jacebant.
889 3123 1156 3232 lnjungebatur
1177 3124 1248 3213 eis,
1271 3152 1338 3229 per
1353 3140 1628 3198 sacramentum
1644 3139 1682 3198 et
1697 3125 1769 3202 sub

346 3279 441 3353 pena
466 3251 640 3339 carceris,
667 3253 772 3358 quod
798 3281 873 3328 non
894 3254 1102 3330 revelarent
1122 3270 1263 3331 secreta
1284 3252 1534 3359 capitulorum
1556 3252 1671 3327 eciam
1692 3251 1769 3332 illis

345 3379 522 3456 iratribus
542 3381 606 3486 qui
627 3409 704 3457 nou
724 3382 919 3458 adfuerant
934 3385 973 3459 in
990 3385 1148 3475 eisdem,
1172 3385 1219 3461 de
1241 3384 1357 3462 modo
1377 3382 1606 3488 recepciouis
1625 3383 1664 3457 in
1685 3411 1770 3489 spe·

345 3508 428 3583 ciali
457 3537 533 3586 nou
558 3510 683 3587 babita
710 3512 919 3589 mensione.
949 3514 1219 3620 lujungebatur
1244 3515 1298 3590 eis
1326 3543 1373 3589 ne
1399 3511 1669 3590 confiterentur
1695 3513 1769 3590 nisi

345 3639 601 3740 sacerdotibus
622 3641 780 3732 ordinis,
807 3641 945 3747 quibus
965 3645 1182 3721 absentibus
1202 3661 1374 3749 poterant
1398 3642 1569 3722 confiteri
1589 3642 1770 3720 fratribus

345 3769 558 3846 carmelitis.
586 3772 695 3859 Item,
724 3772 817 3848 dixit
842 3772 945 3877 quod
971 3775 1018 3851 de
1043 3775 1152 3852 dictis
1177 3775 1318 3851 illicitis
1345 3774 1560 3852 confessatis
1583 3802 1652 3879 per
1677 3801 1768 3851 eum

343 3898 416 3974 fuit
445 3899 655 3989 consessus,
682 3901 775 3979 inlra
801 3903 999 3980 biennium
1029 3934 1048 3980 a
1073 3907 1291 4011 recepcione
1312 3933 1395 3993 sua,
1418 3903 1640 3993 Lemovicis,
1662 3902 1768 3981 fratri

343 4029 489 4136 Hugoni
520 4031 567 4105 de
596 4031 792 4108 Camalicis
822 4033 966 4109 ordinis
998 4034 1189 4111 Minorum
1222 4034 1429 4121 delluncto,
1458 4064 1478 4108 a
1507 4062 1584 4139 quo
1612 4030 1769 4108 absolu-

341 4176 402 4233 tus
433 4160 590 4250 exstitit,
618 4161 788 4238 sednon
817 4164 949 4240 recolit
975 4193 1088 4268 quam
1118 4165 1369 4270 penitenciam
1389 4163 1550 4271 injunxit
1576 4163 1621 4238 ei.
1651 4162 1766 4249 Item,

344 4288 435 4364 dixit
449 4290 554 4394 quod
569 4289 699 4369 fratres
713 4293 874 4369 scientes
892 4322 1036 4372 errores
1056 4295 1245 4400 predictos
1261 4294 1414 4372 luerunt
1429 4294 1662 4402 negligentes
1677 4292 1767 4397 quia

342 4444 417 4493 non
446 4441 686 4498 correxerunt
711 4452 775 4500 eos
803 4452 872 4500 nec
897 4424 1216 4501 denunciaverunt
1242 4424 1427 4511 Ecclesia,
1455 4442 1493 4500 et
1518 4423 1636 4500 credit
1661 4424 1766 4528 quod

342 4547 430 4624 dicti
451 4577 597 4627 errores
618 4571 742 4631 essent
763 4555 946 4632 manifesti
968 4556 1163 4663 Magistro,
1190 4556 1446 4661 superioribus
1474 4572 1512 4631 et
1539 4553 1621 4630 aliis
1644 4551 1768 4629 iratri-

342 4678 412 4752 bus
439 4678 596 4769 ordinis,
627 4685 752 4789 etqui
782 4714 983 4761 cneorum
1008 4686 1252 4763 ordinacione
1280 4703 1516 4764 servarentur
1545 4685 1582 4760 in
1613 4682 1761 4762 ordine.

339 4807 570 4888 Elemosiuas
591 4828 628 4887 et
650 4813 939 4919 hospitalitatem
967 4815 1081 4921 aliqui
1111 4815 1303 4892 servabant
1325 4835 1361 4893 et
1386 4816 1569 4892 faciebant
1595 4815 1693 4891 bene
1722 4815 1762 4891 in
