4236 5948
496 547 568 624 ast
672 614 681 629 ,
881 525 1526 633 eaocasnnsraurxmas.

550 689 681 793 Super,
696 686 778 763 aliis
804 686 963 763 verode
993 684 1128 791 quibus
1148 684 1350 789 precipitur
1381 684 1463 760 [ieri
1493 682 1686 788 inquisitio
1712 680 1914 788 generalis,

493 838 604 925 prout
633 820 752 894 visum
786 816 855 892 suit
882 815 981 891 dicto
1008 815 1162 890 domino
1189 814 1362 919 episcopo
1391 832 1427 890 ct
1448 812 1624 918 predictis
1644 813 1723 888 aliis
1752 812 1917 891 dominis

492 948 677 1027 canonicis
697 965 736 1024 et
755 946 936 1053 religiosis
952 944 1039 1021 viris
1059 944 1334 1050 inquirentibus
1354 945 1490 1050 pariter
1506 973 1593 1020 cum
1616 943 1769 1031 eodem,
1789 944 1916 1049 requi-

493 1081 584 1156 situs
605 1078 697 1154 dixit
717 1106 755 1153 se
775 1076 892 1152 nichil
914 1074 1076 1180 amplius
1093 1076 1200 1151 scire.
1304 1168 1316 1186 l

550 1208 656 1286 Anno
672 1226 709 1285 et
729 1208 791 1283 die
805 1206 943 1312 quibus
955 1235 1077 1314 supra.

548 1473 622 1550 Vll.
656 1473 785 1547 Frater
804 1469 1042 1576 Raymundus
1073 1471 1183 1574 Sapte
1209 1467 1419 1574 capellanus
1449 1470 1633 1575 presbiter
1661 1471 1861 1548 dictedom
1872 1501 1915 1549 us

494 1604 608 1680 Mansi
629 1603 699 1679 Dei
725 1601 863 1677 milicie
882 1600 1049 1705 Templi,
1073 1601 1176 1676 testis
1190 1601 1336 1705 juratus
1355 1628 1468 1705 super
1491 1600 1669 1705 predictis
1688 1602 1853 1679 articulis
1879 1621 1916 1680 et

493 1760 625 1820 eorum
639 1731 809 1839 quolibet
826 1730 896 1807 sibi
919 1731 1092 1836 expositis
1113 1732 1151 1805 in
1169 1729 1326 1836 vulgari,
1350 1746 1393 1806 ut
1411 1730 1625 1835 principalis
1641 1732 1688 1807 de
1709 1760 1747 1808 se
1768 1733 1862 1837 ipso,
1880 1752 1916 1810 et

492 1881 534 1941 ut
549 1862 654 1940 testis
670 1864 716 1938 de
735 1862 815 1939 aliis
832 1861 1028 1968 diligenter
1043 1879 1080 1937 et
1092 1860 1277 1965 sigillatim
1294 1861 1560 1968 interrogatus,
1578 1861 1813 1967 respondens
1824 1862 1915 1938 dixit

493 2024 604 2101 super
624 2021 775 2070 1-xx1x
793 1993 969 2069 articulos
990 1992 1190 2081 inclusive,
1213 1992 1357 2096 negavit
1376 1992 1474 2096 ipsos
1489 1992 1665 2069 articulos
1685 2010 1721 2069 et
1737 1994 1860 2070 omnia
1878 2010 1915 2070 et

493 2124 639 2232 singula
667 2140 839 2199 contenta
860 2123 898 2197 in
919 2124 993 2210 eis;
1021 2121 1184 2196 adiciens
1200 2151 1240 2196 <se
1259 2121 1410 2197 credere
1432 2123 1558 2199 omnia
1578 2141 1615 2199 et
1636 2124 1777 2229 singula
1796 2154 1914 2201 sacra-

494 2271 618 2330 menta
640 2270 764 2329 sancte
786 2252 856 2329 Dei
872 2253 1052 2341 Ecclesia,
1074 2252 1303 2357 designando
1323 2271 1358 2329 et
1383 2253 1631 2357 specificando
1656 2254 1843 2360 sigillatim
1866 2285 1917 2331 sa·

494 2402 681 2460 eramenta
693 2383 870 2488 predicta.
887 2383 988 2460 Dixit
1002 2386 1118 2458 eciam
1129 2382 1232 2487 quod
1247 2382 1325 2487 ipse
1340 2401 1378 2458 et
1392 2383 1451 2457 alii
1464 2382 1595 2460 fratres
1611 2413 1676 2459 sua
1690 2385 1915 2463 confitentur

491 2512 818 2620 peccatafratribus
826 2512 1022 2618 capellanis
1030 2511 1197 2617 ejusdem
1208 2511 1361 2599 ordinis,
1373 2543 1458 2589 ctrm
1470 2513 1618 2590 alterius
1627 2541 1759 2592 eorum
1768 2518 1915 2621 copiam

491 2662 646 2750 possunt
655 2643 811 2735 habere;
825 2644 1004 2750 alioquin,
1015 2643 1053 2717 in
1064 2670 1194 2719 eorum
1205 2641 1376 2731 deffectu,
1389 2642 1544 2720 licenter
1555 2645 1824 2749 possuntadire
1835 2646 1916 2722 reli-

490 2776 638 2880 giosum
655 2773 832 2880 aliquem,
848 2790 911 2851 aut
930 2771 1091 2849 finaliter
1106 2773 1354 2878 presbiterum
1373 2773 1536 2879 aliquem
1553 2775 1756 2851 secularem
1775 2776 1916 2854 baben·

490 2905 865 2982 temlicenciamasuo
873 2903 1014 3009 prelato
1023 2902 1200 2980 audiendi
1211 2903 1329 2981 aliena
1339 2922 1487 3008 peccata
1498 2906 1740 2983 etsalutarem
1750 2907 1914 3013 peniten-

490 3037 585 3112 ciam
598 3037 815 3142 injungeudi
828 3035 1015 3121 confessis,
1028 3054 1064 3111 et
1075 3036 1144 3111 hec
1157 3034 1247 3110 dixit
1256 3064 1335 3111 esse
1348 3052 1481 3112 statuta
1493 3036 1635 3112 ordinis
1646 3038 1733 3114 dicti
1750 3039 1912 3145 Templi.

547 3166 603 3242 Ad
617 3194 852 3243 xxx—xxxxix
868 3166 1040 3242 articulos
1055 3165 1233 3241 inclusive
1251 3166 1449 3272 diligenter
1462 3185 1500 3243 et
1512 3167 1698 3273 sigillatim
1712 3170 1916 3276 interroga·

489 3312 566 3386 tus,
581 3297 773 3402 respondit
789 3315 826 3372 et
841 3297 932 3374 dixit
944 3296 1131 3401 quodtam
1144 3297 1328 3400 recipiens
1338 3326 1451 3402 quam
1463 3316 1633 3403 receptus
1645 3299 1693 3375 ad
1702 3301 1845 3394 dictum
1862 3330 1915 3411 (g-

491 3426 618 3502 dinem
634 3426 780 3530 Templi
799 3454 880 3501 sese
895 3426 1051 3502 invicem
1065 3425 1279 3502 osculantur
1291 3428 1328 3501 in
1338 3454 1403 3502 ore
1419 3445 1575 3503 tantum.
1589 3428 1745 3534 Reliqua
1756 3430 1795 3505 in
1806 3429 1914 3507 dictis

491 3556 654 3632 articulis
668 3572 841 3633 contenta
857 3573 893 3630 et
908 3554 1051 3660 singula
1063 3557 1224 3662 negavit,
1248 3573 1286 3631 et
1301 3555 1393 3631 dixit
1410 3585 1449 3642 se
1466 3585 1541 3634 non
1556 3558 1708 3634 credere
1721 3587 1800 3635 esse
1816 3588 1912 3635 vera.

547 3685 604 3761 Ad
619 3712 741 3767 xxxutt
762 3703 799 3762 et
817 3712 961 3763 xxxvxur
982 3687 1158 3762 articulos
1169 3685 1365 3776 inclusive,
1380 3687 1577 3792 diligenter
1593 3707 1632 3765 et
1646 3688 1835 3794 sigillatim
1857 3692 1913 3767 in·

488 3834 708 3922 terrogatus,
727 3814 918 3920 respondit
937 3846 975 3893 se
996 3817 1136 3892 nescire
1157 3816 1300 3922 aliquid
1317 3816 1363 3893 de
1383 3818 1562 3894 contentis
1584 3819 1623 3893 in
1644 3818 1715 3907 eis,
1746 3849 1791 3897 eo
1813 3821 1913 3898 salvo

489 3945 593 4051 quod
606 3946 732 4052 januis
746 3944 880 4022 clausis
901 3945 973 4022 loci
994 3947 1124 4051 inquo
1145 3964 1315 4051 receptus
1335 3947 1407 4024 luit
1428 3951 1505 4053 ipse
1531 3949 1594 4054 qui
1621 3948 1808 4055 loquitur,
1830 3981 1914 4058 pre-

489 4076 656 4153 sentibus
674 4076 842 4181 ejusdem
856 4075 927 4152 loci
945 4075 1118 4153 fratribus
1132 4078 1197 4182 qui
1213 4095 1303 4152 tunc
1324 4095 1441 4166 erant,
1460 4078 1615 4156 exclusis
1635 4080 1830 4171 extraneis,
1843 4080 1914 4160 fuit

489 4207 567 4312 ipse
587 4215 776 4312 rece'ptus,
800 4223 936 4313 etpost
955 4206 1034 4312 ejus
1050 4208 1309 4312 recepcionem
1331 4237 1408 4284 non
1431 4209 1531 4285 stetit
1551 4209 1622 4285 nisi
1642 4238 1709 4315 per
1724 4227 1810 4287 octo
1834 4211 1913 4289 dies

489 4336 526 4410 in
546 4336 680 4412 eodem
700 4334 796 4414 loco.
820 4336 896 4414 Sed
921 4354 1048 4441 postea
1075 4337 1145 4415 luit
1169 4338 1406 4414 transmissus
1426 4339 1474 4414 ad
1495 4367 1666 4415 mansum
1688 4339 1734 4416 de
1758 4339 1913 4447 Garriga

487 4466 630 4545 ordinis
664 4468 833 4575 ejusdem
869 4468 1036 4573 Templi,
1079 4469 1143 4545 ubi
1172 4469 1346 4545 continue
1381 4470 1499 4557 stetit,
1530 4470 1651 4546 donec
1683 4488 1811 4576 captus
1842 4471 1916 4549 suit

488 4594 670 4674 adductus
684 4598 731 4673 ad
753 4599 908 4676 domum
927 4599 1046 4676 Mansi
1066 4599 1157 4688 Dei,
1178 4600 1326 4676 racione
1343 4601 1540 4676 criminum
1562 4601 1684 4680 ordini
1700 4601 1914 4707 supradicto

490 4726 772 4830 impositorum,
790 4745 828 4804 et
846 4729 999 4804 indicta
1017 4729 1133 4806 domo
1152 4731 1270 4814 Mansi
1292 4731 1360 4808 Dei
1383 4760 1468 4807 cum
1489 4731 1571 4808 aliis
1590 4730 1769 4809 fratribus
1791 4761 1913 4840 usque

490 4884 591 4931 nunc
609 4857 710 4933 stetit
725 4875 862 4963 captus.
