<?xml version="1.0" encoding="UTF-8"?>
<!DOCTYPE html PUBLIC "-//W3C//DTD XHTML 1.0 Transitional//EN"
    "http://www.w3.org/TR/xhtml1/DTD/xhtml1-transitional.dtd">
<html xmlns="http://www.w3.org/1999/xhtml" xml:lang="en" lang="en">
 <head>
  <title>
</title>
<meta http-equiv="Content-Type" content="text/html;charset=utf-8" />
  <meta name='ocr-system' content='tesseract 3.04.00' />
  <meta name='ocr-capabilities' content='ocr_page ocr_carea ocr_par ocr_line ocrx_word'/>
</head>
<body>
  <div class='ocr_page' id='page_1' title='image "./procsdestemplie00defegoog/procsdestemplie00defegoog_0225.png"; bbox 0 0 4236 5948; ppageno 0'>
   <div class='ocr_carea' id='block_1_1' title="bbox 721 510 1764 611">
    <p class='ocr_par' dir='ltr' id='par_1_1' title="bbox 721 510 1764 611">
     <span class='ocr_line' id='line_1_1' title="bbox 721 510 1764 611; baseline 0.011 -11"><span class='ocrx_word' id='word_1_1' title='bbox 721 510 918 603; x_wconf 78' lang='lat' dir='ltr'>eruens</span> <span class='ocrx_word' id='word_1_2' title='bbox 951 529 1046 599; x_wconf 83' lang='lat' dir='ltr'>nus</span> <span class='ocrx_word' id='word_1_3' title='bbox 1078 531 1384 606; x_wconf 67' lang='lat' dir='ltr'>murensis.</span> <span class='ocrx_word' id='word_1_4' title='bbox 1687 537 1764 611; x_wconf 78' lang='lat' dir='ltr'>sos</span> 
     </span>
    </p>
   </div>
   <div class='ocr_carea' id='block_1_2' title="bbox 339 668 1768 5033">
    <p class='ocr_par' dir='ltr' id='par_1_2' title="bbox 339 668 1768 5033">
     <span class='ocr_line' id='line_1_2' title="bbox 340 668 1761 776; baseline 0.006 -30"><span class='ocrx_word' id='word_1_5' title='bbox 340 687 460 758; x_wconf 91' lang='lat' dir='ltr'>tento,</span> <span class='ocrx_word' id='word_1_6' title='bbox 484 686 522 747; x_wconf 88' lang='lat' dir='ltr'>et</span> <span class='ocrx_word' id='word_1_7' title='bbox 549 669 775 776; x_wconf 89' lang='lat' dir='ltr'>quibusdam</span> <span class='ocrx_word' id='word_1_8' title='bbox 800 668 882 747; x_wconf 87' lang='lat' dir='ltr'>aliis</span> <span class='ocrx_word' id='word_1_9' title='bbox 912 668 960 745; x_wconf 90' lang='lat' dir='ltr'>de</span> <span class='ocrx_word' id='word_1_10' title='bbox 989 697 1153 775; x_wconf 89' lang='lat' dir='ltr'>quorum</span> <span class='ocrx_word' id='word_1_11' title='bbox 1178 673 1397 751; x_wconf 90' lang='lat' dir='ltr'>nominibus</span> <span class='ocrx_word' id='word_1_12' title='bbox 1424 701 1501 751; x_wconf 90' lang='lat' dir='ltr'>non</span> <span class='ocrx_word' id='word_1_13' title='bbox 1533 676 1761 764; x_wconf 80' lang='lat' dir='ltr'><strong>recordatur,</strong></span> 
     </span>
     <span class='ocr_line' id='line_1_3' title="bbox 342 799 1764 905; baseline 0.006 -30"><span class='ocrx_word' id='word_1_14' title='bbox 342 799 378 877; x_wconf 92' lang='lat' dir='ltr'>in</span> <span class='ocrx_word' id='word_1_15' title='bbox 396 799 501 877; x_wconf 91' lang='lat' dir='ltr'>hunc</span> <span class='ocrx_word' id='word_1_16' title='bbox 521 799 679 877; x_wconf 90' lang='lat' dir='ltr'>modum</span> <span class='ocrx_word' id='word_1_17' title='bbox 699 832 707 876; x_wconf 76' lang='grc' dir='ltr'><strong>ε</strong></span> <span class='ocrx_word' id='word_1_18' title='bbox 730 828 817 876; x_wconf 90' lang='lat' dir='ltr'>nam</span> <span class='ocrx_word' id='word_1_19' title='bbox 838 816 924 905; x_wconf 90' lang='lat' dir='ltr'>post</span> <span class='ocrx_word' id='word_1_20' title='bbox 941 800 1082 883; x_wconf 76' lang='lat' dir='ltr'>,multas</span> <span class='ocrx_word' id='word_1_21' title='bbox 1107 800 1224 878; x_wconf 90' lang='lat' dir='ltr'>bonas</span> <span class='ocrx_word' id='word_1_22' title='bbox 1247 802 1544 897; x_wconf 81' lang='lat' dir='ltr'>exhortaciones,</span> <span class='ocrx_word' id='word_1_23' title='bbox 1564 803 1686 883; x_wconf 91' lang='lat' dir='ltr'>dictus</span> <span class='ocrx_word' id='word_1_24' title='bbox 1706 836 1764 883; x_wconf 91' lang='lat' dir='ltr'>re-</span> 
     </span>
     <span class='ocr_line' id='line_1_4' title="bbox 341 928 1763 1039; baseline 0.005 -33"><span class='ocrx_word' id='word_1_25' title='bbox 341 946 471 1036; x_wconf 86' lang='lat' dir='ltr'>ceptor</span> <span class='ocrx_word' id='word_1_26' title='bbox 498 928 585 1007; x_wconf 80' lang='lat' dir='ltr'>fecit</span> <span class='ocrx_word' id='word_1_27' title='bbox 608 958 695 1005; x_wconf 92' lang='lat' dir='ltr'>eum</span> <span class='ocrx_word' id='word_1_28' title='bbox 715 957 847 1006; x_wconf 84' lang='lat' dir='ltr'>vovere</span> <span class='ocrx_word' id='word_1_29' title='bbox 873 946 911 1006; x_wconf 93' lang='lat' dir='ltr'>et</span> <span class='ocrx_word' id='word_1_30' title='bbox 930 930 1059 1037; x_wconf 84' lang='lat' dir='ltr'>jurare</span> <span class='ocrx_word' id='word_1_31' title='bbox 1086 957 1200 1037; x_wconf 89' lang='lat' dir='ltr'>super</span> <span class='ocrx_word' id='word_1_32' title='bbox 1226 932 1419 1039; x_wconf 78' lang='lat' dir='ltr'>quoddam</span> <span class='ocrx_word' id='word_1_33' title='bbox 1443 933 1592 1012; x_wconf 81' lang='lat' dir='ltr'><strong>missale</strong></span> <span class='ocrx_word' id='word_1_34' title='bbox 1618 937 1763 1014; x_wconf 88' lang='lat' dir='ltr'>castita-</span> 
     </span>
     <span class='ocr_line' id='line_1_5' title="bbox 340 1059 1763 1168; baseline 0.004 -29"><span class='ocrx_word' id='word_1_35' title='bbox 340 1079 437 1149; x_wconf 84' lang='lat' dir='ltr'>tem,</span> <span class='ocrx_word' id='word_1_36' title='bbox 463 1059 745 1152; x_wconf 83' lang='lat' dir='ltr'>obedienciam,</span> <span class='ocrx_word' id='word_1_37' title='bbox 773 1059 894 1136; x_wconf 87' lang='lat' dir='ltr'>vivere</span> <span class='ocrx_word' id='word_1_38' title='bbox 921 1060 1001 1138; x_wconf 92' lang='lat' dir='ltr'>sine</span> <span class='ocrx_word' id='word_1_39' title='bbox 1028 1063 1199 1168; x_wconf 90' lang='lat' dir='ltr'>proprio,</span> <span class='ocrx_word' id='word_1_40' title='bbox 1227 1082 1263 1141; x_wconf 91' lang='lat' dir='ltr'>et</span> <span class='ocrx_word' id='word_1_41' title='bbox 1285 1092 1429 1142; x_wconf 90' lang='lat' dir='ltr'>servare</span> <span class='ocrx_word' id='word_1_42' title='bbox 1455 1065 1577 1142; x_wconf 90' lang='lat' dir='ltr'>bonos</span> <span class='ocrx_word' id='word_1_43' title='bbox 1596 1096 1697 1144; x_wconf 89' lang='lat' dir='ltr'>usus</span> <span class='ocrx_word' id='word_1_44' title='bbox 1725 1086 1763 1144; x_wconf 91' lang='lat' dir='ltr'>et</span> 
     </span>
     <span class='ocr_line' id='line_1_6' title="bbox 339 1190 1764 1302; baseline 0.004 -35"><span class='ocrx_word' id='word_1_45' title='bbox 339 1191 456 1269; x_wconf 89' lang='lat' dir='ltr'>bonas</span> <span class='ocrx_word' id='word_1_46' title='bbox 476 1190 783 1279; x_wconf 89' lang='lat' dir='ltr'>consuetudines,</span> <span class='ocrx_word' id='word_1_47' title='bbox 811 1208 848 1267; x_wconf 93' lang='lat' dir='ltr'>et</span> <span class='ocrx_word' id='word_1_48' title='bbox 871 1218 948 1267; x_wconf 92' lang='lat' dir='ltr'>non</span> <span class='ocrx_word' id='word_1_49' title='bbox 972 1191 1135 1270; x_wconf 86' lang='lat' dir='ltr'>revelare</span> <span class='ocrx_word' id='word_1_50' title='bbox 1155 1212 1295 1273; x_wconf 85' lang='lat' dir='ltr'>secreta</span> <span class='ocrx_word' id='word_1_51' title='bbox 1315 1195 1469 1271; x_wconf 82' lang='lat' dir='ltr'>ordinis.</span> <span class='ocrx_word' id='word_1_52' title='bbox 1494 1196 1582 1272; x_wconf 89' lang='lat' dir='ltr'>Post</span> <span class='ocrx_word' id='word_1_53' title='bbox 1600 1224 1674 1302; x_wconf 93' lang='lat' dir='ltr'>que</span> <span class='ocrx_word' id='word_1_54' title='bbox 1693 1198 1764 1273; x_wconf 86' lang='lat' dir='ltr'>im-</span> 
     </span>
     <span class='ocr_line' id='line_1_7' title="bbox 341 1319 1759 1427; baseline 0.006 -30"><span class='ocrx_word' id='word_1_55' title='bbox 341 1322 462 1426; x_wconf 93' lang='lat' dir='ltr'>posito</span> <span class='ocrx_word' id='word_1_56' title='bbox 482 1320 554 1398; x_wconf 93' lang='lat' dir='ltr'>sibi</span> <span class='ocrx_word' id='word_1_57' title='bbox 574 1319 771 1409; x_wconf 83' lang='lat' dir='ltr'>mantello,</span> <span class='ocrx_word' id='word_1_58' title='bbox 795 1321 875 1427; x_wconf 92' lang='lat' dir='ltr'>ipse</span> <span class='ocrx_word' id='word_1_59' title='bbox 899 1338 937 1398; x_wconf 91' lang='lat' dir='ltr'>et</span> <span class='ocrx_word' id='word_1_60' title='bbox 955 1339 1117 1401; x_wconf 81' lang='lat' dir='ltr'><strong>astantes</strong></span> <span class='ocrx_word' id='word_1_61' title='bbox 1145 1325 1301 1402; x_wconf 91' lang='lat' dir='ltr'>osculati</span> <span class='ocrx_word' id='word_1_62' title='bbox 1321 1322 1475 1402; x_wconf 82' lang='lat' dir='ltr'>fuerunt</span> <span class='ocrx_word' id='word_1_63' title='bbox 1503 1352 1591 1402; x_wconf 87' lang='lat' dir='ltr'>eum</span> <span class='ocrx_word' id='word_1_64' title='bbox 1618 1327 1657 1401; x_wconf 93' lang='lat' dir='ltr'>in</span> <span class='ocrx_word' id='word_1_65' title='bbox 1676 1357 1759 1416; x_wconf 79' lang='lat' dir='ltr'>ore3</span> 
     </span>
     <span class='ocr_line' id='line_1_8' title="bbox 341 1449 1763 1562; baseline 0.006 -36"><span class='ocrx_word' id='word_1_66' title='bbox 341 1470 379 1526; x_wconf 91' lang='lat' dir='ltr'>et</span> <span class='ocrx_word' id='word_1_67' title='bbox 391 1451 502 1529; x_wconf 84' lang='lat' dir='ltr'>allata</span> <span class='ocrx_word' id='word_1_68' title='bbox 522 1449 664 1528; x_wconf 83' lang='lat' dir='ltr'>ibidem</span> <span class='ocrx_word' id='word_1_69' title='bbox 690 1451 851 1557; x_wconf 77' lang='lat' dir='ltr'>quadam</span> <span class='ocrx_word' id='word_1_70' title='bbox 873 1481 981 1529; x_wconf 91' lang='lat' dir='ltr'>cruce</span> <span class='ocrx_word' id='word_1_71' title='bbox 999 1481 1136 1558; x_wconf 87' lang='lat' dir='ltr'>cuprea</span> <span class='ocrx_word' id='word_1_72' title='bbox 1159 1456 1206 1532; x_wconf 89' lang='lat' dir='ltr'>de</span> <span class='ocrx_word' id='word_1_73' title='bbox 1228 1454 1358 1545; x_wconf 80' lang='lat' dir='ltr'>altare,</span> <span class='ocrx_word' id='word_1_74' title='bbox 1383 1484 1451 1561; x_wconf 93' lang='lat' dir='ltr'>per</span> <span class='ocrx_word' id='word_1_75' title='bbox 1469 1455 1674 1562; x_wconf 86' lang='lat' dir='ltr'>quemdam</span> <span class='ocrx_word' id='word_1_76' title='bbox 1689 1457 1763 1534; x_wconf 83' lang='lat' dir='ltr'>fra·</span> 
     </span>
     <span class='ocr_line' id='line_1_9' title="bbox 339 1583 1760 1696; baseline 0.002 -36"><span class='ocrx_word' id='word_1_77' title='bbox 339 1601 435 1661; x_wconf 86' lang='lat' dir='ltr'>trem</span> <span class='ocrx_word' id='word_1_78' title='bbox 458 1583 681 1660; x_wconf 79' lang='lat' dir='ltr'>servientem</span> <span class='ocrx_word' id='word_1_79' title='bbox 707 1609 821 1687; x_wconf 83' lang='lat' dir='ltr'>quem</span> <span class='ocrx_word' id='word_1_80' title='bbox 849 1609 926 1658; x_wconf 92' lang='lat' dir='ltr'>non</span> <span class='ocrx_word' id='word_1_81' title='bbox 946 1600 1099 1660; x_wconf 86' lang='lat' dir='ltr'>noverat</span> <span class='ocrx_word' id='word_1_82' title='bbox 1128 1601 1331 1691; x_wconf 84' lang='lat' dir='ltr'>assumpta,</span> <span class='ocrx_word' id='word_1_83' title='bbox 1368 1585 1407 1660; x_wconf 92' lang='lat' dir='ltr'>in</span> <span class='ocrx_word' id='word_1_84' title='bbox 1431 1602 1605 1690; x_wconf 86' lang='lat' dir='ltr'>quaerat</span> <span class='ocrx_word' id='word_1_85' title='bbox 1626 1615 1760 1696; x_wconf 83' lang='lat' dir='ltr'>ymago</span> 
     </span>
     <span class='ocr_line' id='line_1_10' title="bbox 341 1710 1763 1821; baseline 0.001 -29"><span class='ocrx_word' id='word_1_86' title='bbox 341 1711 537 1799; x_wconf 85' lang='lat' dir='ltr'>Crucifixi‚</span> <span class='ocrx_word' id='word_1_87' title='bbox 553 1711 668 1817; x_wconf 89' lang='lat' dir='ltr'>peciit</span> <span class='ocrx_word' id='word_1_88' title='bbox 686 1710 733 1787; x_wconf 93' lang='lat' dir='ltr'>ab</span> <span class='ocrx_word' id='word_1_89' title='bbox 759 1738 805 1788; x_wconf 92' lang='lat' dir='ltr'>eo</span> <span class='ocrx_word' id='word_1_90' title='bbox 825 1710 948 1788; x_wconf 91' lang='lat' dir='ltr'>dictus</span> <span class='ocrx_word' id='word_1_91' title='bbox 966 1728 1138 1817; x_wconf 88' lang='lat' dir='ltr'>receptor</span> <span class='ocrx_word' id='word_1_92' title='bbox 1161 1714 1191 1791; x_wconf 94' lang='lat' dir='ltr'>si</span> <span class='ocrx_word' id='word_1_93' title='bbox 1212 1713 1389 1791; x_wconf 85' lang='lat' dir='ltr'>credebat</span> <span class='ocrx_word' id='word_1_94' title='bbox 1411 1714 1451 1789; x_wconf 92' lang='lat' dir='ltr'>in</span> <span class='ocrx_word' id='word_1_95' title='bbox 1478 1712 1587 1791; x_wconf 90' lang='lat' dir='ltr'>illum</span> <span class='ocrx_word' id='word_1_96' title='bbox 1615 1717 1681 1821; x_wconf 90' lang='lat' dir='ltr'>qui</span> <span class='ocrx_word' id='word_1_97' title='bbox 1702 1746 1763 1794; x_wconf 90' lang='lat' dir='ltr'>re-</span> 
     </span>
     <span class='ocr_line' id='line_1_11' title="bbox 341 1841 1762 1950; baseline 0.002 -29"><span class='ocrx_word' id='word_1_98' title='bbox 341 1842 624 1949; x_wconf 87' lang='lat' dir='ltr'>presentabatur</span> <span class='ocrx_word' id='word_1_99' title='bbox 643 1872 711 1948; x_wconf 89' lang='lat' dir='ltr'>per</span> <span class='ocrx_word' id='word_1_100' title='bbox 740 1841 842 1919; x_wconf 90' lang='lat' dir='ltr'>illam</span> <span class='ocrx_word' id='word_1_101' title='bbox 855 1842 1086 1950; x_wconf 81' lang='lat' dir='ltr'>ymaginem,</span> <span class='ocrx_word' id='word_1_102' title='bbox 1113 1860 1151 1920; x_wconf 89' lang='lat' dir='ltr'>et</span> <span class='ocrx_word' id='word_1_103' title='bbox 1177 1844 1208 1920; x_wconf 90' lang='lat' dir='ltr'>si</span> <span class='ocrx_word' id='word_1_104' title='bbox 1235 1843 1412 1922; x_wconf 80' lang='lat' dir='ltr'>credebat</span> <span class='ocrx_word' id='word_1_105' title='bbox 1439 1846 1545 1950; x_wconf 93' lang='lat' dir='ltr'>quod</span> <span class='ocrx_word' id='word_1_106' title='bbox 1568 1845 1633 1922; x_wconf 90' lang='lat' dir='ltr'>ille</span> <span class='ocrx_word' id='word_1_107' title='bbox 1666 1866 1762 1924; x_wconf 91' lang='lat' dir='ltr'>esset</span> 
     </span>
     <span class='ocr_line' id='line_1_12' title="bbox 340 1971 1763 2080; baseline 0 -27"><span class='ocrx_word' id='word_1_108' title='bbox 340 1974 454 2053; x_wconf 85' lang='lat' dir='ltr'>Deus.</span> <span class='ocrx_word' id='word_1_109' title='bbox 478 1974 566 2067; x_wconf 90' lang='lat' dir='ltr'>Quo</span> <span class='ocrx_word' id='word_1_110' title='bbox 587 1973 837 2079; x_wconf 77' lang='lat' dir='ltr'>respondente</span> <span class='ocrx_word' id='word_1_111' title='bbox 855 1971 959 2079; x_wconf 87' lang='lat' dir='ltr'>quod</span> <span class='ocrx_word' id='word_1_112' title='bbox 975 1974 1042 2064; x_wconf 90' lang='lat' dir='ltr'>sic,</span> <span class='ocrx_word' id='word_1_113' title='bbox 1063 1973 1240 2051; x_wconf 82' lang='lat' dir='ltr'>dixerunt</span> <span class='ocrx_word' id='word_1_114' title='bbox 1254 1974 1377 2050; x_wconf 86' lang='lat' dir='ltr'>dictus</span> <span class='ocrx_word' id='word_1_115' title='bbox 1396 1992 1568 2080; x_wconf 89' lang='lat' dir='ltr'>receptor</span> <span class='ocrx_word' id='word_1_116' title='bbox 1587 1993 1624 2051; x_wconf 89' lang='lat' dir='ltr'>et</span> <span class='ocrx_word' id='word_1_117' title='bbox 1639 1994 1763 2054; x_wconf 88' lang='lat' dir='ltr'>astan-</span> 
     </span>
     <span class='ocr_line' id='line_1_13' title="bbox 342 2101 1759 2210; baseline 0 -27"><span class='ocrx_word' id='word_1_118' title='bbox 342 2120 398 2183; x_wconf 81' lang='lat' dir='ltr'>tes</span> <span class='ocrx_word' id='word_1_119' title='bbox 422 2103 528 2210; x_wconf 92' lang='lat' dir='ltr'>quod</span> <span class='ocrx_word' id='word_1_120' title='bbox 555 2103 627 2180; x_wconf 91' lang='lat' dir='ltr'>hoc</span> <span class='ocrx_word' id='word_1_121' title='bbox 652 2131 728 2181; x_wconf 92' lang='lat' dir='ltr'>non</span> <span class='ocrx_word' id='word_1_122' title='bbox 760 2101 947 2191; x_wconf 86' lang='lat' dir='ltr'>crederet,</span> <span class='ocrx_word' id='word_1_123' title='bbox 980 2121 1017 2181; x_wconf 91' lang='lat' dir='ltr'>et</span> <span class='ocrx_word' id='word_1_124' title='bbox 1044 2105 1148 2210; x_wconf 90' lang='lat' dir='ltr'>quod</span> <span class='ocrx_word' id='word_1_125' title='bbox 1167 2103 1369 2210; x_wconf 80' lang='lat' dir='ltr'>abnegaret</span> <span class='ocrx_word' id='word_1_126' title='bbox 1388 2105 1514 2181; x_wconf 90' lang='lat' dir='ltr'>Deum</span> <span class='ocrx_word' id='word_1_127' title='bbox 1534 2123 1571 2182; x_wconf 90' lang='lat' dir='ltr'>et</span> <span class='ocrx_word' id='word_1_128' title='bbox 1591 2135 1759 2199; x_wconf 91' lang='lat' dir='ltr'>crucem,</span> 
     </span>
     <span class='ocr_line' id='line_1_14' title="bbox 343 2233 1762 2342; baseline 0.003 -31"><span class='ocrx_word' id='word_1_129' title='bbox 343 2252 379 2312; x_wconf 89' lang='lat' dir='ltr'>et</span> <span class='ocrx_word' id='word_1_130' title='bbox 406 2250 562 2342; x_wconf 80' lang='lat' dir='ltr'>spueret</span> <span class='ocrx_word' id='word_1_131' title='bbox 587 2263 700 2339; x_wconf 88' lang='lat' dir='ltr'>super</span> <span class='ocrx_word' id='word_1_132' title='bbox 727 2261 827 2324; x_wconf 80' lang='lat' dir='ltr'>eum3</span> <span class='ocrx_word' id='word_1_133' title='bbox 854 2250 892 2310; x_wconf 91' lang='lat' dir='ltr'>et</span> <span class='ocrx_word' id='word_1_134' title='bbox 924 2251 1016 2311; x_wconf 92' lang='lat' dir='ltr'>tunc</span> <span class='ocrx_word' id='word_1_135' title='bbox 1045 2233 1123 2340; x_wconf 94' lang='lat' dir='ltr'>ipse</span> <span class='ocrx_word' id='word_1_136' title='bbox 1152 2235 1276 2323; x_wconf 89' lang='lat' dir='ltr'>testis,</span> <span class='ocrx_word' id='word_1_137' title='bbox 1298 2252 1451 2340; x_wconf 85' lang='lat' dir='ltr'>propter</span> <span class='ocrx_word' id='word_1_138' title='bbox 1478 2233 1762 2315; x_wconf 66' lang='lat' dir='ltr'>infestacionem</span> 
     </span>
     <span class='ocr_line' id='line_1_15' title="bbox 342 2362 1765 2471; baseline 0.002 -30"><span class='ocrx_word' id='word_1_139' title='bbox 342 2391 490 2453; x_wconf 88' lang='lat' dir='ltr'>eorum,</span> <span class='ocrx_word' id='word_1_140' title='bbox 517 2362 711 2471; x_wconf 82' lang='lat' dir='ltr'>abnegavit</span> <span class='ocrx_word' id='word_1_141' title='bbox 734 2362 842 2441; x_wconf 84' lang='lat' dir='ltr'>illum</span> <span class='ocrx_word' id='word_1_142' title='bbox 874 2364 937 2470; x_wconf 93' lang='lat' dir='ltr'>qui</span> <span class='ocrx_word' id='word_1_143' title='bbox 961 2364 1289 2471; x_wconf 84' lang='lat' dir='ltr'>representabetur</span> <span class='ocrx_word' id='word_1_144' title='bbox 1314 2392 1383 2470; x_wconf 91' lang='lat' dir='ltr'>per</span> <span class='ocrx_word' id='word_1_145' title='bbox 1407 2364 1525 2470; x_wconf 86' lang='lat' dir='ltr'>ipsam</span> <span class='ocrx_word' id='word_1_146' title='bbox 1553 2394 1702 2442; x_wconf 87' lang='lat' dir='ltr'>crucem</span> <span class='ocrx_word' id='word_1_147' title='bbox 1726 2385 1765 2444; x_wconf 88' lang='lat' dir='ltr'>et·</span> 
     </span>
     <span class='ocr_line' id='line_1_16' title="bbox 342 2493 1764 2600; baseline 0.004 -31"><span class='ocrx_word' id='word_1_148' title='bbox 342 2494 458 2599; x_wconf 76' lang='lat' dir='ltr'>ipsam</span> <span class='ocrx_word' id='word_1_149' title='bbox 486 2523 634 2572; x_wconf 90' lang='lat' dir='ltr'>crucem</span> <span class='ocrx_word' id='word_1_150' title='bbox 670 2521 735 2571; x_wconf 89' lang='lat' dir='ltr'>ore</span> <span class='ocrx_word' id='word_1_151' title='bbox 762 2522 839 2571; x_wconf 91' lang='lat' dir='ltr'>non</span> <span class='ocrx_word' id='word_1_152' title='bbox 873 2493 1006 2582; x_wconf 89' lang='lat' dir='ltr'>corde,</span> <span class='ocrx_word' id='word_1_153' title='bbox 1032 2511 1076 2570; x_wconf 87' lang='lat' dir='ltr'>ut</span> <span class='ocrx_word' id='word_1_154' title='bbox 1106 2494 1216 2582; x_wconf 79' lang='lat' dir='ltr'>dixit,</span> <span class='ocrx_word' id='word_1_155' title='bbox 1239 2522 1316 2571; x_wconf 90' lang='lat' dir='ltr'>non</span> <span class='ocrx_word' id='word_1_156' title='bbox 1340 2512 1466 2571; x_wconf 86' lang='lat' dir='ltr'>tamen</span> <span class='ocrx_word' id='word_1_157' title='bbox 1491 2523 1624 2600; x_wconf 90' lang='lat' dir='ltr'>spuere</span> <span class='ocrx_word' id='word_1_158' title='bbox 1645 2498 1764 2575; x_wconf 84' lang='lat' dir='ltr'>voluit</span> 
     </span>
     <span class='ocr_line' id='line_1_17' title="bbox 341 2614 1764 2733; baseline 0.001 -32"><span class='ocrx_word' id='word_1_159' title='bbox 341 2653 454 2732; x_wconf 90' lang='lat' dir='ltr'>super</span> <span class='ocrx_word' id='word_1_160' title='bbox 480 2625 618 2703; x_wconf 86' lang='lat' dir='ltr'>dictam</span> <span class='ocrx_word' id='word_1_161' title='bbox 639 2653 802 2702; x_wconf 86' lang='lat' dir='ltr'>crucem.</span> <span class='ocrx_word' id='word_1_162' title='bbox 831 2623 1078 2702; x_wconf 88' lang='lat' dir='ltr'>Postmodum</span> <span class='ocrx_word' id='word_1_163' title='bbox 1105 2623 1228 2701; x_wconf 89' lang='lat' dir='ltr'>dictus</span> <span class='ocrx_word' id='word_1_164' title='bbox 1254 2614 1436 2730; x_wconf 85' lang='lat' dir='ltr'>receptor,</span> <span class='ocrx_word' id='word_1_165' title='bbox 1465 2641 1599 2701; x_wconf 88' lang='lat' dir='ltr'>tenens</span> <span class='ocrx_word' id='word_1_166' title='bbox 1618 2626 1657 2702; x_wconf 91' lang='lat' dir='ltr'>in</span> <span class='ocrx_word' id='word_1_167' title='bbox 1681 2655 1764 2733; x_wconf 84' lang='lat' dir='ltr'>gre-</span> 
     </span>
     <span class='ocr_line' id='line_1_18' title="bbox 343 2752 1764 2861; baseline -0.001 -27"><span class='ocrx_word' id='word_1_168' title='bbox 343 2756 419 2834; x_wconf 88' lang='lat' dir='ltr'>mio</span> <span class='ocrx_word' id='word_1_169' title='bbox 446 2783 517 2832; x_wconf 92' lang='lat' dir='ltr'>suo</span> <span class='ocrx_word' id='word_1_170' title='bbox 544 2752 755 2831; x_wconf 83' lang='lat' dir='ltr'>involutum</span> <span class='ocrx_word' id='word_1_171' title='bbox 781 2754 899 2831; x_wconf 88' lang='lat' dir='ltr'>nescit</span> <span class='ocrx_word' id='word_1_172' title='bbox 925 2755 1047 2859; x_wconf 87' lang='lat' dir='ltr'>quod,</span> <span class='ocrx_word' id='word_1_173' title='bbox 1074 2782 1255 2861; x_wconf 87' lang='lat' dir='ltr'>cupreum</span> <span class='ocrx_word' id='word_1_174' title='bbox 1285 2771 1412 2831; x_wconf 84' lang='lat' dir='ltr'>tamen</span> <span class='ocrx_word' id='word_1_175' title='bbox 1442 2771 1536 2845; x_wconf 88' lang='lat' dir='ltr'>eret,</span> <span class='ocrx_word' id='word_1_176' title='bbox 1562 2755 1662 2833; x_wconf 84' lang='lat' dir='ltr'>visus</span> <span class='ocrx_word' id='word_1_177' title='bbox 1691 2756 1764 2834; x_wconf 89' lang='lat' dir='ltr'>suit</span> 
     </span>
     <span class='ocr_line' id='line_1_19' title="bbox 340 2883 1762 2992; baseline 0.001 -31"><span class='ocrx_word' id='word_1_178' title='bbox 340 2883 435 2964; x_wconf 74' lang='lat' dir='ltr'>veile</span> <span class='ocrx_word' id='word_1_179' title='bbox 455 2885 561 2992; x_wconf 83' lang='lat' dir='ltr'>quod</span> <span class='ocrx_word' id='word_1_180' title='bbox 589 2884 691 2962; x_wconf 89' lang='lat' dir='ltr'>idem</span> <span class='ocrx_word' id='word_1_181' title='bbox 719 2883 825 2962; x_wconf 88' lang='lat' dir='ltr'>testis</span> <span class='ocrx_word' id='word_1_182' title='bbox 847 2884 1021 2961; x_wconf 84' lang='lat' dir='ltr'>adoraret</span> <span class='ocrx_word' id='word_1_183' title='bbox 1040 2912 1106 2961; x_wconf 89' lang='lat' dir='ltr'>seu</span> <span class='ocrx_word' id='word_1_184' title='bbox 1134 2883 1365 2962; x_wconf 81' lang='lat' dir='ltr'>oscularetur</span> <span class='ocrx_word' id='word_1_185' title='bbox 1394 2883 1507 2970; x_wconf 86' lang='lat' dir='ltr'>illud;</span> <span class='ocrx_word' id='word_1_186' title='bbox 1535 2884 1607 2960; x_wconf 88' lang='lat' dir='ltr'>hoc</span> <span class='ocrx_word' id='word_1_187' title='bbox 1634 2903 1762 2962; x_wconf 81' lang='lat' dir='ltr'>tamen</span> 
     </span>
     <span class='ocr_line' id='line_1_20' title="bbox 342 3012 1762 3122; baseline 0.001 -29"><span class='ocrx_word' id='word_1_188' title='bbox 342 3017 442 3094; x_wconf 86' lang='lat' dir='ltr'>idem</span> <span class='ocrx_word' id='word_1_189' title='bbox 467 3032 640 3122; x_wconf 90' lang='lat' dir='ltr'>receptor</span> <span class='ocrx_word' id='word_1_190' title='bbox 664 3043 730 3092; x_wconf 90' lang='lat' dir='ltr'>ore</span> <span class='ocrx_word' id='word_1_191' title='bbox 757 3042 835 3091; x_wconf 91' lang='lat' dir='ltr'>non</span> <span class='ocrx_word' id='word_1_192' title='bbox 860 3015 1057 3120; x_wconf 82' lang='lat' dir='ltr'>expressit,</span> <span class='ocrx_word' id='word_1_193' title='bbox 1086 3015 1154 3091; x_wconf 90' lang='lat' dir='ltr'>sed</span> <span class='ocrx_word' id='word_1_194' title='bbox 1179 3014 1274 3092; x_wconf 86' lang='lat' dir='ltr'>facto</span> <span class='ocrx_word' id='word_1_195' title='bbox 1302 3012 1350 3090; x_wconf 90' lang='lat' dir='ltr'>ad</span> <span class='ocrx_word' id='word_1_196' title='bbox 1374 3013 1448 3090; x_wconf 93' lang='lat' dir='ltr'>hoc</span> <span class='ocrx_word' id='word_1_197' title='bbox 1476 3014 1634 3092; x_wconf 89' lang='lat' dir='ltr'>tendere</span> <span class='ocrx_word' id='word_1_198' title='bbox 1658 3017 1762 3093; x_wconf 81' lang='lat' dir='ltr'>vide-</span> 
     </span>
     <span class='ocr_line' id='line_1_21' title="bbox 340 3142 1761 3253; baseline -0.001 -29"><span class='ocrx_word' id='word_1_199' title='bbox 340 3147 462 3224; x_wconf 87' lang='lat' dir='ltr'>batur.</span> <span class='ocrx_word' id='word_1_200' title='bbox 484 3147 567 3253; x_wconf 89' lang='lat' dir='ltr'>lpse</span> <span class='ocrx_word' id='word_1_201' title='bbox 596 3164 724 3223; x_wconf 92' lang='lat' dir='ltr'>autem</span> <span class='ocrx_word' id='word_1_202' title='bbox 748 3144 871 3237; x_wconf 87' lang='lat' dir='ltr'>testis,</span> <span class='ocrx_word' id='word_1_203' title='bbox 898 3145 1071 3251; x_wconf 88' lang='lat' dir='ltr'>penitens</span> <span class='ocrx_word' id='word_1_204' title='bbox 1092 3144 1140 3221; x_wconf 89' lang='lat' dir='ltr'>de</span> <span class='ocrx_word' id='word_1_205' title='bbox 1167 3144 1241 3221; x_wconf 90' lang='lat' dir='ltr'>hiis</span> <span class='ocrx_word' id='word_1_206' title='bbox 1265 3172 1339 3251; x_wconf 84' lang='lat' dir='ltr'>que</span> <span class='ocrx_word' id='word_1_207' title='bbox 1362 3142 1516 3232; x_wconf 82' lang='lat' dir='ltr'>feceret,</span> <span class='ocrx_word' id='word_1_208' title='bbox 1538 3144 1632 3222; x_wconf 91' lang='lat' dir='ltr'>sicut</span> <span class='ocrx_word' id='word_1_209' title='bbox 1652 3145 1761 3231; x_wconf 82' lang='lat' dir='ltr'>dixit,</span> 
     </span>
     <span class='ocr_line' id='line_1_22' title="bbox 342 3274 1762 3383; baseline -0.001 -29"><span class='ocrx_word' id='word_1_210' title='bbox 342 3304 515 3383; x_wconf 85' lang='lat' dir='ltr'>surgens,</span> <span class='ocrx_word' id='word_1_211' title='bbox 531 3277 684 3353; x_wconf 88' lang='lat' dir='ltr'>recessit</span> <span class='ocrx_word' id='word_1_212' title='bbox 705 3274 752 3351; x_wconf 89' lang='lat' dir='ltr'>ab</span> <span class='ocrx_word' id='word_1_213' title='bbox 771 3275 840 3367; x_wconf 89' lang='lat' dir='ltr'>eis,</span> <span class='ocrx_word' id='word_1_214' title='bbox 860 3303 938 3353; x_wconf 90' lang='lat' dir='ltr'>non</span> <span class='ocrx_word' id='word_1_215' title='bbox 954 3275 1080 3354; x_wconf 82' lang='lat' dir='ltr'>exiens</span> <span class='ocrx_word' id='word_1_216' title='bbox 1096 3274 1277 3381; x_wconf 88' lang='lat' dir='ltr'>capellam</span> <span class='ocrx_word' id='word_1_217' title='bbox 1297 3274 1520 3381; x_wconf 83' lang='lat' dir='ltr'>predictam,</span> <span class='ocrx_word' id='word_1_218' title='bbox 1543 3291 1580 3352; x_wconf 90' lang='lat' dir='ltr'>et</span> <span class='ocrx_word' id='word_1_219' title='bbox 1595 3274 1665 3380; x_wconf 88' lang='lat' dir='ltr'>ipsi</span> <span class='ocrx_word' id='word_1_220' title='bbox 1680 3275 1762 3352; x_wconf 85' lang='lat' dir='ltr'>fue·</span> 
     </span>
     <span class='ocr_line' id='line_1_23' title="bbox 342 3405 1764 3514; baseline -0.002 -29"><span class='ocrx_word' id='word_1_221' title='bbox 342 3424 429 3486; x_wconf 91' lang='lat' dir='ltr'>runt</span> <span class='ocrx_word' id='word_1_222' title='bbox 453 3407 571 3485; x_wconf 86' lang='lat' dir='ltr'>locuti</span> <span class='ocrx_word' id='word_1_223' title='bbox 598 3406 646 3483; x_wconf 92' lang='lat' dir='ltr'>ad</span> <span class='ocrx_word' id='word_1_224' title='bbox 670 3406 830 3483; x_wconf 82' lang='lat' dir='ltr'>invicem</span> <span class='ocrx_word' id='word_1_225' title='bbox 858 3407 977 3485; x_wconf 88' lang='lat' dir='ltr'>nescit</span> <span class='ocrx_word' id='word_1_226' title='bbox 995 3407 1118 3514; x_wconf 86' lang='lat' dir='ltr'>quod,</span> <span class='ocrx_word' id='word_1_227' title='bbox 1149 3423 1188 3483; x_wconf 83' lang='lat' dir='ltr'>ot</span> <span class='ocrx_word' id='word_1_228' title='bbox 1211 3433 1289 3484; x_wconf 87' lang='lat' dir='ltr'>nou</span> <span class='ocrx_word' id='word_1_229' title='bbox 1318 3405 1550 3484; x_wconf 81' lang='lat' dir='ltr'>induxerunt</span> <span class='ocrx_word' id='word_1_230' title='bbox 1569 3433 1639 3483; x_wconf 92' lang='lat' dir='ltr'>nec</span> <span class='ocrx_word' id='word_1_231' title='bbox 1662 3434 1764 3482; x_wconf 95' lang='lat' dir='ltr'>com-</span> 
     </span>
     <span class='ocr_line' id='line_1_24' title="bbox 342 3534 1766 3643; baseline -0.004 -26"><span class='ocrx_word' id='word_1_232' title='bbox 342 3538 521 3643; x_wconf 82' lang='lat' dir='ltr'>pulerrmt</span> <span class='ocrx_word' id='word_1_233' title='bbox 550 3565 638 3613; x_wconf 90' lang='lat' dir='ltr'>eum</span> <span class='ocrx_word' id='word_1_234' title='bbox 665 3555 755 3613; x_wconf 88' lang='lat' dir='ltr'>tune</span> <span class='ocrx_word' id='word_1_235' title='bbox 785 3566 854 3613; x_wconf 90' lang='lat' dir='ltr'>nec</span> <span class='ocrx_word' id='word_1_236' title='bbox 886 3555 972 3642; x_wconf 92' lang='lat' dir='ltr'>post</span> <span class='ocrx_word' id='word_1_237' title='bbox 1000 3538 1050 3614; x_wconf 93' lang='lat' dir='ltr'>ad</span> <span class='ocrx_word' id='word_1_238' title='bbox 1073 3537 1170 3617; x_wconf 78' lang='lat' dir='ltr'>illud</span> <span class='ocrx_word' id='word_1_239' title='bbox 1198 3536 1373 3613; x_wconf 87' lang='lat' dir='ltr'>illicitum</span> <span class='ocrx_word' id='word_1_240' title='bbox 1406 3534 1632 3642; x_wconf 82' lang='lat' dir='ltr'>faciendum.</span> <span class='ocrx_word' id='word_1_241' title='bbox 1661 3536 1766 3613; x_wconf 74' lang='lat' dir='ltr'>Diuit-</span> 
     </span>
     <span class='ocr_line' id='line_1_25' title="bbox 341 3665 1765 3776; baseline -0.004 -30"><span class='ocrx_word' id='word_1_242' title='bbox 341 3686 467 3747; x_wconf 86' lang='lat' dir='ltr'>tamen</span> <span class='ocrx_word' id='word_1_243' title='bbox 496 3668 529 3744; x_wconf 94' lang='lat' dir='ltr'>ei</span> <span class='ocrx_word' id='word_1_244' title='bbox 555 3667 677 3745; x_wconf 89' lang='lat' dir='ltr'>dictus</span> <span class='ocrx_word' id='word_1_245' title='bbox 702 3685 875 3773; x_wconf 90' lang='lat' dir='ltr'>receptor</span> <span class='ocrx_word' id='word_1_246' title='bbox 901 3669 1007 3774; x_wconf 83' lang='lat' dir='ltr'>quod</span> <span class='ocrx_word' id='word_1_247' title='bbox 1033 3668 1247 3776; x_wconf 82' lang='lat' dir='ltr'>cingeretur</span> <span class='ocrx_word' id='word_1_248' title='bbox 1273 3694 1348 3744; x_wconf 83' lang='lat' dir='ltr'>une</span> <span class='ocrx_word' id='word_1_249' title='bbox 1374 3665 1551 3755; x_wconf 83' lang='lat' dir='ltr'>cordula,</span> <span class='ocrx_word' id='word_1_250' title='bbox 1581 3694 1695 3773; x_wconf 88' lang='lat' dir='ltr'>qnam</span> <span class='ocrx_word' id='word_1_251' title='bbox 1729 3666 1765 3741; x_wconf 87' lang='lat' dir='ltr'>ei</span> 
     </span>
     <span class='ocr_line' id='line_1_26' title="bbox 342 3794 1768 3905; baseline -0.003 -30"><span class='ocrx_word' id='word_1_252' title='bbox 342 3799 499 3905; x_wconf 74' lang='lat' dir='ltr'>quidam</span> <span class='ocrx_word' id='word_1_253' title='bbox 529 3827 574 3875; x_wconf 82' lang='lat' dir='ltr'>ex</span> <span class='ocrx_word' id='word_1_254' title='bbox 605 3799 659 3876; x_wconf 91' lang='lat' dir='ltr'>eis</span> <span class='ocrx_word' id='word_1_255' title='bbox 687 3797 863 3888; x_wconf 59' lang='lat' dir='ltr'>eredidit,</span> <span class='ocrx_word' id='word_1_256' title='bbox 892 3825 1005 3903; x_wconf 91' lang='lat' dir='ltr'>super</span> <span class='ocrx_word' id='word_1_257' title='bbox 1033 3824 1178 3902; x_wconf 75' lang='lat' dir='ltr'>pannos</span> <span class='ocrx_word' id='word_1_258' title='bbox 1208 3795 1330 3872; x_wconf 87' lang='lat' dir='ltr'>lineos</span> <span class='ocrx_word' id='word_1_259' title='bbox 1360 3823 1446 3872; x_wconf 87' lang='lat' dir='ltr'>oum</span> <span class='ocrx_word' id='word_1_260' title='bbox 1476 3794 1617 3901; x_wconf 79' lang='lat' dir='ltr'>quibus</span> <span class='ocrx_word' id='word_1_261' title='bbox 1638 3794 1768 3901; x_wconf 76' lang='lat' dir='ltr'>jacere,</span> 
     </span>
     <span class='ocr_line' id='line_1_27' title="bbox 343 3923 1765 4030; baseline -0.005 -23"><span class='ocrx_word' id='word_1_262' title='bbox 343 3928 522 4015; x_wconf 67' lang='lat' dir='ltr'>dehebata</span> <span class='ocrx_word' id='word_1_263' title='bbox 544 3956 623 4006; x_wconf 93' lang='lat' dir='ltr'>non</span> <span class='ocrx_word' id='word_1_264' title='bbox 652 3946 780 4007; x_wconf 86' lang='lat' dir='ltr'>tamen</span> <span class='ocrx_word' id='word_1_265' title='bbox 804 3928 924 4016; x_wconf 87' lang='lat' dir='ltr'>scivit,</span> <span class='ocrx_word' id='word_1_266' title='bbox 954 3955 1024 4003; x_wconf 89' lang='lat' dir='ltr'>nec</span> <span class='ocrx_word' id='word_1_267' title='bbox 1061 3926 1206 4004; x_wconf 83' lang='lat' dir='ltr'>audivit</span> <span class='ocrx_word' id='word_1_268' title='bbox 1235 3925 1311 4001; x_wconf 91' lang='lat' dir='ltr'>diei</span> <span class='ocrx_word' id='word_1_269' title='bbox 1345 3924 1449 4030; x_wconf 85' lang='lat' dir='ltr'>rprod</span> <span class='ocrx_word' id='word_1_270' title='bbox 1483 3923 1580 4003; x_wconf 84' lang='lat' dir='ltr'>dicta</span> <span class='ocrx_word' id='word_1_271' title='bbox 1610 3923 1765 4006; x_wconf 70' lang='lat' dir='ltr'>cordula</span> 
     </span>
     <span class='ocr_line' id='line_1_28' title="bbox 342 4056 1766 4166; baseline -0.005 -31"><span class='ocrx_word' id='word_1_272' title='bbox 342 4076 511 4166; x_wconf 86' lang='lat' dir='ltr'>tangeret</span> <span class='ocrx_word' id='word_1_273' title='bbox 541 4059 666 4166; x_wconf 85' lang='lat' dir='ltr'>eliqua</span> <span class='ocrx_word' id='word_1_274' title='bbox 691 4058 810 4165; x_wconf 83' lang='lat' dir='ltr'>capita</span> <span class='ocrx_word' id='word_1_275' title='bbox 826 4057 1030 4166; x_wconf 87' lang='lat' dir='ltr'>ydolorum</span> <span class='ocrx_word' id='word_1_276' title='bbox 1056 4086 1125 4134; x_wconf 88' lang='lat' dir='ltr'>nec</span> <span class='ocrx_word' id='word_1_277' title='bbox 1144 4056 1454 4163; x_wconf 79' lang='lat' dir='ltr'>predictem&#39;nem</span> <span class='ocrx_word' id='word_1_278' title='bbox 1480 4081 1677 4159; x_wconf 83' lang='lat' dir='ltr'>cupream,</span> <span class='ocrx_word' id='word_1_279' title='bbox 1694 4080 1766 4129; x_wconf 87' lang='lat' dir='ltr'>nec</span> 
     </span>
     <span class='ocr_line' id='line_1_29' title="bbox 342 4182 1765 4296; baseline -0.007 -29"><span class='ocrx_word' id='word_1_280' title='bbox 342 4190 410 4267; x_wconf 86' lang='lat' dir='ltr'>scit</span> <span class='ocrx_word' id='word_1_281' title='bbox 432 4191 537 4296; x_wconf 89' lang='lat' dir='ltr'>quod</span> <span class='ocrx_word' id='word_1_282' title='bbox 556 4191 603 4267; x_wconf 91' lang='lat' dir='ltr'>de</span> <span class='ocrx_word' id='word_1_283' title='bbox 624 4191 723 4267; x_wconf 84' lang='lat' dir='ltr'>dicta</span> <span class='ocrx_word' id='word_1_284' title='bbox 745 4211 949 4296; x_wconf 60' lang='lat' dir='ltr'>r&#39;efcupree</span> <span class='ocrx_word' id='word_1_285' title='bbox 973 4188 1045 4265; x_wconf 83' lang='lat' dir='ltr'>suit</span> <span class='ocrx_word' id='word_1_286' title='bbox 1069 4205 1211 4276; x_wconf 86' lang='lat' dir='ltr'>actum,</span> <span class='ocrx_word' id='word_1_287' title='bbox 1235 4186 1325 4264; x_wconf 87' lang='lat' dir='ltr'>licet</span> <span class='ocrx_word' id='word_1_288' title='bbox 1344 4184 1545 4291; x_wconf 42' lang='lat' dir='ltr'>pecieritia</span> <span class='ocrx_word' id='word_1_289' title='bbox 1567 4182 1679 4264; x_wconf 71' lang='lat' dir='ltr'>fratre</span> <span class='ocrx_word' id='word_1_290' title='bbox 1702 4183 1765 4259; x_wconf 82' lang='lat' dir='ltr'>Ar-</span> 
     </span>
     <span class='ocr_line' id='line_1_30' title="bbox 343 4311 1767 4425; baseline -0.006 -29"><span class='ocrx_word' id='word_1_291' title='bbox 343 4320 467 4398; x_wconf 82' lang='lat' dir='ltr'>naudo</span> <span class='ocrx_word' id='word_1_292' title='bbox 488 4319 715 4408; x_wconf 84' lang='lat' dir='ltr'>Corradelli‚</span> <span class='ocrx_word' id='word_1_293' title='bbox 750 4320 918 4425; x_wconf 90' lang='lat' dir='ltr'>quodam</span> <span class='ocrx_word' id='word_1_294' title='bbox 941 4319 1096 4396; x_wconf 86' lang='lat' dir='ltr'>homine</span> <span class='ocrx_word' id='word_1_295' title='bbox 1122 4318 1293 4424; x_wconf 79' lang='lat' dir='ltr'>antiquo,</span> <span class='ocrx_word' id='word_1_296' title='bbox 1317 4315 1383 4422; x_wconf 86' lang='lat' dir='ltr'>qui</span> <span class='ocrx_word' id='word_1_297' title='bbox 1405 4312 1527 4395; x_wconf 68' lang='lat' dir='ltr'>adfuit</span> <span class='ocrx_word' id='word_1_298' title='bbox 1551 4311 1767 4418; x_wconf 68' lang='lat' dir='ltr'>recepcioni</span> 
     </span>
     <span class='ocr_line' id='line_1_31' title="bbox 341 4442 1761 4554; baseline -0.008 -26"><span class='ocrx_word' id='word_1_299' title='bbox 341 4479 427 4538; x_wconf 87' lang='lat' dir='ltr'>sue,</span> <span class='ocrx_word' id='word_1_300' title='bbox 460 4468 508 4526; x_wconf 81' lang='lat' dir='ltr'>et</span> <span class='ocrx_word' id='word_1_301' title='bbox 529 4449 747 4528; x_wconf 83' lang='lat' dir='ltr'>morabatur</span> <span class='ocrx_word' id='word_1_302' title='bbox 775 4450 815 4525; x_wconf 87' lang='lat' dir='ltr'>iu</span> <span class='ocrx_word' id='word_1_303' title='bbox 848 4449 945 4529; x_wconf 91' lang='lat' dir='ltr'>dicta</span> <span class='ocrx_word' id='word_1_304' title='bbox 980 4442 1118 4534; x_wconf 87' lang='lat' dir='ltr'>domo,</span> <span class='ocrx_word' id='word_1_305' title='bbox 1158 4448 1264 4554; x_wconf 90' lang='lat' dir='ltr'>quod</span> <span class='ocrx_word' id='word_1_306' title='bbox 1303 4461 1401 4522; x_wconf 89' lang='lat' dir='ltr'>esset</span> <span class='ocrx_word' id='word_1_307' title='bbox 1429 4443 1530 4521; x_wconf 81' lang='lat' dir='ltr'>iliud</span> <span class='ocrx_word' id='word_1_308' title='bbox 1562 4468 1761 4547; x_wconf 84' lang='lat' dir='ltr'>cupreum,</span> 
     </span>
     <span class='ocr_line' id='line_1_32' title="bbox 340 4575 1766 4688; baseline -0.006 -31"><span class='ocrx_word' id='word_1_309' title='bbox 340 4608 547 4688; x_wconf 82' lang='lat' dir='ltr'>perquem</span> <span class='ocrx_word' id='word_1_310' title='bbox 577 4580 649 4657; x_wconf 84' lang='lat' dir='ltr'>fuit</span> <span class='ocrx_word' id='word_1_311' title='bbox 673 4579 746 4657; x_wconf 91' lang='lat' dir='ltr'>sibi</span> <span class='ocrx_word' id='word_1_312' title='bbox 776 4607 1001 4686; x_wconf 88' lang='lat' dir='ltr'>responsum</span> <span class='ocrx_word' id='word_1_313' title='bbox 1032 4579 1138 4687; x_wconf 83' lang='lat' dir='ltr'>quod</span> <span class='ocrx_word' id='word_1_314' title='bbox 1157 4575 1274 4654; x_wconf 81' lang='lat' dir='ltr'>nichil</span> <span class='ocrx_word' id='word_1_315' title='bbox 1296 4575 1498 4680; x_wconf 84' lang='lat' dir='ltr'>adipsum</span> <span class='ocrx_word' id='word_1_316' title='bbox 1525 4589 1673 4649; x_wconf 87' lang='lat' dir='ltr'>testem.</span> <span class='ocrx_word' id='word_1_317' title='bbox 1700 4575 1766 4649; x_wconf 72' lang='lat' dir='ltr'>ue</span> 
     </span>
     <span class='ocr_line' id='line_1_33' title="bbox 340 4701 1768 4817; baseline -0.006 -30"><span class='ocrx_word' id='word_1_318' title='bbox 340 4711 500 4817; x_wconf 90' lang='lat' dir='ltr'>quisitus</span> <span class='ocrx_word' id='word_1_319' title='bbox 514 4710 562 4788; x_wconf 89' lang='lat' dir='ltr'>de</span> <span class='ocrx_word' id='word_1_320' title='bbox 583 4711 737 4788; x_wconf 91' lang='lat' dir='ltr'>nomine</span> <span class='ocrx_word' id='word_1_321' title='bbox 758 4708 860 4787; x_wconf 81' lang='lat' dir='ltr'>iltius</span> <span class='ocrx_word' id='word_1_322' title='bbox 887 4738 1004 4816; x_wconf 91' lang='lat' dir='ltr'>quem</span> <span class='ocrx_word' id='word_1_323' title='bbox 1021 4709 1165 4787; x_wconf 87' lang='lat' dir='ltr'>viderat</span> <span class='ocrx_word' id='word_1_324' title='bbox 1182 4706 1318 4812; x_wconf 81' lang='lat' dir='ltr'>recipi,</span> <span class='ocrx_word' id='word_1_325' title='bbox 1349 4720 1388 4781; x_wconf 86' lang='lat' dir='ltr'>et</span> <span class='ocrx_word' id='word_1_326' title='bbox 1406 4703 1491 4793; x_wconf 79' lang='lat' dir='ltr'>ubi,</span> <span class='ocrx_word' id='word_1_327' title='bbox 1513 4701 1668 4810; x_wconf 67' lang='lat' dir='ltr'>mundo</span> <span class='ocrx_word' id='word_1_328' title='bbox 1687 4719 1725 4779; x_wconf 87' lang='lat' dir='ltr'>et</span> <span class='ocrx_word' id='word_1_329' title='bbox 1743 4729 1768 4778; x_wconf 78' lang='lat' dir='ltr'>e</span> 
     </span>
     <span class='ocr_line' id='line_1_34' title="bbox 340 4832 1766 4948; baseline -0.009 -28"><span class='ocrx_word' id='word_1_330' title='bbox 340 4870 415 4948; x_wconf 91' lang='lat' dir='ltr'>quo</span> <span class='ocrx_word' id='word_1_331' title='bbox 446 4859 619 4948; x_wconf 90' lang='lat' dir='ltr'>receptus</span> <span class='ocrx_word' id='word_1_332' title='bbox 645 4841 782 4932; x_wconf 79' lang='lat' dir='ltr'>suerat,</span> <span class='ocrx_word' id='word_1_333' title='bbox 812 4839 1009 4946; x_wconf 89' lang='lat' dir='ltr'>respondit</span> <span class='ocrx_word' id='word_1_334' title='bbox 1038 4840 1144 4946; x_wconf 88' lang='lat' dir='ltr'>quod</span> <span class='ocrx_word' id='word_1_335' title='bbox 1170 4836 1370 4915; x_wconf 81' lang='lat' dir='ltr'>vocabatur</span> <span class='ocrx_word' id='word_1_336' title='bbox 1398 4834 1626 4924; x_wconf 84' lang='lat' dir='ltr'>Gelhardus,</span> <span class='ocrx_word' id='word_1_337' title='bbox 1659 4832 1766 4937; x_wconf 89' lang='lat' dir='ltr'>cujus</span> 
     </span>
     <span class='ocr_line' id='line_1_35' title="bbox 1568 4972 1617 5033; baseline -0.061 1"><span class='ocrx_word' id='word_1_338' title='bbox 1568 4972 1617 5033; x_wconf 81' lang='lat'>26.</span> 
     </span>
    </p>
   </div>
   <div class='ocr_carea' id='block_1_3' title="bbox 0 0 2123 5940">
    <p class='ocr_par' dir='ltr' id='par_1_3' title="bbox 0 0 2123 5940">
     <span class='ocr_line' id='line_1_36' title="bbox 0 0 2123 5940; baseline 0 0"><span class='ocrx_word' id='word_1_339' title='bbox 0 0 2123 5940; x_wconf 95' lang='lat' dir='ltr'> </span> 
     </span>
    </p>
   </div>
  </div>
 </body>
</html>
