4236 5948
730 519 925 613 rences
951 539 1046 613 ons
1072 539 1370 639 rennuens.
1689 539 1763 616 toa

341 681 444 763 Dixit
463 681 579 757 eciam
592 709 659 784 per
672 682 929 788 juramentum
945 710 1056 758 suum
1070 681 1192 760 dictus
1207 699 1378 787 receptus
1393 680 1512 788 quod,
1530 698 1615 786 post
1627 681 1765 759 multas

340 811 610 918 promissiones
628 812 673 888 ab
695 840 740 889 eo
761 809 871 889 factas
887 811 933 889 de
955 813 1098 893 statutis
1119 830 1155 890 et
1174 813 1325 891 secretis
1343 811 1487 889 ordinis
1507 812 1763 898 observandis,

342 962 381 1023 et
397 941 574 1020 mantello
595 943 664 1048 sibi
678 943 726 1020 ad
741 943 879 1021 collum
894 944 1034 1050 posito,
1058 943 1180 1025 dictus
1194 944 1380 1050 recipiens
1400 943 1506 1023 duxit
1520 971 1608 1020 eum
1625 944 1672 1021 ad
1687 970 1767 1049 par-

340 1092 434 1167 tem,
463 1093 500 1153 et
520 1074 705 1153 sublevata
726 1094 824 1152 veste
845 1104 926 1164 sua,
952 1076 1120 1181 precepit
1139 1075 1210 1157 sibi
1235 1076 1340 1180 quod
1369 1074 1598 1153 oscularetur
1617 1103 1705 1153 eum
1730 1076 1767 1151 iu

306 1308 309 1313 Ι
342 1207 536 1297 umbilico;
559 1224 597 1283 et
613 1206 702 1312 quia
719 1206 821 1285 idem
841 1207 1024 1312 recipiens
1042 1224 1120 1288 eret
1138 1205 1328 1285 scabiosus
1343 1207 1382 1281 in
1403 1223 1547 1293 ventre,
1572 1205 1693 1281 dictus
1716 1234 1768 1281 re·

344 1355 473 1445 ceptus
488 1338 592 1415 fiuxit
607 1365 646 1414 se
660 1336 820 1415 osculari
836 1366 922 1416 eum
937 1337 1005 1426 ibi,
1028 1338 1094 1415 sed
1111 1366 1305 1444 nunquam
1320 1335 1443 1443 tetigit
1458 1336 1529 1413 nisi
1546 1336 1593 1414 de
1607 1364 1708 1415 uaso.

397 1469 491 1545 ltem
518 1467 610 1545 dixit
637 1495 704 1573 per
717 1468 974 1574 juramentum
994 1497 1103 1545 suum
1130 1468 1233 1575 quod
1255 1467 1377 1546 dictus
1401 1467 1585 1574 recipiens
1606 1466 1768 1545 ostendit

342 1596 414 1677 sihi
433 1597 636 1704 quamdam
663 1627 812 1675 crucem
829 1599 966 1677 coloris
984 1599 1127 1688 viridis,
1152 1617 1193 1675 ut
1213 1598 1411 1677 videbatur
1430 1599 1518 1687 sibi,
1541 1615 1579 1673 et
1602 1597 1769 1701 precepit

343 1727 414 1809 sibi
435 1729 538 1836 quod
556 1746 709 1835 spueret
726 1759 836 1835 supra
857 1758 956 1819 eam,
974 1730 1161 1836 quietalis
1182 1748 1259 1807 erat
1282 1731 1420 1811 modus
1437 1727 1598 1817 ordinis,
1622 1745 1661 1807 et
1679 1745 1769 1805 tunc

343 1858 422 1964 ipse
439 1859 545 1936 finxit
561 1889 599 1937 se
618 1889 751 1967 spuere
769 1890 880 1966 supra
894 1890 993 1949 eam,
1016 1861 1083 1937 sed
1098 1861 1199 1967 spuit
1213 1862 1260 1938 ad
1274 1878 1426 1939 terram.
1447 1860 1549 1936 Dixit
1568 1858 1682 1935 eciam
1704 1888 1770 1964 per

339 1989 595 2095 juramentum
609 2018 719 2068 suum
741 1993 845 2097 quod
862 1991 984 2069 dictus
1007 1991 1191 2098 recipiens
1211 1992 1378 2101 precepit
1397 1991 1468 2068 sibi
1491 1991 1594 2095 quod
1614 1989 1769 2069 omnino

343 2121 546 2200 abstineret
567 2151 588 2198 a
607 2122 848 2211 mulieribus,
871 2140 907 2203 et
926 2125 1030 2231 quod
1050 2124 1168 2202 lectus
1188 2151 1279 2201 suus
1299 2140 1395 2201 esset
1412 2122 1625 2203 communis
1648 2119 1770 2197 fratri-

343 2253 433 2342 bus;
451 2254 518 2331 sed
533 2255 651 2331 nescit
667 2283 740 2360 qua
756 2255 972 2334 intencione
985 2254 1145 2334 dicebat.

399 2385 651 2491 Interrogatus
672 2414 739 2490 per
754 2385 1012 2491 juramentum
1029 2402 1157 2462 utrum
1179 2386 1259 2491 ipse
1274 2386 1324 2473 vi,
1341 2385 1397 2463 vel
1410 2402 1517 2462 metu
1532 2383 1688 2461 carceris
1703 2411 1771 2460 seu

344 2530 638 2605 tormentorum,
655 2533 718 2591 aut
737 2515 843 2601 alias,
863 2516 900 2589 in
918 2514 1110 2621 premissis
1130 2515 1376 2591 immiscuerit
1385 2503 1443 2589 iel
1458 2513 1591 2588 dixerit
1605 2509 1768 2617 aliquam

344 2643 560 2733 salsitatem,
588 2663 652 2725 aut
676 2645 898 2724 subticuerit
925 2645 1131 2736 veritatem,
1162 2646 1254 2723 dixit
1283 2673 1350 2750 per
1373 2644 1630 2750 juramentum
1660 2671 1770 2719 suum

344 2777 450 2882 quod
470 2804 565 2865 non,
587 2796 625 2855 et
644 2777 749 2882 quod
768 2805 900 2883 puram
921 2777 1114 2855 veritatem
1135 2777 1227 2853 dixit
1246 2794 1284 2851 et
1304 2803 1456 2861 meram.

402 3040 494 3115 Item
515 3068 632 3127 anno,
656 3039 862 3130 indicione,
885 3037 1100 3143 pontificatu
1122 3054 1162 3116 et
1182 3037 1243 3114 die
1262 3064 1322 3115 xix
1342 3036 1555 3117 novembris
1575 3034 1769 3139 predictis,

346 3168 384 3245 iu
401 3167 489 3245 dicti
503 3168 624 3245 fratris
639 3169 834 3247 Laurencii
851 3170 898 3245 de
914 3168 1091 3247 Nannetis
1110 3166 1355 3246 commissarii
1376 3165 1521 3243 domini
1542 3164 1772 3271 inquisitoris

345 3296 493 3403 prelati,
515 3316 685 3376 nostrum
703 3300 936 3377 notariorum
952 3298 1194 3405 publicorum
1210 3314 1248 3375 et
1263 3297 1418 3375 testium
1438 3295 1771 3399 infrascriptomm,

343 3430 591 3533 personaliter
609 3431 832 3509 constitutus
850 3429 966 3507 frater
979 3428 1152 3508 Nicolaus
1172 3429 1219 3506 de
1240 3427 1427 3506 Mesnillio
1450 3428 1584 3506 subtus
1604 3427 1772 3507 Mentem

345 3558 549 3649 Desiderii,
568 3561 672 3638 etatis
688 3562 958 3666 quinquaginta
972 3577 1136 3666 quatuor
1150 3559 1209 3637 vel
1223 3560 1335 3647 circe,
1349 3559 1498 3665 juratus
1514 3575 1552 3635 et
1572 3557 1773 3663 requisitus

346 3689 482 3765 eodem
501 3689 635 3779 modo,
654 3689 746 3767 dixit
765 3719 831 3796 per
844 3691 1104 3797 juramentum
1127 3718 1237 3767 suum
1264 3690 1369 3796 quod
1395 3715 1468 3767 xxti
1491 3690 1575 3767 anni
1605 3687 1662 3765 vel
1677 3688 1774 3767 circa

347 3835 457 3897 erunt
470 3820 507 3893 in
521 3817 617 3897 sesto
628 3820 895 3901 Penthccostes
908 3821 1077 3927 proximo
1093 3819 1233 3908 futuro,
1250 3822 1355 3926 quod
1369 3820 1448 3925 ipse
1463 3818 1533 3897 suit
1546 3836 1718 3924 receptus
1733 3819 1773 3895 in

346 3948 460 4029 domo
474 3950 522 4028 de
538 3951 707 4030 Puisiaus
719 3951 853 4030 subtus
872 3950 1114 4040 Lcudunum,
1138 3980 1206 4058 per
1218 3949 1371 4031 fratrem
1382 3953 1534 4029 Petrum
1544 3948 1773 4027 Normannie

346 4080 518 4171 militem,
542 4100 800 4188 preceptorem
820 4082 967 4160 ballivis
984 4083 1259 4172 Laudunensis,
1282 4078 1521 4188 presentibus
1535 4077 1646 4157 fratrc
1667 4078 1776 4159 Guil-

345 4210 458 4290 leltno
490 4214 538 4290 de
564 4216 680 4321 Bcaye
712 4231 969 4321 preceptorem
1000 4214 1050 4291 de
1076 4213 1271 4301 Moisiec0,
1298 4229 1336 4289 et
1363 4211 1594 4318 quibusdam
1619 4209 1702 4287 eliis
1726 4207 1774 4285 de

344 4370 507 4448 quorum
528 4345 745 4423 nominibus
764 4374 843 4423 non
859 4344 1011 4433 recolit;
1030 4361 1068 4422 et
1087 4345 1180 4421 dixit
1200 4342 1305 4450 quod
1331 4343 1453 4420 dictus
1482 4340 1667 4447 recipiens
1687 4338 1774 4417 lecit

344 4471 414 4549 sibi
424 4472 551 4578 jurare
562 4475 666 4580 quod
681 4475 760 4580 ipse
776 4493 938 4555 servaret
958 4491 1095 4554 statuta
1111 4474 1256 4551 ordinis
1274 4489 1313 4552 et
1332 4487 1545 4559 secrete,·et
1558 4487 1690 4576 postea
1705 4467 1776 4546 luit

344 4603 415 4680 sibi
437 4604 656 4681 mantellum
676 4604 723 4682 ad
749 4605 889 4685 collum
910 4606 1091 4714 positum,
1114 4623 1152 4685 et
1172 4604 1360 4685 osculatus
1383 4601 1457 4685 tuit
1474 4601 1718 4707 recipientem
1738 4617 1776 4675 et

344 4733 437 4813 alios
456 4734 588 4814 fratres
603 4738 643 4812 iu
662 4765 745 4826 ere,
763 4757 801 4816 et
820 4755 914 4819 tunc
928 4737 1053 4817 dictus
1065 4738 1249 4843 recipiens
1261 4733 1431 4842 precepit
1443 4733 1550 4811 fretri
1571 4731 1775 4813 Guillelmo

345 4864 391 4942 de
415 4869 530 4974 Braye
550 4867 655 4974 quod
676 4867 746 4951 alia
769 4896 843 4975 que
862 4885 1012 4976 oportet
1041 4865 1125 4950 lieri
1146 4869 1185 4950 io
1208 4866 1340 4951 ordine
1360 4865 1432 4945 sibi
1454 4863 1594 4945 taceret
1613 4861 1717 4950 fieri,
1740 4878 1777 4936 et

739 5022 744 5031 ‘
1555 5011 1604 5073 51.
