4236 5948
737 545 934 640 rnocns
959 563 1056 637 nus
1081 562 1378 638 rnnrnrnns.
1697 567 1771 640 aso

349 708 435 787 dam
456 706 569 784 falsus
588 706 788 812 propheta3
811 707 955 786 erfecit
976 734 1065 784 eum
1088 704 1272 816 abnegare
1292 724 1350 784 ter
1369 706 1512 787 dictum
1530 708 1769 813 prophetam,

348 857 387 917 et
407 838 577 944 precepit
602 836 672 914 sibi
694 838 796 944 quod
810 855 961 945 spueret
987 864 1098 944 supra
1117 865 1281 915 crucem.
1311 837 1387 916 Sed
1413 836 1551 927 noluit,
1573 837 1652 916 imo
1673 839 1773 944 spuit

342 971 445 1079 juxta
466 996 564 1062 eam,
585 968 730 1075 fingens
748 969 853 1076 quod
869 997 979 1076 supra
994 996 1077 1046 eam
1091 985 1264 1075 spueret,
1287 985 1324 1047 et
1337 968 1430 1046 dixit
1443 967 1547 1076 quod
1561 967 1774 1076 abnegacio-

347 1129 434 1179 nem
454 1100 673 1209 hujusmodi
702 1098 790 1177 fecit
808 1128 890 1189 ore,
919 1117 957 1177 et
976 1127 1052 1176 non
1072 1100 1197 1177 corde.
1219 1099 1434 1207 Requisitus
1449 1099 1496 1177 de
1514 1098 1659 1189 osculo,
1682 1101 1775 1178 dixit
1908 1186 1916 1195 ,

347 1260 416 1340 per
434 1233 691 1340 juramentum
720 1259 831 1308 suum
858 1231 962 1338 quod
983 1230 1104 1309 dictus
1127 1230 1310 1337 recipiens
1334 1229 1421 1310 lecit
1439 1258 1530 1308 eum
1550 1231 1717 1335 spoliari,
1737 1249 1775 1309 et

348 1364 535 1444 osculatus
553 1360 626 1438 fuit
645 1363 787 1440 eumin
806 1361 1004 1468 posteriori
1024 1379 1127 1468 parte
1148 1362 1252 1469 spine
1270 1362 1392 1450 dorsi,
1416 1364 1456 1438 in
1474 1359 1654 1440 umbilico
1676 1379 1713 1439 et
1735 1364 1772 1439 in

349 1523 426 1572 ore.
448 1495 549 1572 Dixit
563 1494 679 1570 eciam
699 1521 767 1601 per
776 1494 1034 1600 juramentum
1054 1521 1166 1570 suum
1185 1494 1290 1601 quod
1311 1493 1432 1570 dictus
1448 1492 1631 1599 recipiens
1646 1521 1772 1598 prece·

347 1624 404 1731 pit
422 1625 493 1703 sibi
519 1623 672 1732 quodsi
693 1623 807 1730 aliqui
835 1624 882 1700 de
905 1622 1080 1701 {raudus
1105 1623 1194 1702 dicti
1219 1623 1362 1703 ordinis
1381 1622 1518 1701 vellent
1541 1625 1771 1703 commisceri

348 1782 433 1832 cum
449 1783 494 1832 eo
516 1754 721 1844 carnaliter,
741 1754 845 1860 quod
861 1755 940 1861 ipse
960 1771 1165 1864 pateretur,
1188 1773 1226 1833 et
1245 1755 1362 1831 eciam
1376 1755 1407 1832 si
1424 1755 1623 1861 indigeret,
1643 1753 1772 1831 abute-

347 1907 451 1964 retur
471 1888 540 1975 eis,
562 1887 652 1993 quia
669 1915 747 1964 non
762 1904 840 1965 erat
859 1906 1067 1993 peccatum.
1120 1930 1123 1935 ·

403 2022 650 2124 Interrogatus
662 2034 791 2094 utrum
802 2019 853 2108 vi,
866 2018 924 2095 vel
944 2036 1048 2095 metu
1065 2018 1221 2095 carceris
1234 2045 1301 2093 seu
1315 2033 1607 2105 tormentorum,
1626 2033 1690 2092 aut
1701 2015 1770 2092 alia

347 2148 394 2226 de
415 2177 538 2235 causa,
560 2148 719 2255 aliquam
738 2147 871 2226 dixerit
894 2147 1090 2226 falsitatem
1114 2166 1179 2225 aut
1201 2148 1449 2226 immiscuerit
1472 2148 1511 2225 in
1531 2148 1772 2253 deposicione

347 2308 431 2368 sua,
454 2279 546 2357 dixit
557 2308 625 2386 per
640 2282 899 2387 juramentum
916 2301 1027 2357 suum
1040 2280 1145 2387 quod
1158 2307 1252 2370 non3
1275 2280 1353 2357 imo
1374 2279 1468 2357 dixit
1486 2308 1618 2384 puram
1639 2297 1676 2356 et
1695 2309 1774 2356 me·

346 2438 423 2488 ram
449 2428 652 2488 veritatem.

400 2675 494 2749 ltem
509 2671 623 2750 frater
640 2671 879 2778 Rayrnundus
894 2671 941 2749 de
956 2673 1048 2748 Fara
1067 2670 1177 2748 miles
1194 2670 1286 2747 dicti
1306 2670 1469 2757 ordinis,
1492 2671 1598 2748 etatis
1613 2700 1672 2749 xxi
1684 2674 1770 2748 anui

344 2803 402 2879 vel
424 2803 534 2890 circa,
556 2803 701 2909 juratus
729 2802 864 2880 eodem
883 2802 1018 2891 modo,
1037 2801 1137 2879 bona
1156 2799 1346 2878 voluntate
1376 2817 1413 2877 et
1436 2818 1637 2906 spontanea
1662 2802 1710 2878 de
1731 2831 1771 2878 se

346 2950 384 3011 et
402 2933 484 3010 aliis
504 2933 541 3009 in
567 2961 674 3011 causa
693 2932 784 3011 fidei
804 2933 930 3011 dicere
950 2932 1162 3021 veritatem,
1191 2948 1228 3008 et
1251 2932 1499 3038 interrogatus
1527 2933 1575 3010 de
1600 2950 1770 3038 tempore

346 3081 382 3141 et
401 3064 518 3142 modo
533 3093 600 3141 sue
621 3065 870 3170 rccepcionis,
892 3062 986 3141 dixit
1004 3092 1073 3169 per
1083 3064 1340 3171 juramentum
1364 3091 1477 3141 suum
1497 3062 1602 3169 quod
1622 3062 1694 3140 luit
1713 3091 1771 3138 re—

345 3211 473 3300 ceptus
493 3196 531 3271 in
547 3195 662 3273 domo
678 3194 827 3301 Templi
844 3195 892 3271 de
912 3193 1092 3273 Montelio
1110 3194 1302 3282 Ademari,
1320 3223 1390 3300 per
1406 3193 1558 3271 fratrem
1572 3195 1770 3300 Hugonem

346 3326 393 3402 de
408 3327 595 3414 Peraud0‚
612 3341 689 3404 tres
708 3325 795 3402 anni
816 3325 904 3403 sunt
915 3325 973 3403 vel
988 3326 1100 3412 circa,
1113 3325 1351 3430 presentibus
1360 3324 1473 3401 fratre
1486 3325 1663 3402 Guidone
1671 3324 1772 3403 Goe-

345 3457 453 3534 morii
483 3474 521 3532 et
543 3455 771 3563 quibusdam
792 3455 874 3534 aliis
898 3454 945 3532 de
970 3483 1134 3563 quorum
1164 3456 1381 3534 nominibus
1406 3483 1482 3533 uon
1504 3455 1648 3533 recolit.
1671 3436 1773 3532 Dixit

344 3587 460 3662 eciam
475 3614 543 3692 per
558 3587 813 3692 juramentum
827 3614 939 3663 suum
954 3586 1076 3692 quod,
1097 3603 1182 3690 post
1201 3586 1338 3663 multas
1352 3586 1622 3692 promissiones
1638 3585 1685 3663 de
1702 3586 1771 3663 ob-

344 3715 529 3792 servandis
552 3715 696 3794 statutis
715 3714 803 3792 dicti
819 3715 964 3792 ordinis
987 3715 1035 3793 ab
1055 3743 1101 3791 eo
1121 3714 1249 3803 lactas,
1273 3733 1310 3792 et
1328 3714 1506 3793 mantello
1526 3716 1598 3794 sibi
1620 3717 1668 3793 ad
1695 3716 1772 3793 col-

342 3845 421 3923 lum
442 3845 583 3953 posito,
612 3845 735 3923 dictus
760 3845 943 3951 recipiens
969 3863 1007 3923 et
1032 3844 1093 3922 alii
1123 3845 1335 3925 assistentes
1358 3863 1592 3924 recesserunt
1615 3846 1662 3924 de
1686 3846 1770 3923 loco

342 3976 586 4083 recepcionis‚
610 3993 648 4053 et
668 3975 761 4052 dixit
774 3975 876 4053 idem
896 3974 1010 4053 frater
1023 3976 1134 4081 Hugo
1153 3977 1306 4053 cuidam
1320 3974 1423 4053 fratri
1442 3976 1615 4054 servienti
1631 3977 1697 4080 qui
1716 4005 1772 4052 re-

344 4108 477 4184 mansit
496 4108 599 4184 solus
616 4136 702 4184 cum
727 4106 791 4185 illo
814 4108 880 4214 qui
903 4107 1082 4214 loquitur,
1107 4106 1214 4211 quod
1234 4107 1435 4184 instrueret
1455 4133 1543 4184 eum
1564 4108 1602 4183 in
1623 4106 1769 4184 statutis

344 4236 433 4314 dicti
447 4238 606 4329 ordinis3
624 4267 701 4344 quo
717 4237 813 4316 facto
828 4239 893 4315 ille
908 4240 974 4345 qui
987 4256 1216 4316 remanserat
1230 4265 1359 4314 secum
1377 4237 1541 4315 ostendit
1553 4234 1625 4314 sihi
1638 4264 1770 4342 quam·

343 4367 428 4444 dam
455 4398 603 4446 crucem
630 4399 717 4447 cum
738 4370 861 4477 effigie
880 4370 995 4448 Jhesu
1022 4368 1179 4458 Christi,
1202 4385 1240 4446 et
1258 4367 1347 4447 fecit
1371 4396 1460 4445 eum
1479 4367 1663 4475 abnegare
1682 4366 1769 4445 Jhe-

341 4527 426 4576 sum
441 4500 635 4578 Christum
650 4518 708 4578 ter
727 4518 767 4578 et
783 4519 842 4578 ter
858 4528 992 4607 spuere
1013 4528 1125 4608 supra
1138 4527 1288 4576 crucem
1303 4531 1313 4576 ι
1327 4500 1510 4607 quodque
1525 4498 1614 4576 fecit
1632 4525 1716 4586 ore,
1734 4516 1770 4576 et

341 4658 417 4709 non
431 4633 562 4720 corde,
576 4649 620 4710 ut
635 4632 738 4709 dixit.
755 4633 857 4710 Dixit
871 4633 988 4710 eciam
1005 4660 1074 4738 per
1079 4631 1340 4740 juramentum
1353 4659 1467 4708 suum
1482 4630 1589 4737 quod
1601 4630 1770 4736 precepit

343 4761 412 4838 sibi
436 4761 590 4868 quodsi
611 4761 741 4840 fratres
767 4763 855 4840 dicti
880 4762 1025 4842 ordinis
1045 4761 1181 4841 vellent
1202 4762 1447 4841 commiscere
1470 4759 1668 4838 carnaliter
1683 4789 1768 4838 curn

344 4921 407 4983 eo,
425 4892 529 4998 quod
544 4895 622 4998 ipse
637 4895 887 5000 permitteret,
906 4912 944 4973 et
954 4895 1071 4973 eciam
1088 4894 1347 4973 commisceret
1356 4920 1397 4997 se
1416 4892 1614 4971 carnaliter
1626 4892 1656 4969 si
1669 4889 1769 4969 indi-
