4236 5948
730 532 928 623 rnoons
955 553 1050 624 nus
1076 554 1378 628 runrmxns.
1687 565 1754 634 en

344 691 545 796 abnegaret
558 689 663 764 illum
679 690 785 795 cujus
806 690 946 799 effigies
957 709 1035 768 erat
1046 691 1098 769 ibi
1114 710 1183 780 ter,
1204 710 1241 771 et
1250 714 1308 771 ter
1323 714 1475 801 spueret
1490 726 1599 802 supra
1614 728 1761 776 crucem

345 838 381 897 et
399 820 609 925 ymaginem
629 820 827 924 predictas,
855 822 1064 926 precipiens
1091 823 1162 899 sibi
1188 826 1290 930 quod
1313 826 1386 902 hoc
1401 826 1553 915 laceret,
1578 845 1613 904 et
1634 829 1763 906 diceus

344 950 446 1055 quod
465 948 537 1025 hoc
554 967 631 1025 erat
646 949 692 1025 de
706 950 852 1026 statutis
868 952 1010 1028 ordinis
1021 954 1096 1043 sui3
1109 982 1182 1056 que
1194 955 1272 1059 ipse
1283 954 1371 1031 lecit
1386 985 1468 1045 ore,
1487 975 1523 1033 et
1535 986 1612 1034 non
1630 960 1760 1045 corde,

342 1097 384 1155 ut
404 1078 505 1154 dixit.
529 1080 620 1156 ltem
642 1079 733 1156 dixit
754 1078 856 1184 quod
881 1079 1010 1158 fratres
1034 1083 1190 1187 predicti
1211 1104 1403 1187 presentes
1427 1086 1760 1192 discooperuerunt

344 1210 465 1315 ipsum
486 1209 548 1314 qui
575 1209 754 1314 loquitur,
781 1228 817 1285 et
842 1209 962 1286 dictus
985 1210 1097 1287 frater
1119 1212 1338 1318 Radulphus
1365 1213 1550 1291 osculatus
1576 1214 1645 1290 luit
1675 1244 1761 1293 eum

344 1339 382 1413 in
401 1338 475 1414 fine
497 1340 602 1444 spine
628 1340 744 1424 dorsi,
767 1340 805 1414 in
827 1339 1007 1417 umbilico
1028 1359 1065 1416 et
1084 1341 1122 1417 in
1144 1370 1219 1418 ore.
1243 1345 1339 1419 Item.
1354 1345 1554 1449 requisitus
1580 1373 1647 1450 per
1660 1348 1765 1453 jura-

343 1486 513 1545 mentum
543 1486 672 1545 utrum
696 1469 747 1555 vi,
782 1469 838 1544 vel
867 1486 972 1545 metu
998 1486 1272 1548 tormentorum
1298 1491 1361 1548 aut
1386 1473 1474 1549 alias
1500 1473 1603 1550 aliud
1629 1473 1762 1551 dixerit

342 1626 455 1702 quam
470 1599 675 1685 veritatem,
692 1598 746 1675 vel
765 1600 802 1673 in
818 1599 1005 1702 premissis
1016 1599 1260 1677 immiscuerit
1271 1601 1431 1707 aliquam
1443 1602 1655 1689 falsitatem,
1673 1604 1763 1679 dixit

344 1755 410 1831 per
423 1729 682 1833 juramentum
702 1758 810 1804 suum
832 1729 934 1834 quod
956 1759 1030 1805 non
1034 1792 1047 1838 ἒ
1072 1748 1108 1805 et
1135 1732 1238 1836 quod
1263 1761 1394 1836 puram
1415 1732 1605 1808 veritatem
1631 1732 1763 1809 dixerit

343 1886 411 1961 pro
430 1858 548 1934 salute
569 1859 691 1934 anime
711 1887 788 1935 sue.
810 1860 916 1934 Facta
936 1878 1060 1936 autem
1081 1859 1151 1936 luit
1165 1861 1346 1937 consessio
1368 1890 1433 1937 seu
1451 1862 1640 1966 deposicio
1657 1863 1761 1939 heca

343 1988 443 2064 dicto
455 1988 565 2064 fratre
576 1990 617 2064 N.
632 1989 678 2064 de
689 1990 801 2066 Cerra
823 1988 1003 2094 [Sarra?],
1020 1991 1234 2096 juramento
1247 1992 1354 2096 prius
1365 1994 1539 2096 prestito,
1556 2011 1599 2068 ut
1610 1996 1764 2097 premit-

341 2118 444 2207 titur,
469 2119 514 2195 ab
536 2120 668 2194 eodem
688 2119 848 2194 Parisius
870 2119 906 2193 in
929 2120 1041 2195 domo
1061 2120 1225 2225 Templi,
1249 2122 1288 2195 in
1307 2122 1498 2225 presencia
1519 2123 1760 2199 commissarii

342 2249 515 2351 predicti,
537 2276 650 2336 anno,
673 2248 876 2335 indicione,
898 2248 1134 2352 pontificatu,
1153 2279 1249 2326 anno
1269 2267 1306 2326 et
1326 2250 1387 2326 die
1408 2252 1599 2355 predictis,
1617 2281 1763 2356 presen-

341 2376 441 2453 tibus
475 2379 657 2486 religiosis
685 2396 722 2453 et
754 2377 921 2453 discretis
948 2379 1033 2454 viris
1062 2379 1173 2454 fratre
1204 2379 1409 2456 Guillelmo
1434 2381 1620 2467 Durandi,
1652 2382 1761 2458 fratre

342 2509 497 2614 Hugone
518 2509 565 2584 de
585 2509 735 2585 Noalbis
763 2525 962 2603 conventus
992 2510 1224 2596 Parisiensis,
1255 2527 1291 2584 et
1315 2509 1426 2586 fratre
1452 2509 1575 2586 Felice
1597 2510 1643 2585 de
1664 2513 1761 2588 Foro

341 2656 544 2714 conventus
564 2639 775 2727 Trecensis,
801 2638 944 2714 ordinis
968 2639 1261 2725 Predicatorum,
1288 2639 1444 2715 testibus
1469 2639 1516 2714 ad
1537 2639 1606 2715 hec
1626 2642 1762 2715 vocatis

342 2786 378 2844 et
397 2769 543 2874 rogatis.

398 3034 443 3106 Et
463 3059 531 3137 ego
545 3031 745 3110 Gaulridus
764 3029 955 3137 Enguelor
974 3029 1096 3106 dictus
1116 2980 1276 3133 Chalop,
1294 3028 1467 3109 Dolensis
1483 3029 1658 3116 diocesis,
1675 3057 1762 3132 apo-

341 3162 469 3237 stoliea
497 3163 712 3238 auctoritate
736 3161 904 3238 notarius
929 3158 1116 3266 publicus,
1139 3159 1329 3265 premissis
1352 3157 1573 3235 confessioni
1599 3174 1637 3233 et
1657 3188 1761 3235 reco-

340 3291 500 3398 gnicioni
520 3291 623 3368 saetis
643 3293 778 3369 adieto
799 3293 840 3367 N.
864 3292 911 3367 de
927 3292 1049 3379 Sarra,
1068 3290 1268 3396 juramenti
1286 3290 1506 3394 prestacioni
1531 3307 1568 3365 et
1586 3289 1761 3365 omnihus

342 3438 378 3498 et
398 3422 550 3529 singulis
572 3422 667 3498 dicta
685 3422 746 3498 die
766 3421 983 3510 Jovisactis,
1004 3449 1079 3496 una
1099 3449 1184 3496 cum
1197 3420 1306 3497 dictis
1322 3419 1496 3507 testibus,
1516 3420 1554 3493 in
1569 3420 1761 3524 presencia

342 3551 431 3626 dicti
452 3552 573 3627 fratris
599 3553 641 3625 N.
675 3551 721 3625 de
747 3551 934 3639 Anisiaco,
970 3578 1123 3655 presens
1148 3548 1314 3638 interlui,
1338 3552 1376 3625 in
1397 3550 1652 3627 testimonium
1677 3579 1761 3653 pre·

342 3683 541 3758 missorum
553 3709 613 3755 me
628 3678 844 3783 subscripsi,
857 3698 894 3754 et
906 3681 1052 3783 signum
1063 3708 1190 3754 meum
1203 3681 1357 3784 apposui
1374 3696 1596 3756 consuetum
1613 3696 1760 3754 vocatus

342 3829 378 3887 et
398 3828 556 3917 rogatus

321 4173 322 4176 Ἴ
397 4073 443 4146 Et
475 4098 542 4175 ego
572 4073 718 4146 Evenus
747 4069 852 4174 Phily
883 4069 929 4143 de
962 4069 1097 4144 Sancto
1123 4068 1265 4143 Nicasio
1291 4066 1447 4142 clericus
1476 4067 1763 4170 Corisopitensis

343 4201 517 4288 diocesis,
540 4199 740 4305 apostoliea
759 4198 932 4304 publicus
945 4198 1161 4274 auctoritate
1177 4196 1359 4283 notarius,
1382 4197 1572 4301 premissis
1586 4194 1762 4271 omnibus

342 4331 381 4405 in
409 4332 570 4437 presenti
597 4332 698 4435 pecia
726 4347 762 4406 et
789 4329 869 4406 aliis
897 4331 1002 4436 signo
1023 4356 1108 4404 meo
1135 4328 1284 4432 signatis
1316 4326 1514 4412 contentis,
1539 4352 1623 4400 cum
1648 4325 1763 4427 magi-

342 4479 419 4539 stro
432 4461 613 4539 Gausrido
628 4460 817 4566 Enguelor
831 4461 930 4538 dicto
943 4459 1101 4565 Chalop,
1119 4458 1271 4547 clerico,
1290 4456 1491 4561 apostolica
1505 4454 1680 4560 publicus
1699 4482 1762 4528 au-

342 4594 508 4670 ctoritate
530 4594 711 4679 notarius,
739 4591 996 4698 suprascriptis
1020 4589 1170 4666 interlui
1192 4615 1360 4692 presens,
1386 4605 1518 4662 etune
1543 4613 1629 4661 cum
1655 4586 1759 4689 signo

342 4741 379 4801 et
406 4724 681 4830 subscripsione
703 4724 783 4829 ejus
803 4725 950 4831 signum
975 4749 1102 4798 meum
1129 4720 1281 4826 apposui
1310 4736 1476 4823 rogatus,
1502 4717 1563 4792 hic
1586 4744 1647 4791 me
1673 4715 1761 4791 sub-

342 4857 516 4936 scribens.

1520 4999 1570 5074 lr7·
