4236 5948
479 554 552 636 tos
576 645 578 650 ,
864 539 1059 633 rnocts
1083 555 1181 646 nus
1211 556 1507 631 rnnptmns.

475 702 575 790 lana,
586 700 725 807 quibus
735 700 910 777 continue
924 704 1118 806 cingantur
1131 726 1242 804 supra
1257 701 1424 777 camisias
1432 717 1543 776 nocte
1554 715 1590 774 et
1600 697 1678 783 die,
1697 698 1734 773 in
1751 699 1897 804 signum

476 831 682 912 honestatis
698 849 735 907 et
749 831 921 907 castitatis
938 829 1117 907 servande
1136 848 1337 938 perpetuo,
1359 832 1456 907 sicut
1472 845 1556 936 post
1572 827 1704 905 laetam
1720 829 1769 906 de
1787 859 1827 906 se
1840 860 1900 907 re-

478 964 692 1070 cepcionern
712 961 760 1038 ad
781 962 922 1039 dictum
945 960 1118 1039 ordinem
1141 962 1407 1067 promiserunt.
1424 962 1523 1039 Cum
1545 960 1655 1037 dietis
1675 977 1798 1046 autem
1819 990 1901 1039 cor-

410 1163 416 1178 ,
477 1093 576 1171 dulis
596 1122 664 1170 nec
683 1091 801 1198 capita
818 1109 1021 1200 tanguntur
1040 1119 1109 1168 nec
1127 1091 1238 1198 ydola
1258 1092 1466 1198 cinguntur,
1487 1120 1572 1166 cum
1594 1090 1626 1166 is
1642 1090 1710 1196 qui
1734 1089 1901 1197 loquitur

477 1255 545 1302 nec
565 1224 669 1301 scivit
687 1252 756 1298 nec
776 1251 944 1333 unquam
957 1222 1096 1299 audivit
1116 1222 1154 1297 in
1176 1222 1308 1298 ordine
1325 1221 1496 1329 predicto
1516 1220 1575 1298 vel
1593 1219 1680 1296 alibi
1703 1221 1776 1296 dici
1798 1222 1901 1327 quod

477 1356 524 1431 sit
537 1354 707 1460 ydolum,
726 1353 791 1429 sed
806 1353 924 1429 credit
938 1352 1042 1459 quod
1057 1353 1105 1429 sit
1118 1352 1293 1429 diabolus
1306 1354 1380 1429 sive
1399 1351 1533 1441 nichil,
1551 1369 1589 1428 et
1601 1351 1703 1427 idem
1720 1351 1838 1427 credit
1855 1351 1900 1428 de

477 1485 609 1562 ceteris
629 1480 914 1561 fratribus'dicti
935 1482 1078 1560 ordinis
1098 1499 1140 1559 ut
1159 1483 1333 1588 deposuit
1353 1483 1403 1559 de
1421 1511 1460 1560 se
1480 1482 1575 1589 ipso.
1597 1521 1600 1525 ·

532 1616 592 1692 Ad
605 1614 844 1693 lxm--lrxnu
864 1612 1037 1693 articulos
1053 1613 1249 1702 inclusive,
1269 1613 1464 1719 diligenter
1484 1630 1522 1690 et
1542 1609 1731 1719 sigillatim
1749 1611 1902 1695 interro-

477 1763 596 1851 gatus,
618 1746 848 1850 respondens
867 1744 1011 1850 negavit
1022 1744 1123 1849 ipsos
1138 1743 1314 1821 articulos
1331 1762 1368 1821 et
1380 1744 1510 1820 omnia⁴
1520 1760 1557 1820 et
1570 1741 1714 1849 singula
1729 1760 1900 1819 contenta

477 1876 516 1951 in
537 1878 607 1965 eis3
630 1903 675 1953 eo
695 1876 794 1952 salvo
809 1874 912 1981 quod
933 1903 976 1951 ea
995 1903 1068 1980 que
1085 1892 1243 1981 aguntur
1257 1875 1295 1950 in
1312 1873 1484 1981 capitulis
1499 1872 1586 1950 dicti
1601 1869 1746 1949 ordinis
1762 1872 1902 1950 debent

476 2009 592 2084 teneri
615 2024 753 2083 secreta
778 2035 798 2082 a
818 2006 994 2088 fratribus
1013 2006 1077 2112 qui
1099 2007 1137 2081 in
1154 2005 1260 2082 dictis
1280 2004 1450 2112 capitulis
1470 2003 1674 2093 affirerunt,
1695 2029 1766 2079 nec
1786 2021 1902 2079 extra·

477 2138 559 2213 neis
579 2136 810 2242 quibuslibet
828 2165 898 2213 nec
913 2137 1027 2213 eciam
1049 2136 1129 2212 aliis
1146 2134 1321 2214 fratribus
1340 2134 1537 2213 revelanda
1556 2151 1644 2225 sunt
1659 2134 1723 2240 qui
1743 2134 1781 2209 in
1795 2133 1902 2210 dictis

479 2266 648 2373 capitulis
668 2294 744 2342 non
764 2265 927 2343 suerunt.
944 2266 1042 2344 Dicit
1058 2283 1184 2342 tamen
1202 2296 1240 2343 se
1260 2295 1453 2375 nunquam
1469 2265 1583 2343 fnisse
1599 2267 1637 2357 in
1654 2262 1735 2354 aliis
1749 2291 1902 2371 congre-

477 2395 690 2503 gationibus
711 2396 773 2472 vel·
792 2393 961 2501 capitulis
983 2396 1070 2472 dicti
1097 2396 1241 2473 ordinis
1262 2398 1333 2473 nisi
1356 2397 1529 2474 duntaxat
1551 2396 1590 2472 in
1610 2393 1780 2502 capitulis
1801 2412 1901 2471 retro

477 2525 581 2605 lactis
602 2527 640 2600 in
663 2524 799 2631 capella
819 2526 955 2602 domus
974 2527 1094 2604 Mansi
1114 2527 1184 2604 Dei
1204 2528 1374 2632 predicti.
1400 2526 1545 2633 Adjecit
1567 2525 1810 2631 eciamquod
1830 2523 1903 2601 fra·

477 2673 553 2733 tres
574 2655 741 2762 ejusdem
757 2655 899 2732 ordinis
918 2656 1058 2762 absque
1075 2655 1222 2733 licentia
1244 2657 1291 2732 ab
1310 2657 1489 2762 cispetita
1502 2671 1658 2762 possunt
1670 2654 1826 2731 licenter
1838 2683 1902 2732 sua

478 2785 647 2865 confiteri
667 2803 815 2892 peccata
829 2786 1011 2893 religiosis
1026 2788 1111 2863 viris
1123 2787 1340 2892 presbiteris
1357 2785 1548 2893 religionis
1561 2784 1762 2894 cujuslibet
1774 2813 1904 2892 appro-

477 2918 580 3009 bate,
595 2917 653 2993 vel
666 2914 922 2995 sacerdotibus
931 2915 1159 2995 secularibus
1170 2918 1426 2996 executionem
1439 2916 1667 2994 habentibus
1677 2925 1833 3001 suo‘rum
1843 2944 1903 2994 or-

480 3048 608 3124 dinum
619 3105 627 3133 ‚
637 3049 789 3154 quando
800 3077 876 3126 non
889 3048 1028 3125 babent
1038 3066 1251 3153 presentem
1259 3046 1409 3125 fratrem
1423 3047 1651 3154 capellanum
1662 3047 1750 3124 dicti
1762 3046 1903 3131 ordinis

479 3181 537 3255 cui
562 3178 727 3284 predicta
751 3196 897 3284 peccata
922 3179 1092 3257 confiteri
1112 3179 1256 3257 valeant
1275 3197 1312 3257 et
1332 3179 1379 3256 ab
1400 3207 1447 3257 eo
1466 3178 1716 3285 penitenciam
1735 3177 1902 3284 recipere

479 3311 526 3387 de
543 3309 730 3390 confessis..
747 3311 892 3418 Adjeoit
911 3313 1027 3389 eciam
1048 3311 1154 3417 quod
1174 3311 1303 3389 fratres
1319 3310 1383 3419 qui
1402 3310 1570 3417 predicta
1586 3310 1624 3386 ia
1641 3310 1749 3387 dictis
1769 3310 1903 3386 articu-

477 3440 523 3516 lis
537 3457 710 3517 contenta
726 3439 881 3516 confessi
898 3457 984 3516 suut
1008 3468 1137 3517 coram·
1152 3443 1320 3547 personis
1339 3439 1587 3548 quibuslibet,
1610 3439 1649 3516 in
1663 3438 1810 3545 judicio
1826 3439 1901 3514 sive

480 3587 594 3661 extra,
617 3569 766 3676 publice
787 3588 823 3646 et
842 3570 881 3646 in
896 3570 988 3647 locis
1007 3571 1184 3677 publicis,
1199 3589 1242 3649 ut
1262 3573 1301 3648 in
1321 3571 1476 3649 articulo
1491 3588 1694 3659 enarratur,
1709 3569 1798 3646 salsa
1813 3597 1902 3647 con-

412 3804 417 3810 ·
478 3699 563 3776 fessi
585 3718 671 3777 suut
694 3719 732 3778 et
752 3703 791 3776 in
804 3702 932 3807 capud
951 3729 1063 3780 suum
1079 3704 1223 3780 mentiti
1245 3720 1387 3781 suntet
1408 3732 1476 3808 per
1494 3702 1611 3810 gulas.
1639 3701 1734 3795 Quia
1756 3728 1844 3776 vero
1865 3700 1902 3775 in

479 3830 644 3908 articulis
671 3832 808 3908 dicitur
832 3834 934 3938 quod
958 3831 1087 3910 fratres
1111 3831 1200 3910 dicti
1229 3831 1371 3939 ordinis
1393 3833 1583 3940 predictos
1614 3859 1775 3920 errores,
1807 3859 1902 3938 quos

479 3961 607 4037 adesse
624 3962 789 4039 sciebant
810 3963 878 4067 ipsi
896 3963 1037 4054 ordini,
1059 3964 1245 4070 corrigere
1262 3963 1508 4071 neglexerunt
1526 3963 1582 4042 vel
1600 3979 1727 4039 sancte
1749 3962 1821 4039 Dei
1837 3941 1902 4038 Ec-

479 4090 599 4168 clesie
618 4093 810 4182 nunciare,
838 4093 895 4169 vel
923 4111 965 4169 ut
984 4111 1187 4172 cessaretur
1214 4093 1272 4171 vel
1303 4095 1543 4171 desisteretur
1566 4093 1724 4182 abillis,
1747 4093 1843 4186 dicit
1866 4111 1903 4169 et

478 4222 675 4328 respondit
693 4223 755 4300 bic
774 4225 839 4330 qui
867 4224 1032 4331 loquitur
1051 4225 1155 4330 qnod
1175 4224 1213 4301 in
1239 4224 1478 4332 corrigendo,
1505 4223 1703 4314 cessando,
1724 4222 1781 4300 vel
1803 4224 1902 4299 desi·

480 4352 633 4444 stende,
659 4371 722 4430 aut
743 4354 954 4432 nunciando
980 4355 1143 4432 Ecclesia
1164 4356 1254 4447 Dei,
1276 4357 1378 4462 apud
1402 4355 1521 4433 dictos
1550 4354 1681 4432 fratres
1703 4381 1772 4431 nec
1794 4353 1902 4432 dolus

479 4510 549 4558 nec
568 4481 692 4588 culpa,
716 4485 857 4563 desidia
872 4513 939 4562 seu
956 4483 1178 4592 negligentia
1197 4486 1297 4563 nulla
1317 4485 1403 4575 luit,
1424 4514 1493 4564 nec
1510 4485 1640 4563 fratres
1657 4485 1718 4561 alii
1733 4483 1902 4591 ejusdem

482 4612 624 4690 ordinis
649 4615 889 4724 indiguerunt
909 4617 1137 4694 correctione
1157 4617 1281 4725 aliqua
1304 4617 1361 4696 vel
1381 4617 1601 4711 cessatione,
1624 4646 1670 4694 eo
1693 4616 1796 4723 quod
1814 4643 1902 4693 nus-

481 4771 592 4849 quam
609 4772 714 4822 error
733 4745 790 4824 rel
809 4774 956 4825 errores
976 4748 1023 4825 de
1036 4748 1175 4855 quibus
1191 4749 1311 4856 agitur
1323 4748 1362 4824 in
1375 4747 1539 4827 articulis
1554 4749 1593 4825 in
1605 4765 1686 4826 toto
1699 4746 1831 4826 ordine
1844 4744 1901 4822 vel

483 4874 562 4980 ejus
589 4893 694 4980 parte
720 4875 848 4982 aliqua-
865 4878 1052 4986 originem
1074 4878 1131 4956 vel
1151 4879 1375 4986 principium
1397 4879 1625 4968 habuerunt,
1656 4906 1727 4956 nec
1750 4877 1900 4982 inipso
