4236 5948
735 541 932 635 Puooas
960 561 1053 631 nus
1080 561 1379 634 'inuramus
1719 571 1761 639 ar

346 704 611 782 convenienter
635 702 716 776 lieri
741 718 779 776 et
800 701 934 777 servari
958 701 997 775 in
1020 701 1196 778 domibus
1218 703 1362 778 ordinis
1381 704 1419 777 in
1440 705 1578 809 quibus
1598 708 1667 784 suit
1687 741 1769 787 mo-

345 853 455 912 ratus.
478 833 633 910 Audivit
653 832 725 907 dici
742 832 844 937 quod
865 831 1039 938 capitulia
1062 832 1288 909 tenebantur
1308 852 1464 923 secrete,
1483 836 1598 913 nullis
1617 868 1769 943 presen-

344 967 443 1043 tibus
470 965 540 1042 nisi
567 962 743 1038 fratribus
770 963 925 1040 ordinis.
951 963 1065 1054 Quod
1090 990 1246 1068 magnus
1271 965 1445 1071 Magister
1470 995 1556 1041 cum
1584 990 1769 1046 conventu

345 1124 410 1173 suo
432 1095 643 1172 ordinasset
666 1109 770 1168 totus
794 1093 889 1169 ordo
915 1118 1058 1168 servare
1083 1092 1292 1184 tenebatur,
1318 1094 1413 1171 sicut
1433 1097 1551 1172 credit
1572 1116 1610 1174 et
1629 1100 1770 1177 audivit

347 1225 430 1302 dici.
450 1224 582 1302 Credit
598 1223 704 1329 quod
722 1250 868 1299 errores
887 1221 1046 1327 predicti
1060 1223 1255 1300 consessati
1274 1253 1340 1329 per
1359 1253 1446 1300 eum
1469 1225 1582 1334 longo
1598 1245 1768 1334 tempore

347 1356 573 1432 duraverunt
592 1353 631 1427 in
653 1352 803 1444 ordine,
825 1351 944 1429 nescit
970 1370 1097 1428 tamen
1122 1370 1275 1458 quanto.
1303 1353 1466 1431 Grandia
1492 1358 1680 1442 scandala,
1708 1390 1769 1435 su-

346 1485 460 1592 spicio
485 1501 522 1559 et
546 1483 698 1559 infamia
724 1512 825 1559 nunc
846 1500 935 1559 sunt
957 1500 1081 1559 exorta
1103 1501 1231 1559 contra
1253 1484 1427 1597 ordinem
1462 1486 1678 1564 Confessata
1703 1520 1770 1595 per

346 1644 431 1691 eum
453 1615 573 1691 credit
595 1631 684 1692 nota
707 1631 745 1689 et
772 1613 967 1690 manifesta
994 1640 1072 1689 esse
1098 1614 1196 1689 inter
1221 1614 1350 1691 fratres
1376 1616 1538 1705 ordinis,
1568 1648 1644 1695 non
1671 1621 1769 1697 inter

347 1745 448 1822 alios.
470 1744 624 1821 Audivit
645 1744 717 1820 dici
739 1772 917 1850 magnum
940 1743 1159 1849 Magistrum
1184 1760 1221 1818 et
1245 1743 1336 1820 alios
1361 1745 1550 1823 confessos
1568 1747 1681 1825 luisse
1703 1750 1770 1825 ali-

346 1904 438 1982 quos
459 1904 606 1952 errores
625 1891 753 1951 contra
774 1874 964 1964 ordinem,
987 1874 1144 1950 credens
1164 1873 1267 1978 quod
1290 1873 1374 1950 illos
1391 1875 1548 1951 confessi
1565 1875 1705 1954 luerint
1722 1880 1768 1956 de

345 2007 481 2112 quibus
505 2006 584 2113 ipse
604 2034 716 2111 supra
743 2005 930 2111 deposuit.
952 2005 1011 2081 Ad
1034 2003 1307 2081 dellensionem
1335 2005 1478 2081 ordinis
1503 2034 1541 2082 se
1567 2006 1766 2084 obtulerat.

345 2139 597 2242 Interrogatus
612 2163 728 2241 quare
745 2163 783 2211 se
805 2136 986 2214 offerebat
1006 2163 1048 2211 ex
1071 2162 1146 2240 quo
1165 2135 1311 2211 sciebat
1328 2163 1473 2211 errores
1486 2136 1690 2240 predictos,
1707 2168 1765 2214 re·

345 2267 496 2372 spondit
517 2265 622 2372 quod
641 2265 729 2342 ideo
746 2265 835 2372 quia
855 2265 917 2342 alii
939 2293 978 2341 se
999 2264 1223 2354 offerebant,
1247 2265 1361 2342 modo
1379 2282 1505 2341 tamen
1527 2295 1602 2343 non
1625 2268 1768 2344 dellen-

345 2396 460 2474 deret.

398 2528 645 2634 Requisitussi
663 2528 715 2605 sic
729 2526 954 2632 deposuerat
970 2544 1304 2633 prece,p1·ecepto,
1325 2528 1480 2619 timore,
1498 2558 1641 2618 amore,
1658 2530 1765 2620 odio,

345 2656 402 2733 vel
421 2656 617 2764 temporali
635 2657 796 2734 comodo
813 2656 943 2732 habito
959 2656 1017 2731 vel
1037 2656 1232 2743 babendo,
1252 2658 1448 2761 respondit
1467 2659 1571 2764 quod
1588 2686 1682 2749 non,
1701 2660 1768 2735 sed

345 2814 410 2893 pro
434 2787 588 2863 veritate
615 2786 791 2875 dicenda,
821 2785 881 2860 cui
911 2782 984 2860 fuit
1008 2785 1345 2893 injunctumquod
1370 2814 1445 2863 non
1473 2788 1654 2865 revelaret
1674 2789 1769 2863 hanc

345 2944 446 2992 suam
464 2916 762 3020 deposicionem,
785 2943 981 3021 quousque
1008 2914 1265 2991 attestaciones
1285 2912 1425 2989 fuerint
1445 2917 1641 3022 publicato.

399 3177 528 3254 Frater
546 3175 711 3253 Adamus
743 3178 790 3252 de
811 3176 959 3254 Inseruo
980 3175 1161 3263 serviens,
1188 3172 1444 3252 Noviomensis
1469 3173 1643 3263 diocesis,
1666 3179 1769 3254 testis

346 3335 455 3411 supra
469 3308 630 3415 juratus,
649 3336 725 3384 non
746 3307 931 3384 defferens
950 3304 1169 3382 mantellum
1189 3304 1351 3394 ordinis,
1367 3303 1454 3409 quia
1471 3304 1594 3408 ipsrun
1617 3306 1768 3384 dimise—

345 3455 399 3513 rat
418 3437 636 3527 voluntarie,
664 3454 701 3514 et
734 3437 814 3514 radi
849 3437 920 3514 sibi
952 3436 1089 3512 lecerat
1106 3433 1279 3521 barbam,
1307 3452 1505 3540 postquam
1525 3435 1715 3514 absolutus
1731 3454 1769 3513 et

347 3570 601 3646 reconciliatus
621 3569 741 3646 fuerat
761 3598 827 3675 per
847 3567 1041 3645 dominum
1061 3568 1284 3643 Remensem
1304 3565 1624 3671 archiepiscopum
1649 3585 1686 3644 et
1713 3568 1768 3643 in-

345 3701 541 3804 quisiverat
561 3730 646 3777 cum
668 3702 825 3789 eodem,
848 3699 1189 3806 quinquagenarius
1208 3697 1264 3773 vel
1285 3698 1401 3785 eirca,
1435 3696 1541 3772 lectis
1573 3717 1697 3774 autem
1732 3718 1769 3774 et

347 3829 543 3936 diligenter
572 3831 747 3938 expositis
775 3830 847 3907 sibi
873 3827 1048 3906 omnibus
1069 3846 1106 3906 et
1125 3828 1282 3935 singulis
1302 3826 1480 3915 articulis,
1504 3829 1661 3934 repetita
1680 3859 1767 3934 pro-

345 3961 544 4038 testacione
564 3961 669 4068 quod
688 3989 765 4037 uon
791 3959 954 4036 intendit
977 3958 1153 4035 recedere
1174 3988 1194 4034 a
1216 3957 1456 4063 deposicione
1478 3986 1545 4063 per
1565 3987 1654 4036 eum
1674 3957 1767 4035 sacta

345 4119 467 4168 coram
492 4092 594 4169 dicto
620 4091 775 4170 domino
801 4088 1098 4195 archiepiscopo,
1120 4088 1316 4195 respondit
1336 4116 1374 4163 se
1403 4088 1545 4163 nescire
1566 4116 1635 4164 nec
1654 4089 1768 4164 audi-

343 4222 434 4299 visse
455 4221 528 4298 dici
548 4223 596 4299 de
616 4217 798 4299 contentis
818 4222 857 4296 in
877 4219 967 4326 ipsis
987 4219 1168 4305 articulis,
1203 4218 1290 4324 quia
1309 4245 1442 4323 parum
1462 4216 1534 4293 fuit
1554 4217 1593 4291 in
1613 4218 1763 4308 ordine,

343 4350 412 4427 nisi
432 4352 537 4456 quod
551 4353 735 4456 sequitur.
751 4351 833 4457 Ipse
848 4376 1011 4456 namque
1024 4347 1095 4423 suit
1111 4365 1301 4453 receptus,
1319 4349 1413 4424 circa
1429 4347 1567 4423 festum
1583 4346 1766 4424 Omnium

341 4484 562 4560 Sanctorum
583 4483 753 4587 proxime
773 4481 998 4588 preteritum
1012 4478 1170 4556 luerunt
1184 4494 1346 4585 quatuor
1360 4478 1463 4563 anni,
1486 4477 1524 4551 in
1540 4476 1681 4582 capella
1697 4478 1766 4554 do-

342 4642 426 4690 mus
447 4612 598 4718 Templi
616 4613 662 4689 de
683 4613 865 4690 Morlenis
883 4609 1115 4689 Belvacensis
1151 4609 1326 4697 diocesis,
1359 4637 1427 4713 per
1446 4606 1600 4683 fratrem
1628 4607 1767 4683 lohan-

341 4773 427 4822 nem
447 4744 494 4821 de
522 4747 621 4821 Nans
640 4744 893 4850 presbiterum
912 4739 1123 4847 quondam,
1141 4738 1189 4816 de
1208 4738 1385 4814 mandato
1405 4737 1528 4815 fratris
1543 4738 1697 4814 Roberti
1720 4738 1767 4813 de

340 4875 475 4954 Sancto
504 4877 612 4953 lusto
644 4875 857 4982 quondam,
886 4870 1124 4980 presentibus
1151 4867 1328 4948 fratribus
1357 4869 1532 4975 Philippo
1560 4868 1608 4944 de
1640 4871 1768 4944 Lavar-
