4236 5948
348 550 396 624 so
735 529 933 623 moues
960 550 1054 622 nus
1080 548 1384 622 rrurmms.

347 704 526 770 rexerunt
541 714 606 775 eos
631 717 701 766 nec
718 688 1043 767 denunciaverunt
1061 687 1244 780 Ecclesie,
1266 689 1298 766 si
1317 689 1390 766 hoc
1405 685 1525 764 facere
1545 703 1720 794 poterant
1732 705 1771 767 et

347 822 421 899 boc
443 820 621 898 sciebant.
643 819 877 897 Elemosinas
899 838 938 896 et
961 817 1256 925 hospitalitatem
1281 817 1376 895 vidit
1402 818 1666 894 convenienter
1687 817 1770 896 fieri

348 969 385 1029 et
399 950 533 1028 servari
547 950 586 1025 in
603 950 780 1027 domibus
796 949 940 1028 ordinis
953 949 993 1025 in
1009 948 1148 1055 quibus
1160 946 1299 1026 exstitit
1313 964 1577 1024 commoratus.
1592 949 1634 1026 ln
1648 976 1771 1056 recep

347 1083 455 1160 cionc
475 1108 541 1158 sua
561 1080 686 1157 fuitei
709 1097 929 1187 preceptum
952 1109 1020 1186 per
1044 1096 1279 1183 receptorem
1299 1106 1410 1156 suum
1433 1076 1538 1185 quod
1559 1078 1686 1156 debite
1711 1108 1771 1157 ac·

346 1212 515 1320 quireret
538 1210 661 1287 ordini
688 1211 829 1318 absque
856 1208 1065 1318 prejudicio
1088 1208 1187 1316 juris
1205 1207 1339 1301 alieni,
1361 1224 1400 1284 et
1420 1208 1450 1284 si
1471 1209 1700 1286 contrarium
1719 1209 1771 1286 la-

346 1360 463 1431 ceret,
494 1357 591 1418 esset
619 1369 732 1446 super
759 1341 922 1418 animam
954 1367 1072 1417 suam.
1102 1338 1256 1416 Audivit
1284 1338 1357 1416 dici
1387 1339 1492 1445 quod
1519 1339 1614 1416 clam
1637 1368 1770 1418 eorum

346 1470 523 1580 capitulia
542 1470 780 1561 tenebantur,
801 1469 917 1548 nullis
928 1467 1167 1576 presentibus
1181 1469 1252 1548 nisi
1268 1468 1445 1547 fratribus
1461 1470 1630 1560 ordinis,
1642 1470 1682 1546 in
1692 1498 1769 1578 quo

347 1619 532 1681 servatum
554 1600 685 1678 baisset
709 1601 813 1708 quod
838 1628 997 1708 magnus
1024 1597 1199 1707 Magister
1223 1629 1309 1676 cum
1336 1617 1524 1677 conventu
1549 1600 1768 1679 ordinasset.

345 1735 453 1812 Nunc
462 1733 618 1842 grandia
628 1732 811 1821 scandala,
821 1730 980 1838 suspicio
993 1748 1031 1807 et
1042 1729 1293 1808 infamiasunt
1308 1730 1636 1839 propterpredicta
1645 1750 1771 1810 exorta

345 1881 473 1944 contra
484 1863 670 1956 ordinem,
687 1880 815 1943 contra
829 1890 942 1970 quem
960 1860 1103 1940 audivit
1117 1861 1189 1939 dici
1208 1889 1386 1970 magnum
1397 1862 1619 1970 Magistrum
1631 1879 1668 1939 et
1676 1861 1770 1942 alios

345 1994 469 2101 aliqua
490 1993 602 2072 fuisse
625 1993 832 2082 confessos3
854 1993 902 2068 ad
919 1991 1025 2100 cujus
1045 1990 1191 2068 ordinis
1211 1990 1486 2069 deffensionem
1505 2019 1544 2068 se
1565 1991 1768 2072 obtulerat.

402 2123 617 2229 Requisitus
633 2125 663 2201 si
679 2124 732 2200 sic
746 2123 971 2229 deposuerat
984 2149 1112 2228 prece,
1125 2138 1322 2228 precepto,
1334 2121 1490 2212 timore,
1501 2149 1628 2198 amore
1639 2181 1648 2209 ,
1661 2121 1768 2215 odio,

345 2252 404 2330 vel
423 2252 624 2358 temporali
644 2253 847 2330 commodo
873 2251 1004 2328 habito
1023 2252 1083 2329 vel
1104 2251 1296 2340 habendo,
1322 2250 1518 2357 respondit
1538 2229 1642 2357 quod
1668 2279 1767 2344 non,

345 2381 413 2459 sed
426 2411 494 2488 pro
514 2384 668 2460 veritate
684 2382 860 2476 dicenda3
879 2382 939 2459 cui
955 2381 1027 2459 suit
1046 2381 1259 2490 injunctum
1274 2382 1376 2488 quod
1390 2410 1466 2459 non
1477 2381 1659 2459 revelaret
1673 2383 1770 2460 hanc

345 2541 451 2589 suam
468 2511 766 2621 deposicionem‚
782 2540 982 2620 quousque
999 2512 1258 2590 attestacionas
1272 2510 1415 2590 fuerint
1425 2511 1634 2618 publicate;
1648 2528 1686 2589 et
1700 2512 1771 2590 luit

341 2659 571 2749 protestatus
590 2644 694 2720 idem
716 2645 821 2721 testis
841 2645 880 2719 in
903 2642 1143 2749 deposicione
1163 2671 1230 2721 sua
1251 2642 1416 2747 predicta
1427 2641 1533 2749 qnod
1553 2671 1631 2720 non
1652 2643 1770 2721 inten-

345 2771 457 2849 debat
466 2773 646 2851 recedere
660 2773 933 2879 adeposicione
951 2771 1041 2849 alias
1058 2800 1127 2879 per
1141 2772 1266 2878 ipsum
1279 2771 1374 2850 facta
1390 2800 1516 2850 coram
1532 2772 1633 2850 dicto
1649 2771 1770 2850 domi-

344 2931 394 2978 no
411 2903 693 3010 archiepiscopo
713 2905 900 2983 llemensi.

398 3171 526 3247 Frater
557 3171 689 3247 Petrus
717 3169 764 3247 de
796 3171 908 3248 Siveu
933 3160 1130 3276 presbiter.
1157 3171 1431 3249 Bisuntinensis
1463 3171 1639 3262 diocesis,
1666 3171 1770 3247 testis

342 3322 474 3403 suprau-
477 3299 645 3405 juratus,
672 3297 919 3407 quadraginta
939 3328 1125 3378 annorum
1145 3284 1204 3378 vel
1231 3301 1343 3390 circa,
1373 3301 1599 3379 mantellum
1626 3301 1771 3380 ordinis

342 3419 546 3511 defferens,
565 3456 651 3504 cum
671 3457 749 3535 quo
771 3429 974 3536 inquisitus
993 3428 1126 3521 luerat,
1148 3429 1344 3508 absolutus
1365 3447 1404 3509 et
1423 3431 1686 3510 reconciliatus
1702 3458 1771 3538 per

343 3557 542 3634 dominum
562 3558 885 3667 archiepiscopum
904 3562 1181 3647 Turonenscm,
1197 3559 1303 3638 lectis
1317 3576 1355 3638 et
1375 3559 1576 3670 diligenter
1595 3563 1771 3668 expositis

342 3686 414 3764 sibi
434 3687 612 3763 omnibus
631 3704 669 3764 et
687 3688 844 3797 singulis
864 3689 1042 3778 articulis,
1059 3688 1257 3798 respondit
1277 3719 1315 3769 sc
1336 3691 1493 3779 nescire,
1511 3718 1582 3769 nec
1600 3691 1767 3779 credere,

343 3843 416 3894 nec
427 3814 608 3896 audivis'se
618 3817 691 3894 dici
703 3819 751 3896 de
764 3820 951 3898 contentis
965 3820 1006 3896 in
1027 3821 1081 3898 eis
1099 3821 1174 3898 nisi
1188 3821 1294 3928 quod
1314 3821 1498 3928 sequitur,
1517 3820 1769 3927 quianullum

342 3945 459 4023 alium
476 3946 620 4023 viderat
637 3949 751 4054 recipi
773 3950 813 4026 in
831 3949 983 4038 ordine,
1004 3978 1075 4026 uec
1093 3949 1316 4028 interfuerat
1334 3950 1575 4058 generalibus
1594 3949 1769 4057 capitulis

342 4076 578 4154 eorumdem.
599 4077 681 4184 lpse
699 4096 828 4155 autem
847 4095 1022 4185 receptus
1041 4078 1164 4158 luerat
1182 4080 1223 4156 in
1236 4079 1377 4188 capella
1391 4080 1528 4160 domus
1546 4080 1699 4186 Templi
1719 4080 1768 4158 de

343 4203 439 4284 salis
459 4207 558 4284 dicte
580 4207 740 4285 diocesis
757 4207 1044 4301 bisuntinensis,
1065 4209 1105 4285 in
1129 4209 1271 4288 octabis
1290 4209 1374 4288 lesti
1394 4210 1495 4288 beati
1517 4211 1667 4289 Martini
1689 4210 1771 4287 hie·

341 4336 449 4414 malis
468 4338 641 4445 proximo
662 4339 831 4444 preteriti
856 4337 1012 4417 luerunt
1035 4367 1172 4417 novem
1193 4340 1282 4417 anni
1306 4341 1365 4418 vel
1384 4341 1497 4432 circa,
1525 4369 1594 4447 per
1615 4339 1769 4418 fratrem

344 4464 545 4543 Ricardum
563 4463 610 4542 de
626 4468 831 4545 Bntoncort
844 4466 1021 4556 militem,
1039 4486 1298 4575 preceptorem
1313 4471 1411 4549 dicte
1427 4473 1581 4562 domus,
1598 4471 1646 4547 de
1660 4469 1771 4578 cujus

344 4594 417 4670 rita
441 4594 497 4670 vel
520 4610 641 4672 morte
668 4626 746 4675 non
771 4597 886 4676 babet
910 4598 1195 4691 certitudinem,
1218 4602 1457 4707 presentibus
1474 4600 1654 4678 fratribus
1670 4602 1770 4681 Lau·

344 4724 472 4802 rencio
496 4723 542 4801 de
563 4725 693 4820 Belua,
715 4727 790 4806 alio
816 4730 918 4808 dicto
943 4730 991 4807 de
1015 4731 1216 4840 Bratanay,
1238 4732 1402 4811 Henrico
1424 4731 1533 4840 cujus
1557 4756 1769 4841 cognomen

344 4857 505 4964 ignorat,
521 4855 781 4947 servientibus,
793 4855 1018 4944 ctGuitlone
1030 4861 1077 4939 de
1091 4864 1323 4941 Bootencort
1340 4862 1477 4955 milite,
1492 4860 1767 4952 detruncastis
