4236 5948
737 528 934 619 esoces
960 547 1055 619 nus
1080 547 1378 621 teupernus.
1695 553 1770 626 sos

350 687 539 765 osculatus
558 685 630 762 tuit
644 686 787 764 dictum
807 688 1050 794 recipientem
1070 706 1107 765 et
1121 688 1213 767 alios
1237 707 1429 794 presentes
1454 691 1494 766 in
1514 719 1591 768 ore.
1608 692 1772 770 Interro-

348 835 454 924 gatus
468 812 517 895 de
536 815 617 894 eliis
636 819 815 908 articulis,
839 819 931 897 dixit
949 847 1018 925 per
1033 820 1291 927 juramentum
1312 848 1422 897 suum
1439 821 1543 928 quod
1557 821 1673 899 nichil
1692 824 1772 899 scit.

404 1080 498 1155 ltem
523 1076 636 1156 freter
659 1080 783 1156 Droco
804 1079 851 1155 de
873 1080 1027 1158 Vivariis
1051 1097 1174 1158 custos
1199 1081 1334 1158 domus
1356 1081 1403 1157 de
1430 1082 1658 1172 Barberone‚
1688 1083 1771 1161 loco

347 1209 593 1316 preceptoris‚
617 1209 724 1286 etatis
743 1210 987 1316 qrradraginta
1002 1239 1185 1289 annorum
1196 1212 1254 1289 vel
1270 1212 1380 1300 circa,
1404 1212 1539 1289 eodem
1553 1212 1668 1291 modo
1684 1242 1773 1292 con-

350 1339 518 1428 stitutus,
533 1340 679 1447 juratus
707 1358 745 1416 et
766 1341 1029 1449 interrogatus,
1056 1343 1150 1419 dixit
1170 1371 1240 1448 per
1257 1343 1516 1450 juramentum
1537 1371 1648 1421 suum
1669 1346 1772 1450 quod

344 1488 521 1576 receptus
533 1467 606 1547 suit
618 1471 657 1546 in
668 1471 782 1548 domo
792 1472 941 1578 Templi
960 1473 1008 1548 de
1018 1473 1197 1561 Pruviuo,
1209 1500 1256 1550 xx
1269 1473 1358 1550 anni
1367 1472 1428 1550 vel
1438 1474 1533 1549 circa
1542 1489 1630 1550 sunt
1640 1473 1769 1580 elapsi,

346 1626 415 1706 per
446 1599 596 1677 fratrem
624 1600 833 1680 Gerendum
865 1602 1123 1709 presbyterum
1150 1620 1187 1680 et
1209 1621 1467 1709 preceptorem
1492 1603 1591 1680 dicte
1619 1604 1769 1696 domus,

346 1731 583 1834 presentibus
609 1731 719 1809 fratre
744 1730 962 1810 Godeli’edo
981 1751 1200 1840 preceptore
1232 1735 1329 1812 dicte
1353 1734 1501 1811 ballivie
1530 1733 1614 1810 loco
1652 1734 1772 1812 fratris

348 1860 531 1967 Amulpbi
547 1862 594 1938 dc
615 1862 860 1952 Woisemele‚
883 1881 921 1940 et
940 1863 1051 1940 lratre
1071 1864 1230 1971 Hugone
1246 1881 1437 1970 receptore
1455 1864 1596 1943 telonei
1615 1864 1701 1942 ville
1723 1865 1769 1943 de

348 1991 525 2080 Pruvino‚
548 2009 586 2069 et
605 1992 830 2099 quibusdam
851 1993 931 2070 eliis
943 1995 990 2070 de
1006 2023 1169 2101 quorum
1181 1995 1397 2072 nominibus
1417 2023 1493 2071 non
1512 1994 1655 2072 recolit.
1671 1996 1772 2072 Dixit

348 2122 465 2197 eciem
485 2150 553 2228 per
567 2123 825 2228 juramentum
845 2152 955 2200 suum
977 2124 1097 2231 quod,
1124 2142 1208 2229 post
1227 2123 1364 2202 multas
1383 2124 1650 2229 promissiones
1664 2126 1771 2201 abeo

347 2249 459 2328 factes
492 2252 539 2328 de
565 2255 710 2330 statutis
731 2254 969 2332 observandis
994 2273 1032 2330 et
1055 2257 1205 2332 secretis
1233 2255 1322 2332 dicti
1346 2253 1493 2365 'ordinis
1515 2254 1769 2344 observandis,

348 2382 470 2458 dietus
496 2384 680 2488 recipiens
706 2383 871 2460 ostendit
895 2385 965 2461 sibi
986 2385 1187 2489 quamdam
1214 2414 1364 2462 crucem
1394 2412 1541 2489 parvam
1563 2385 1707 2490 nigram
1725 2385 1771 2461 de

347 2511 469 2617 ligno,
489 2529 527 2590 et
540 2514 671 2618 petivit
682 2514 727 2591 ab
739 2542 785 2591 eo
801 2533 928 2591 utrum
943 2514 1114 2591 crederet
1128 2516 1166 2590 in
1180 2542 1308 2603 cruce3
1324 2531 1362 2591 et
1376 2516 1455 2619 ipse
1470 2514 1562 2590 dixit
1577 2531 1614 2589 et
1625 2541 1773 2618 respon·

351 2641 407 2718 dit
417 2643 523 2749 quod
535 2644 633 2720 bene
653 2644 830 2721 credebat
844 2645 883 2719 in
899 2672 986 2723 eum
998 2645 1065 2750 qui
1076 2672 1204 2750 passus
1218 2643 1338 2721 suerat
1357 2645 1395 2719 in
1415 2671 1524 2720 cruce
1539 2670 1608 2749 pro
1621 2642 1771 2719 redem-

347 2773 480 2876 pcione
502 2791 637 2851 nostra.
664 2775 710 2851 Et
727 2792 817 2850 tunc
834 2773 913 2879 ipse
933 2773 1100 2880 precepit
1118 2772 1189 2849 sibi
1209 2773 1313 2878 quod
1333 2773 1534 2879 abnegaret
1559 2800 1706 2848 crucem
1735 2792 1772 2849 et

347 2903 584 2994 crucifixum3
604 2921 641 2980 et
656 2905 734 3009 ipse
761 2904 852 2979 dixit
870 2904 973 3010 quod
993 2931 1069 2981 non
1084 2903 1230 2980 faceret.
1253 2905 1301 2980 Et
1324 2920 1417 2979 tunc
1443 2902 1565 2980 dictus
1588 2904 1771 3007 recipiens

347 3030 439 3109 dixit
458 3034 530 3110 sibi
553 3066 560 3108 :
583 3035 731 3140 «Spuas
754 3063 863 3141 supro
893 3063 1063 3122 crucem,
1095 3034 1183 3139 quia
1207 3034 1343 3110 modus
1369 3049 1425 3109 est
1454 3048 1492 3109 et
1513 3061 1604 3110 usus
1628 3033 1771 3109 ordinis

347 3162 513 3252 nostrin
536 3182 574 3241 et
591 3183 682 3241 tunc
702 3167 782 3271 ipse
801 3165 944 3274 fingens
963 3193 1096 3270 spuere
1116 3192 1226 3270 supra
1247 3192 1412 3251 crucem,
1435 3163 1536 3269 spuit
1554 3163 1602 3240 ad
1620 3181 1768 3240 terrem.

345 3291 445 3369 Dixit
472 3312 510 3371 et
536 3324 605 3400 per
626 3296 884 3403 juramentum
911 3325 1022 3374 suum
1046 3295 1150 3403 quod
1175 3296 1418 3402 postmodum
1440 3295 1562 3372 dictus
1586 3295 1770 3400 recipiens

344 3425 452 3499 traxit
468 3452 556 3502 eum
572 3426 620 3501 ad
633 3427 834 3532 quamdam
849 3445 1010 3533 partem,
1028 3444 1080 3514 et,
1100 3425 1290 3503 sublevate
1304 3443 1404 3503 veste
1419 3452 1501 3511 sua,
1516 3423 1603 3502 lecit
1612 3453 1651 3502 se
1665 3453 1771 3501 oscu-

344 3551 411 3628 lari
432 3554 479 3630 ab
500 3582 545 3630 eo
561 3555 600 3629 in
621 3557 801 3632 umbilico
822 3574 858 3632 et
875 3574 1003 3662 postea
1022 3558 1061 3631 in
1082 3584 1158 3632 ore.
1179 3557 1393 3662 Requisitus
1409 3573 1536 3632 utmm
1551 3555 1685 3632 viderit
1704 3557 1770 3631 ali-

343 3711 458 3789 quem
473 3683 589 3786 recipi
602 3682 641 3755 in
651 3683 752 3759 dicto
768 3685 903 3760 ordine
914 3745 923 3773 ‚
936 3685 1029 3760 dixit
1040 3713 1109 3789 per
1115 3687 1371 3791 juramentum
1387 3686 1491 3792 quod
1503 3686 1556 3761 sic
1567 3685 1667 3789 apud
1677 3685 1770 3764 Che-

343 3829 510 3899 nutum,
533 3812 674 3888 scilicet
692 3812 846 3889 fratrem
862 3814 1043 3891 iacobum
1058 3815 1105 3891 de
1120 3814 1336 3903 Chamerot‚
1366 3843 1435 3921 per
1453 3815 1604 3893 fratrem
1630 3816 1770 3893 Radal-

343 3942 464 4046 phum
485 3942 533 4017 de
551 3938 630 4020 Gisi
651 3959 883 4049 receptorem
903 3943 1121 4050 Campanie3
1145 3961 1182 4020 et
1205 3944 1299 4022 vidit
1320 3943 1425 4049 quod
1444 3944 1565 4022 dictus
1586 3945 1768 4071 recipiens

343 4072 452 4149 traxit
471 4101 558 4150 eum
578 4091 678 4150 retro
699 4073 830 4162 altare,
847 4075 915 4151 sed
933 4072 1155 4179 nescitquid
1181 4073 1270 4150 fecit
1293 4073 1362 4148 sibi
1383 4071 1477 4150 lieri.
1497 4074 1627 4153 Credit
1641 4076 1766 4150 tumen
1817 4132 1836 4165 ,.

286 4281 289 4288 ,
344 4203 448 4307 quod
462 4202 574 4280 simili
588 4204 705 4280 modo
720 4231 808 4280 eum
822 4204 1036 4310 recepisset
1056 4203 1270 4311 Requisitus
1286 4221 1413 4281 utrum
1427 4205 1479 4293 vi,
1498 4205 1556 4281 vel
1572 4220 1677 4281 metu
1690 4221 1768 4281 tor·
1805 4211 1811 4225 ‘

343 4351 556 4410 mentorum
576 4352 641 4410 aut
660 4322 829 4424 carcerisi
856 4363 924 4411 seu
942 4334 1067 4440 aliqua
1078 4336 1133 4412 de
1152 4363 1276 4422 causa,
1299 4335 1462 4441 aliquam
1481 4334 1678 4413 falsitatem
1695 4335 1767 4411 im-

344 4465 532 4540 miscuerit
543 4466 581 4539 in
596 4465 833 4570 deposicione
848 4496 925 4554 sue,
939 4484 1001 4543 aut
1014 4467 1203 4544 veritatem
1216 4467 1384 4554 tacuerit,
1398 4466 1490 4543 dixit
1500 4494 1569 4573 per
1574 4468 1768 4575 juramen·

341 4609 423 4669 tum
436 4623 549 4670 suum
563 4597 668 4701 quod
685 4625 777 4687 non;
795 4599 913 4676 immo
928 4626 1059 4704 puram
1075 4598 1266 4674 veritatem
1282 4596 1423 4675 dixerat
1434 4626 1504 4704 pro
1516 4598 1632 4676 salute
1643 4598 1766 4673 anime

341 4751 418 4801 sue.
