4236 5948
368 522 436 595 rsa
551 474 555 479 ’
750 509 1460 600 rnocnsnesrsnrnrsns.·

363 665 547 742 Cordulas
575 664 673 741 unde
701 664 874 743 volebant
899 683 1106 772 assumptas
1133 667 1332 774 portabant
1351 699 1468 777 super
1505 672 1673 750 camisias
1698 698 1785 752 cum

362 795 500 900 quibus
515 794 702 903 jacebant.
727 797 859 876 Credit
878 797 982 903 quod
1003 797 1167 903 predicta
1192 798 1320 877 illicita
1335 799 1456 883 lacere
1476 820 1705 895 recusantes,
1727 806 1785 883 vel

362 955 404 1001 ea
419 947 485 1004 aut
503 945 642 1006 secreta
657 928 923 1035 capituliorum
943 927 1165 1020 revelantes,
1185 930 1356 1039 graviter,
1379 932 1447 1009 sed
1471 933 1589 1010 nescit
1607 933 1783 1040 qualiter,

363 1059 484 1162 puniti
505 1057 673 1137 luissent.
696 1058 849 1164 Absque
870 1059 1025 1136 licencia
1052 1086 1128 1135 non
1151 1077 1324 1167 poterant
1343 1061 1425 1139 aliis
1445 1093 1558 1169 qnam
1581 1066 1785 1152 sacerdoti·

361 1190 432 1267 bns
458 1190 600 1267 ordinis
631 1189 816 1267 confiteri.
851 1191 999 1267 Fratres
1022 1218 1129 1294 quos
1156 1190 1283 1268 credit.
1311 1192 1458 1271 scivisse
1488 1194 1610 1273 dictos
1638 1224 1785 1278 errores

362 1321 594 1429 negligentes
614 1319 782 1408 luerunt,
811 1319 899 1426 quia
918 1349 996 1397 non
1013 1338 1256 1398 correxerunt
1277 1349 1344 1400 eos
1364 1351 1434 1400 neo
1459 1324 1785 1408 denunciaverunt

360 1450 535 1529 Ecclesie.
568 1453 609 1529 In
640 1450 819 1529 domibus
844 1435 992 1529 ordinis
1023 1451 1229 1558 inquibus
1250 1452 1385 1543 ..extitit
1412 1473 1666 1535 commoratus
1690 1460 1784 1538 vidit

360 1582 584 1660 elemosinas
605 1601 641 1659 et
659 1581 951 1688 hospitalitatem
972 1583 1238 1658 convenienter
1257 1581 1339 1668 lieri
1361 1598 1399 1659 et
1417 1585 1570 1675 servari3
1599 1604 1638 1664 et
1663 1591 1783 1668 semel

361 1716 398 1789 in
422 1716 557 1793 Monte
571 1714 773 1791 Pessulano
794 1712 1018 1819 capitulum,
1040 1731 1125 1818 post
1143 1713 1308 1791 medinm
1328 1732 1493 1805 noctem,
1516 1744 1694 1797 sermone
1716 1748 1784 1827 per

360 1875 479 1924 unurn
508 1845 744 1954 religiossum
772 1843 883 1933 facto,
912 1844 1008 1920 clam
1034 1871 1102 1950 per
1126 1841 1277 1921 fratrem
1309 1846 1516 1950 quemdam
1540 1848 1783 1928 Rossolintsm

360 1977 478 2054 teneri
487 2010 500 2067 ,·
514 1977 641 2086 januis
667 1976 817 2064 clausis,
839 1973 955 2051 nullis
976 1973 1215 2080 presentibus
1244 1973 1316 2065 nisi
1342 1973 1519 2053 fratribus
1536 1977 1691 2057 ordinis
1719 2011 1785 2058 an-

360 2109 507 2195 tedicti,
529 2108 568 2183 in
593 2123 879 2213 quo-servatum
909 2105 1041 2184 luisset
1062 2106 1169 2212 quod
1197 2133 1356 2213 magnus
1387 2107 1564 2214 Magister
1589 2137 1674 2187 orm
1693 2137 1785 2193 oon·

360 2257 473 2317 ventu
506 2239 706 2316 statuisset.
741 2238 883 2316 Contra
913 2266 1032 2343 quem
1058 2236 1235 2315 ordinem
1268 2262 1369 2314 nunc
1403 2239 1559 2345 grandia
1589 2242 1782 2334 scandala,

359 2371 583 2476 suspiciost
606 2366 760 2446 infamia
786 2384 1037 2457 suntcredo,
1066 2384 1257 2446 erenum
1280 2395 1394 2475 quem
1426 2370 1569 2448 audivit
1600 2371 1673 2448 dici
1704 2402 1784 2453 mn-

358 2524 475 2608 gnum
498 2501 717 2609 Magistrum
743 2518 780 2579 et
798 2499 896 2577 alios
916 2499 1042 2608 aliqua
1066 2499 1179 2577 luisse
1206 2497 1411 2587 molosson
1432 2500 1612 2608 adeujus
1637 2503 1783 2583 ordinis

361 2629 636 2711 deffensionem
652 2660 694 2709 se
713 2631 1010 2709 nonobtnlerat.

415 2762 629 2866 Retprisitus
654 2761 687 2838 si
718 2762 773 2838 sic
789 2762 1034 2869 deposuerat.
1054 2782 1185 2869 prece.
1214 2779 1413 2870 precepto,
1446 2762 1599 2850 timore,
1633 2780 1779 2854 amore,

379 2891 483 2979 odio,
513 2891 570 2968 vel
587 2892 787 2999 temporali
806 2893 978 2971 'comodo
1008 2892 1138 2971 habito
1158 2893 1218 2973 rel
1240 2894 1429 2984 habendo,
1447 2893 1660 3000 respondit,
1674 2897 1782 3001 quod

357 3050 449 3114 non,
466 3022 533 3098 sed
547 3050 615 3129 pro
635 3024 787 3101 veritate
804 3023 981 3112 dicenda3
1002 3023 1061 3098 cni
1080 3021 1152 3099 suit
1166 3023 1496 3132 injunctumquod
1508 3052 1585 3102 non
1601 3026 1784 3105 revelaret

357 3154 452 3232 hanc
473 3181 579 3233 suam
600 3154 903 3262 deposicionem‚
923 3174 1124 3263 quousque
1144 3156 1405 3235 attostnciones
1422 3156 1563 3234 luerint
1576 3157 1779 3264 publicare.

413 3434 541 3513 Frater
557 3434 688 3512 Petrus
702 3434 865 3515 Gotandi
886 3452 1083 3540 preceptor
1102 3434 1239 3511 domus
1263 3435 1311 3513 de
1341 3434 1376 3512 la
1395 3436 1587 3515 Gamlaria
1619 3437 1783 3519 (fiemus

357 3567 634 3655 Ruthe‘ttensis,.
651 3564 830 3658 serviens,
856 3565 965 3643 testis
992 3592 1107 3672 supin
1127 3565 1293 3673 juratus,
1320 3560 1543 3643 mantellum
1565 3584 1603 3644 et
1621 3567 1780 3647 barbam

358 3696 558 3786 defferens,
583 3696 929 3805 quinquagenarius
955 3696 1014 3773 vel
1034 3696 1147 3786 circa,
1179 3721 1265 3773 cum
1291 3702 1370 3802 qno
1396 3696 1619 3804 inquisitum
1639 3696 1778 3789 luem,

356 3827 550 3906 absolutus
565 3845 606 3905 et
630 3816 893 3907 reconciliatus
914 3855 984 3934 per
1003 3827 1201 3905 dominum
1225 3826 1446 3934 episcopum
1474 3828 1776 3917 Ruthenensetn‚

356 3960 627 4065 protestacione
658 3959 839 4067 premissa
864 3958 969 4066 quod
999 3985 1078 4036 non
1095 3957 1259 4036 intendit
1282 3958 1505 4035 recedere'a
1534 3958 1778 4066 deposicione

354 4119 421 4196 per
440 4120 530 4169 oum
551 4088 646 4168 lacta
667 4088 792 4169 cor'am
814 4090 914 4169 dieto
935 4090 1090 4167 domino
1108 4088 1301 4195 episcopo,
1319 4087 1425 4167 lectis
1442 4106 1481 4166 et
1500 4088 1702 4197 diligenter
1720 4119 1782 4169 ex·

353 4222 484 4326 positis
504 4222 575 4299 sibi
601 4222 780 4300 omnibns
801 4239 839 4298 et
856 4221 1016 4330 singulis
1035 4220 1220 4309 articulis,
1241 4220 1439 4327 respondit
1457 4247 1497 4298 se
1515 4219 1680 4311 nemine,
1709 4246 1779 4300 nee

354 4351 526 4444 credere,
548 4379 619 4430 nec
636 4351 822 4431 audivisse
852 4351 926 4430 dici
951 4351 1000 4427 de
1026 4350 1212 4429 contentis
1232 4349 1272 4426 in
1293 4351 1347 4428 eis
1373 4350 1444 4428 nisi
1466 4349 1572 4457 quod
1591 4349 1777 4458 sequitur.

354 4485 455 4561 Dixit
468 4508 608 4591 nempe
624 4486 677 4562 'se
698 4481 909 4561 et·fratrem
928 4484 1192 4592 Raymundum
1213 4482 1402 4560 Bernandi
1424 4483 1667 4573 servientem,
1687 4483 1777 4561 nio-

354 4615 446 4692 cesis
464 4614 714 4706 Lodovensis,
740 4613 933 4722 quondam
954 4613 1067 4692 luisse
1090 4630 1261 4720 receptos
1279 4611 1320 4689 in
1340 4612 1481 4719 capella
1503 4612 1641 4691 domus
1659 4615 1778 4692 Tem·

353 4743 406 4849 pli
425 4745 560 4822 Sancte
590 4744 734 4822 Eulalia
761 4745 859 4823 dicte
887 4740 1061 4833 diocesis,
1095 4760 1220 4821 octava
1254 4744 1317 4821 die
1350 4752 1437 4849 post
1465 4745 1608 4821 instans
1629 4741 1776 4823 festum

353 4876 590 4954 Pentecoste's
610 4892 722 4951 ernnt
740 4874 888 4952 dirciter
903 4888 980 4953 tunt
998 4875 1101 4962 anni,
1125 4894 1194 4980 per
1216 4873 1367 4951 fratrem
1388 4875 1776 4983 Petr'mnllaymnndi
