4236 5948
731 524 926 617 esoces
952 546 1046 618 ons
1073 548 1372 625 'retrectans
1686 554 1760 623 ars

340 683 434 759 male
450 682 639 772 credebat,
664 701 701 758 et
719 706 964 791 preceperunt
982 691 1084 793 quod
1104 691 1302 799 abnegaret
1320 690 1509 771 Christum
1524 723 1533 779 ς
1555 692 1658 795 quod
1677 691 1762 767 lecit.

340 833 406 903 ter,
429 830 466 890 et
483 832 541 890 ter
559 814 659 918 spuit
677 842 785 918 supra
805 846 968 909 crucem,
989 819 1227 901 demandato
1250 850 1392 900 eorum.

395 947 488 1020 ltem
510 942 601 1019 dixit
620 973 686 1048 per
698 945 955 1051 juramentum
977 978 1086 1026 suum
1112 954 1215 1057 quod
1236 953 1442 1058 injunctum
1470 948 1541 1025 luit
1567 949 1637 1025 sibi
1659 950 1763 1056 quod

340 1076 540 1153 abstineret
567 1102 606 1152 se
636 1076 788 1152 omnino
819 1106 840 1153 a
872 1078 1107 1170 mulieribus,
1139 1084 1206 1158 sed
1233 1083 1408 1159 audacter
1433 1080 1688 1157 commisceret
1723 1110 1761 1156 se

340 1236 423 1283 cum
448 1205 622 1283 tratribus
642 1206 734 1295 suis,
763 1222 799 1283 et
826 1205 899 1284 hoc
918 1226 1107 1312 pateretur
1125 1211 1171 1288 ab
1202 1212 1281 1289 aliis
1305 1211 1491 1290 fratribus.
1514 1213 1763 1315 Interrogatus

342 1339 387 1416 de
402 1338 543 1427 osculo,
558 1338 650 1414 dixit
659 1366 725 1443 per
731 1339 985 1444 juramentum
1000 1372 1109 1418 suum
1124 1345 1226 1449 quod
1241 1343 1425 1420 osculatus
1439 1341 1510 1418 luit
1520 1342 1760 1445 recipientem

340 1470 377 1545 in
390 1468 570 1546 umbilico
584 1469 670 1544 etin
685 1496 749 1544 ore
765 1468 901 1545 solum.
923 1473 1135 1576 Requisitus
1156 1475 1266 1550 etiam
1287 1493 1412 1550 utrum
1425 1474 1476 1560 vi,
1494 1472 1552 1548 vel
1567 1490 1671 1547 metu
1687 1489 1763 1546 tor-

340 1617 549 1677 mentorum
570 1599 626 1675 vel
644 1599 810 1687 carceris,
830 1617 893 1676 aut
913 1600 1036 1707 aliqua
1057 1603 1125 1679 alia
1146 1632 1263 1690 causa,
1279 1606 1317 1679 in
1333 1602 1571 1709 deposicione
1583 1630 1650 1677 sua
1670 1601 1762 1675 dixit

340 1729 549 1818 salsitatem,
577 1728 666 1804 dixit
691 1757 758 1834 per
777 1730 1032 1836 juramentum
1058 1763 1166 1810 suum
1189 1734 1293 1839 quod
1313 1761 1406 1819 nom
1433 1734 1550 1841 immo
1571 1759 1702 1838 puram
1726 1748 1763 1805 et

341 1889 481 1938 meram
502 1859 643 1937 dixerat
662 1860 864 1938 veritatem.

396 2127 489 2200 ltem
516 2124 627 2201 frater
651 2126 836 2202 lohannes
858 2127 973 2205 Ducis
998 2127 1044 2204 de
1068 2128 1293 2204 Taverniaco
1322 2144 1520 2233 preceptor
1552 2126 1688 2201 domus
1714 2127 1762 2200 de

340 2256 490 2343 lariaco,
514 2257 619 2334 etatis
638 2256 905 2362 quinquaginta
922 2286 1102 2335 annorum
1123 2258 1181 2335 vel
1198 2259 1309 2347 circa,
1332 2259 1466 2336 eodem
1488 2256 1603 2333 modo
1619 2255 1763 2361 juratus

342 2384 436 2463 dese
452 2402 489 2461 et
504 2383 583 2462 aliis
596 2386 634 2461 in
645 2415 752 2463 causa
765 2385 854 2462 [idei
870 2387 993 2463 dicere
1008 2391 1217 2479 veritatem,
1230 2406 1267 2464 et
1279 2388 1525 2493 interrogatus
1534 2387 1581 2461 de
1594 2401 1763 2490 tempore

341 2514 499 2591 etmodo
514 2516 744 2621 recepcionis
754 2546 838 2606 sue,
851 2519 942 2594 dixit
954 2547 1022 2623 per
1032 2519 1287 2624 juramentum
1295 2544 1406 2594 suum
1419 2515 1523 2623 quod
1533 2515 1659 2621 viginti
1678 2533 1762 2593 octo

341 2644 425 2720 anni
452 2662 538 2722 sunt
563 2644 675 2751 elapsi
696 2648 798 2752 quod
821 2647 892 2724 suit
917 2665 1087 2754 receptus
1110 2649 1270 2725 Parisius
1295 2677 1362 2753 per
1386 2646 1591 2753 quemdam
1613 2642 1762 2721 fratrem

341 2793 506 2852 vocatum
533 2776 759 2852 Monachum
781 2777 920 2865 Gaudi,
947 2798 1203 2885 preceptorem
1229 2796 1326 2855 terre
1354 2776 1609 2864 ultramarino,
1639 2791 1676 2850 et
1702 2775 1763 2851 illa

342 2905 489 3011 dieque
508 2905 579 2982 luit
595 2924 765 3012 receptus
780 2907 929 2984 luerunt
948 2909 1086 3015 recepti
1102 2907 1315 3013 quindecim
1332 2907 1463 2984 fratres
1482 2934 1568 2982 cum
1588 2933 1645 2982 eo.
1664 2905 1764 2981 Dixit

341 3037 455 3113 eciam
464 3066 533 3142 per
539 3037 796 3142 juramentum
808 3066 919 3115 suum
928 3039 1032 3145 quod
1044 3038 1108 3115 ille
1118 3038 1182 3145 qui
1195 3038 1335 3145 recepit
1348 3066 1436 3114 eum
1444 3052 1529 3142 post
1536 3034 1672 3112 multas
1682 3064 1763 3140 pro-

341 3166 535 3245 missiones
546 3166 657 3242 laetas
669 3167 717 3243 de
728 3168 871 3244 statutis
891 3185 928 3245 et
948 3168 1028 3245 aliis
1042 3169 1289 3246 observanciis
1304 3167 1394 3244 dicti
1409 3167 1552 3244 ordinis
1566 3165 1763 3243 observan-

341 3297 415 3387 dis,
432 3297 614 3402 recipiens
624 3296 711 3373 lecit
719 3298 789 3374 sibi
803 3299 962 3404 aportari
971 3328 1090 3376 unum
1102 3299 1250 3377 missale
1264 3326 1461 3406 superque
1472 3295 1609 3405 juravit
1619 3324 1763 3371 servare

340 3426 506 3532 predicta
521 3443 653 3503 statuta
665 3444 702 3503 et
717 3427 987 3518 observancias3
1004 3430 1130 3535 posuit
1143 3428 1363 3506 mantellum
1377 3429 1424 3504 ad
1436 3426 1576 3504 collum
1585 3454 1711 3518 suum,
1728 3443 1765 3502 et

340 3556 508 3661 peciitab
526 3585 571 3633 eo
587 3575 712 3633 utrum
726 3557 894 3645 crederet
908 3559 947 3633 in
960 3560 1114 3637 Jhesum
1130 3559 1336 3650 Christum,
1353 3559 1459 3666 cujus
1469 3559 1591 3663 imago
1609 3575 1685 3632 erat
1700 3557 1765 3632 de-

341 3687 436 3791 picta
456 3688 496 3762 iu
512 3687 612 3765 dicto
624 3687 781 3775 missali,
799 3687 927 3794 etipse
943 3689 1135 3794 respondit
1149 3689 1253 3795 quod
1268 3688 1335 3779 sic,
1351 3705 1388 3764 et
1399 3706 1487 3763 tunc
1501 3685 1588 3763 fecit
1606 3715 1692 3762 eum
1705 3686 1765 3761 ah-

342 3845 476 3927 negare
488 3820 574 3894 terJ
578 3819 711 3894 hesum
727 3817 937 3911 Christum,
953 3836 990 3894 et
1004 3848 1138 3925 spuere
1153 3836 1212 3896 ter
1229 3846 1340 3925 super
1355 3847 1516 3895 crucem.
1532 3817 1631 3894 Dicit
1648 3817 1763 3892 eciam

342 3974 408 4052 per
422 3948 679 4053 juramentum
699 3977 808 4025 suurn
823 3948 926 4055 quod
942 3947 1043 4025 idem
1063 3950 1244 4056 recipiens
1263 3949 1429 4054 precepit
1448 3947 1550 4053 quod
1565 3945 1764 4022 abstineret

343 4104 382 4154 se
397 4078 550 4155 omnino
571 4107 591 4153 a
609 4078 846 4166 mulieribus,
867 4096 904 4155 et
922 4079 953 4154 si
974 4079 1172 4186 indigeret,
1195 4095 1338 4185 poterat
1356 4107 1395 4155 se
1416 4076 1656 4153 commiscere
1678 4100 1763 4148 cum

342 4203 514 4283 fratribus
529 4207 623 4297 suis,
641 4227 677 4284 et
690 4208 764 4286 hoc
778 4208 880 4284 idem
892 4225 1083 4315 pateretur
1097 4208 1144 4287 de
1159 4209 1242 4286 aliis
1254 4207 1440 4285 fratribus.
1457 4209 1704 4311 Interrogatus
1715 4204 1762 4279 de

343 4338 460 4442 capite
474 4337 520 4413 de
536 4365 613 4443 quo
628 4367 738 4445 supra
752 4337 795 4413 fit
809 4339 971 4431 mencio,
982 4339 1075 4416 dixit
1086 4369 1155 4445 per
1164 4341 1420 4448 juramentum
1434 4366 1545 4415 suum
1557 4333 1661 4441 quod
1673 4333 1764 4408 vidit

342 4465 438 4543 illud
455 4494 517 4543 sex
535 4467 675 4545 vicibus
689 4470 727 4544 in
741 4497 804 4545 sex
816 4469 1001 4573 capitulis,
1020 4488 1058 4547 et
1071 4469 1246 4547 adoravit.
1262 4469 1477 4575 Requisitus
1491 4495 1559 4573 per
1572 4465 1766 4572 juramen-

341 4613 423 4674 tum
438 4627 547 4674 suum
557 4599 619 4705 qui
634 4599 967 4705 tenebatcapitula‚
983 4600 1074 4678 dixit
1083 4631 1151 4707 per
1159 4602 1417 4709 juramentum
1425 4627 1534 4676 suum
1542 4597 1647 4704 quod
1654 4593 1766 4672 frater

343 4727 386 4807 G.
402 4727 448 4805 de
460 4728 650 4836 Bellojoco
664 4748 753 4807 tunc
765 4729 951 4835 Magister,
969 4749 1007 4808 et
1021 4731 1133 4809 scater
1144 4732 1252 4838 Hugo
1271 4730 1319 4807 de
1339 4729 1504 4807 Parando
1523 4727 1763 4835 aliquociens.

343 4857 555 4964 Requisitus
564 4861 893 4967 perjuramentum
902 4890 1012 4939 suum
1021 4881 1148 4941 utrum
1164 4862 1217 4939 illi
1229 4862 1294 4968 qui
1309 4890 1395 4938 cum
1408 4889 1453 4941 eo
1465 4858 1618 4939 luerunt
1627 4857 1764 4961 recepti

450 5008 556 5067 enocha
572 5027 625 5067 ors
640 5027 813 5069 cruentans.
827 5042 867 5055 -
884 5030 915 5067 ιι.
1554 5008 1595 5073 [ιο
