4236 5948
727 508 927 603 enonas
953 526 1049 600 uns
1074 526 1373 601 rnnrmens
1686 534 1761 610 305

341 667 489 778 plenius
509 669 760 758 continentur,
782 696 954 746 unacum
971 668 1225 774 suprascriptis
1237 667 1395 746 testibus
1415 686 1453 745 et
1470 670 1645 775 magistro
1661 670 1760 751 Gau-

342 799 439 879 lrido
452 798 754 906 Enguelordicto
770 797 930 902 Chalop,
948 799 1094 873 notario
1108 796 1280 902 publico,
1295 826 1448 902 presens
1462 799 1629 888 interlui,
1643 830 1701 892 ac,
1714 803 1760 879 de

344 929 516 1009 mandato
542 928 774 1036 inquisitoris
793 927 970 1034 predicti,
997 928 1035 1002 in
1055 927 1129 1003 hoc
1149 927 1300 1032 publico
1315 927 1573 1007 >instrumento
1592 960 1653 1007 me
1675 933 1763 1009 sub·

344 1061 470 1167 scripsi
482 1061 520 1136 in
531 1060 787 1138 testimonium
797 1059 1081 1165 premissorum,
1093 1056 1263 1166 illudque
1275 1059 1382 1167 signo
1397 1088 1481 1137 meo
1497 1059 1608 1138 solito
1624 1062 1761 1168 signavi

345 1208 502 1300 rogatus.

400 1453 447 1530 Et
472 1478 540 1555 ego
561 1447 763 1529 Gaulridus
782 1448 971 1555 Enguelor
987 1448 1111 1525 dictus
1129 1449 1292 1553 Chalop,
1315 1449 1468 1526 clericus
1490 1450 1664 1528 Dolensis
1683 1451 1764 1530 dio·

348 1581 455 1669 cesis,
470 1578 670 1685 apostolica
689 1578 906 1656 auctoritate
926 1579 1092 1654 notarius
1111 1577 1301 1683 publicus,
1324 1578 1512 1684 premissis
1532 1580 1708 1658 omnibus
1728 1601 1764 1659 et

348 1708 504 1817 singulis
524 1711 562 1785 in
579 1709 648 1784 hac
667 1708 772 1812 pecia
792 1708 994 1794 contentis,
1023 1734 1098 1781 una
1119 1734 1204 1782 cum
1226 1707 1334 1783 dictis
1352 1707 1510 1784 testibus
1530 1737 1572 1784 ac
1588 1711 1763 1816 magistro

348 1838 488 1918 Amisia
513 1839 659 1916 notario
675 1836 843 1944 publico,
865 1865 1018 1942 presens
1038 1835 1205 1924 interlui,
1226 1837 1265 1911 in
1285 1837 1544 1915 testimonium
1566 1844 1764 1945 premisso-

349 1996 429 2049 mm
450 1999 510 2046 me
532 1967 741 2074 subscripsi,
770 1984 806 2044 et
823 1967 969 2072 signum
995 1994 1122 2042 meum
1142 1967 1295 2071 apposui
1317 1985 1536 2045 consuetum
1555 1988 1703 2047 vocatus
1730 1989 1766 2046 et

349 2117 508 2207 rogatus.

403 2360 590 2438 lanristi
604 2360 755 2437 nomine
771 2387 892 2435 amen.
909 2361 1034 2437 Pateat
1047 2359 1228 2435 universis
1241 2389 1311 2464 per
1323 2360 1396 2436 lroc
1407 2388 1560 2465 presens
1573 2358 1767 2465 publicum

352 2491 641 2568 instrumentum
662 2491 766 2598 quod
789 2517 886 2566 anno
907 2490 1062 2566 Domini
1083 2490 1282 2566 millesimo
1301 2491 1563 2566 trecentesimo
1587 2493 1765 2596 septimo,

351 2618 536 2697 indicione
548 2638 668 2729 sexta,
684 2648 813 2696 mense
827 2620 1003 2706 octobris,
1019 2619 1190 2694 vicesima
1204 2635 1335 2724 quarta
1355 2619 1416 2694 die
1431 2617 1599 2722 ejusdem
1615 2621 1768 2706 mensis,

351 2749 587 2855 pontificatus
614 2750 831 2826 sanctissimi
857 2750 969 2854 patris
996 2749 1138 2826 domini
1165 2748 1366 2826 Clementis
1391 2748 1512 2822 divina
1530 2747 1769 2852 providencia

351 2906 445 2984 pepe
469 2881 592 2985 quinti
622 2908 720 2957 anno
745 2881 930 2967 secundo,
962 2881 1000 2954 in
1022 2879 1185 2984 religiosi
1205 2878 1272 2954 viri
1294 2895 1331 2953 et
1355 2877 1502 2952 bonesti
1522 2874 1644 2952 fratris
1665 2876 1771 2955 Guil-

353 3006 459 3085 lermi
485 3010 532 3085 de
554 3011 714 3086 Parisius
739 3009 880 3086 ordinis
898 3009 1193 3095 Predicatorum,
1222 3006 1452 3111 inquisitoris
1475 3004 1638 3082 heretice
1659 3008 1772 3111 pravi·

353 3139 437 3216 tatis
449 3139 490 3215 in
505 3167 620 3246 regno
638 3141 791 3215 Francie
807 3141 1020 3216 auctoritate
1035 3138 1234 3245 apostolica
1250 3137 1435 3243 deputati,
1453 3136 1491 3210 in
1505 3136 1619 3213 domo
1634 3136 1771 3212 milicie

353 3269 499 3374 Templi
529 3270 690 3346 Parisius
716 3298 785 3376 pro
818 3271 1044 3375 inquirendo
1075 3286 1201 3345 contra
1228 3267 1408 3373 quasdam
1430 3293 1608 3371 personas
1632 3266 1773 3343 ibidem

355 3398 549 3475 existentes
566 3398 689 3475 eidem
709 3398 848 3476 delatas
868 3429 980 3505 snper
1000 3400 1101 3475 dicto
1121 3398 1274 3473 crimine
1290 3397 1495 3484 existentis,
1524 3413 1695 3473 nostrum
1711 3425 1774 3502 pu-

354 3525 537 3605 blicorum
568 3529 798 3605 notariorum
819 3547 856 3604 et
874 3529 1192 3633 inii-ascriptarum
1208 3527 1400 3632 presencia
1426 3525 1671 3632 personaliter
1692 3552 1775 3602 con-

355 3658 503 3735 stitutus
538 3659 650 3735 frater
685 3658 843 3736 Jacobus
873 3660 921 3735 de
951 3659 1074 3766 Molay
1101 3659 1219 3763 major
1248 3657 1423 3763 Magister
1464 3657 1608 3733 ordinis
1637 3655 1774 3733 milicie

355 3788 518 3893 Templi,
535 3789 680 3895 juratus
698 3788 746 3865 ad
761 3806 885 3866 sancta
903 3789 973 3865 Dei
993 3786 1204 3892 Evangelia,
1225 3787 1350 3862 eidem
1368 3785 1556 3891 preposita
1572 3804 1609 3862 et
1627 3786 1673 3862 ab
1694 3788 1774 3892 ipso

357 3918 596 4023 corporaliter
610 3937 724 4005 tacta,
745 3919 870 3994 dicere
891 3919 938 3994 de
958 3946 997 3993 se
1012 3934 1049 3993 et
1067 3917 1150 3994 aliis
1165 3917 1203 3992 in
1221 3944 1328 3992 causa
1348 3914 1438 3991 fidei
1451 3915 1617 4020 plenam,
1635 3944 1774 3991 meram

357 4064 396 4124 et
411 4049 594 4154 integram
611 4050 820 4137 veritatem,
838 4064 874 4125 et
888 4048 1139 4153 interrogatus
1161 4046 1208 4121 de
1223 4064 1394 4148 tempore
1413 4061 1452 4119 et
1463 4043 1578 4120 modo
1594 4045 1776 4149 recepcio·

358 4177 416 4253 nis
434 4205 516 4265 sue,
539 4177 630 4254 dixit
651 4207 717 4283 per
731 4179 985 4286 juramentum
1004 4203 1115 4252 suum
1136 4173 1241 4281 quod
1252 4201 1324 4250 xtn
1339 4173 1423 4250 anni
1438 4191 1526 4250 sunt
1542 4173 1655 4277 elapsi
1672 4175 1776 4276 quod

358 4302 428 4384 tuit
451 4324 621 4411 receptus
650 4307 751 4413 apud
770 4306 924 4384 Belnam
952 4305 1137 4382 Eduensis
1162 4303 1336 4390 diocesis,
1358 4329 1427 4408 per
1445 4301 1597 4378 fratrem
1621 4301 1776 4377 Ymber-

358 4451 439 4512 tum
468 4435 515 4511 de
542 4437 683 4514 Parada
716 4437 892 4525 militem,
913 4433 1149 4541 presentibus
1176 4432 1351 4510 fratribus
1369 4432 1553 4509 Amalrico
1578 4431 1625 4507 de
1645 4433 1776 4538 liuppe

360 4582 398 4642 et
418 4566 592 4672 pluribus
615 4567 695 4643 aliis
714 4567 890 4644 fratribus
910 4566 957 4643 de
977 4593 1138 4671 qnorum
1161 4562 1378 4640 nominibus
1401 4590 1477 4638 non
1503 4558 1645 4637 recolit.
1679 4563 1779 4640 Dixit

360 4697 477 4773 eciam
500 4725 569 4802 per
583 4700 839 4804 juramentum
858 4725 968 4773 suum
988 4694 1107 4800 quod,
1133 4710 1220 4799 post
1236 4691 1371 4768 multas
1384 4691 1650 4796 promissiones
1669 4693 1716 4771 ab
1734 4723 1778 4771 eo

360 4824 470 4904 lactas
490 4856 603 4932 super
621 4828 870 4907 observanciis
890 4844 928 4904 et
941 4826 1088 4905 statutis
1108 4825 1196 4902 dicti
1219 4822 1377 4909 ordinis,
1398 4839 1608 4927 posuerunt
1626 4827 1778 4901 mantel·

466 4984 572 5043 esocis
587 5002 640 5043 nes
655 5001 827 5044 rrurmeas.
843 5017 884 5028 -
901 5002 933 5041 n.
1570 4977 1609 5058 39
