4236 5948
340 530 414 601 sis
729 506 923 600 Pnooss
949 526 1044 597 oss
1071 525 1371 597 tsuettsns

338 687 440 746 tutus
459 668 571 745 frater
590 666 776 745 lohannes
797 667 844 744 de
865 670 980 745 Ponte
999 666 1191 772 Episcopi,
1220 666 1326 744 etatis
1353 681 1478 744 xxuuor
1499 695 1683 746 annorum
1703 671 1757 748 vel

339 802 449 887 circa,
470 798 692 877 senescallus
711 799 751 874 in
772 799 886 876 domo
900 797 947 874 de
961 798 1193 876 Montecuria
1208 799 1247 876 in
1263 798 1520 888 Viromandis,
1538 801 1682 879 ordinis
1697 802 1762 878 mi·

337 930 421 1007 licie
450 928 614 1034 Templi,
631 929 779 1034 juratus
803 928 850 1005 ad
876 947 998 1005 sancta
1024 928 1094 1004 Dei
1117 928 1315 1034 Evangelia
1335 945 1429 1005 tacta
1449 930 1694 1035 corporaliter
1715 933 1761 1010 ab
1877 959 1881 970 ·

339 1061 493 1147 eodem,
516 1078 552 1136 et
570 1059 770 1165 requisitus
788 1059 835 1136 de
852 1088 890 1137 se
912 1077 949 1137 et
967 1057 1048 1135 aliis
1069 1059 1154 1136 dicti
1177 1060 1322 1136 ordinis
1342 1088 1456 1164 super
1480 1060 1581 1138 dicto
1605 1062 1760 1139 crimine

339 1191 467 1268 delatis
488 1190 611 1266 dicere
631 1190 668 1264 in
690 1219 797 1267 causa
821 1189 911 1266 {idei
930 1189 1138 1277 veritatem,
1167 1189 1262 1269 dixit
1287 1218 1356 1294 per
1373 1189 1630 1296 juramentum
1651 1221 1760 1269 suum

337 1320 441 1425 quod
456 1320 551 1397 bene
572 1338 660 1396 sunt
674 1349 736 1396 sex
756 1319 840 1396 anni
855 1320 914 1397 vel
928 1320 1021 1396 circa
1040 1319 1155 1425 elapsi
1171 1320 1276 1425 quod
1301 1318 1372 1396 tuit
1391 1339 1564 1426 receptus
1586 1323 1624 1398 in
1645 1322 1761 1398 domo

338 1452 385 1526 de
400 1452 506 1528 Sanci
528 1479 643 1554 prope
663 1452 814 1539 Trecas,
835 1479 901 1556 per
924 1450 1076 1527 fratrem
1095 1450 1336 1555 Radulphum
1357 1451 1404 1527 de
1427 1450 1506 1528 Gisi
1526 1470 1761 1560 receptorem

336 1581 536 1684 Campanie
561 1580 767 1686 quondam,
792 1582 839 1656 dc
861 1581 1036 1657 mandato
1057 1579 1177 1656 fratris
1197 1581 1363 1685 Hugonis
1381 1580 1427 1657 de
1451 1583 1619 1658 Paraudo
1639 1582 1762 1658 visita-

336 1712 426 1787 toris
445 1711 611 1786 Francis.

391 1843 484 1919 Item
501 1841 593 1918 dixit
608 1870 674 1946 per
689 1842 946 1948 juramentum
960 1870 1070 1918 suum
1087 1841 1206 1945 quod,
1231 1869 1276 1917 eo
1296 1859 1463 1947 recepto,
1482 1842 1697 1949 juramento
1714 1843 1759 1919 ab

297 2062 300 2069 Ι
337 2001 382 2049 eo
402 1974 556 2078 prestito
578 1973 626 2049 de
647 1973 793 2048 statutis
814 1988 852 2047 et
871 1971 1022 2048 secretis
1042 1970 1184 2046 ordinis
1201 1969 1454 2059 observandis,
1469 1988 1506 2048 et
1521 1973 1700 2049 mantello
1715 1974 1761 2049 ad

337 2103 472 2181 collum
488 2103 625 2207 posito,
644 2101 879 2207 presentibus
900 2100 1072 2177 fratribus
1091 2098 1259 2177 Johanne
1272 2102 1491 2209 Leujambe,
1514 2101 1698 2181 Gaulrido
1714 2103 1761 2180 de

336 2233 480 2310 Trache
502 2249 538 2308 et
552 2231 776 2337 quibusdam
794 2231 885 2308 aliis
897 2230 943 2306 de
964 2259 1126 2337 quorum
1142 2230 1360 2309 nominibus
1379 2259 1455 2308 non
1474 2231 1622 2320 recolit,
1639 2233 1761 2309 dictus

336 2363 447 2438 frater
466 2359 684 2466 Radulphus
704 2361 868 2438 ostendit
887 2360 957 2437 sibi
971 2360 1018 2436 ad
1029 2377 1175 2466 partem
1186 2360 1388 2467 quamdam
1403 2390 1553 2438 crucem
1566 2390 1653 2438 cum
1665 2391 1761 2470 yma

336 2495 421 2600 gine
441 2493 557 2569 Jhesu
576 2492 713 2571 Christi
738 2489 917 2579 crucifixi,
941 2509 976 2567 ct
1002 2490 1093 2567 dixit
1109 2491 1180 2570 sibi
1206 2493 1312 2600 quod
1334 2493 1530 2597 oportebat
1547 2494 1652 2598 quod
1673 2523 1761 2571 eum

336 2623 533 2728 abnegaret
547 2623 653 2729 cujus
668 2650 798 2730 ymago
819 2621 984 2727 predicta
1000 2638 1079 2696 erat
1098 2621 1150 2697 ibi
1169 2639 1238 2710 ter,
1251 2622 1461 2728 precipiens
1476 2623 1547 2700 sibi
1566 2597 1678 2730 quod¹
1691 2624 1763 2702 hoc

336 2753 488 2842 faceret,
512 2771 549 2830 et
563 2769 621 2829 ter
636 2769 786 2859 spueret
805 2780 916 2857 supra
936 2780 1093 2828 crucem.
1112 2752 1159 2829 Et
1178 2753 1256 2858 ipse
1277 2753 1456 2829 recusavit
1471 2753 1542 2830 boc
1560 2752 1679 2830 lacere
1696 2755 1762 2830 ali-

336 2884 574 2989 quantulum,
598 2902 635 2960 et
656 2882 817 2959 finaliter
836 2882 915 2986 ipse
940 2882 1133 2989 abnegavit
1160 2909 1324 2969 crucem,
1346 2883 1505 2960 sednon
1522 2884 1759 2978 crucifixum,

336 3041 405 3091 nec
419 3014 529 3092 illum
549 3015 655 3120 cujus
675 3031 753 3090 erat
770 3041 902 3119 ymago
921 3011 1104 3119 predicta,
1130 3031 1166 3088 et
1186 3013 1293 3089 linxit
1310 3042 1348 3089 se
1367 3041 1503 3118 spuere
1516 3014 1633 3092 semel
1647 3044 1762 3123 super

336 3173 504 3233 crucem,
527 3162 564 3221 et
577 3144 677 3249 spuit
696 3143 800 3229 alibi,
816 3143 905 3246 quia
919 3141 1087 3247 predicta
1101 3170 1178 3219 non
1197 3142 1356 3220 faciebat
1367 3173 1410 3220 ex
1422 3143 1553 3231 corde,
1576 3143 1664 3222 licet
1681 3173 1758 3222 ore.

335 3277 381 3351 Et
400 3276 584 3381 predictas
603 3274 892 3379 abnegationem
910 3290 947 3350 et
963 3274 1193 3378 spuicionem
1213 3271 1302 3350 fecit
1320 3303 1389 3378 pro
1403 3303 1467 3364 eo,
1489 3291 1531 3351 ut
1548 3274 1656 3365 dixit,
1672 3277 1760 3381 quia

337 3404 397 3481 alii
416 3404 546 3480 fratres
567 3405 655 3480 dicti
676 3403 819 3479 ordinis
838 3420 1028 3508 presentes
1047 3404 1219 3481 dicebant
1235 3405 1306 3482 sibi
1322 3406 1427 3510 quod
1442 3406 1639 3509 oportebat
1654 3408 1760 3512 quod

337 3534 409 3610 hoc
438 3533 583 3609 laceret.
610 3534 710 3610 Dixit
730 3535 846 3609 eciam
877 3535 980 3640 quod
1006 3534 1128 3611 dictus
1154 3535 1339 3639 recipiens
1365 3536 1533 3641 precepit
1557 3536 1628 3613 sibi
1655 3537 1761 3641 quod

337 3665 566 3741 oscularetur
584 3692 671 3741 eum
695 3666 733 3739 in
749 3662 945 3751 umbilico,
970 3663 1101 3741 nolens
1116 3693 1154 3741 se
1175 3683 1327 3770 propter
1347 3666 1419 3742 hoc
1434 3665 1705 3772 discooperire3
1723 3685 1760 3743 et

336 3794 414 3900 ipse
431 3812 604 3900 receptus
624 3794 715 3871 dixit
731 3793 834 3900 quod
851 3822 928 3871 non
948 3793 1095 3872 laceret.
1113 3797 1160 3873 Et
1176 3812 1267 3873 tunc
1282 3796 1403 3872 dictus
1414 3795 1599 3901 recipiens
1617 3796 1760 3873 dimisit

337 3954 441 4014 eum,
457 3926 544 4032 quia
557 3924 752 4003 festinabat
771 3953 810 4001 se
826 3943 862 4000 et
881 3924 1028 4002 volebat
1048 3927 1102 4002 ire
1118 3924 1165 4000 ad
1182 3925 1264 4001 dies
1283 3927 1503 4014 Trecenses,
1530 3943 1567 4003 et
1590 3926 1760 4031 precepit
1861 3899 1867 3911 ι

335 4056 417 4131 aliis
427 4055 601 4132 fratribus
611 4054 714 4160 quod
727 4054 965 4142 ostenderent
977 4055 1113 4145 sibi,et
1125 4056 1350 4132 instruerent
1359 4084 1445 4131 enm
1455 4073 1591 4162 puncta
1602 4055 1758 4132 ordinis.

391 4188 483 4263 ltem
504 4185 595 4261 dixit
606 4214 673 4291 per
684 4186 939 4291 juramentum
954 4215 1064 4263 suum
1079 4185 1183 4292 quod
1198 4185 1277 4291 ipse
1298 4184 1486 4262 consessus
1506 4184 1577 4262 luit
1591 4188 1759 4292 predicta

336 4315 428 4393 insra
449 4344 591 4393 annum
612 4317 839 4421 recepcionis
861 4345 926 4393 sue
947 4317 1095 4394 cuidam
1114 4315 1214 4393 lratri
1236 4316 1379 4394 ordinis
1398 4316 1586 4394 Minorum
1602 4316 1650 4393 de
1667 4319 1760 4392 Tre-

336 4447 403 4535 cis,
422 4449 486 4553 qni
507 4448 664 4554 injunxit
678 4447 746 4525 sibi
768 4477 836 4554 pro
848 4449 1056 4552 penitencia
1075 4448 1180 4554 quod
1194 4448 1381 4555 jejunaret
1400 4448 1500 4525 omni
1523 4448 1584 4524 die
1604 4449 1759 4526 Veneris

335 4606 455 4683 usque
473 4578 520 4653 ad
540 4607 680 4655 annum
698 4580 777 4656 sine
795 4579 954 4656 camisia.

376 4710 482 4799 „ltem
498 4710 698 4814 requisitus
718 4727 843 4786 utrum
864 4709 914 4796 vi,
941 4709 1000 4786 vel
1021 4727 1125 4786 metu
1149 4709 1305 4786 carceris
1330 4727 1394 4785 aut
1409 4710 1601 4800 tormenti,
1626 4708 1760 4786 dixerit

337 4839 375 4915 in
382 4840 576 4944 premissis
587 4840 643 4918 vel
655 4841 896 4918 immiscuerit
911 4840 1073 4945 aliquam
1081 4839 1291 4930 salsitatem,
1301 4840 1359 4917 vel
1367 4839 1588 4919 subticuerit
1596 4838 1758 4946 aliquam
