4236 5948
611 528 808 617 PROCES
824 544 934 616 'DES
966 544 1270 618 TEMPLIE'RS.
1577 552 1651 624 227

228 688 323 764 laret
343 685 440 761 hanc
469 710 575 761 suam
598 683 896 790 deposicionem,
920 710 1120 792 quousque
1142 687 1402 766 attestaciones
1422 689 1564 767 luerint
1585 720 1654 797 pu·

228 817 364 894 blioate
378 849 387 904 ς
404 832 442 891 et
451 811 686 921 intelligebat
700 814 886 891 Latinum.

285 949 416 1024 Frater
447 943 633 1021 Jordanus
664 945 779 1021 Pauta
813 943 993 1035 serviens,
1027 946 1305 1024 Lemovicensis
1345 948 1520 1043 diocesis,
1548 953 1655 1029 testis

231 1105 343 1184 supra
358 1076 521 1183 juratus,
544 1087 629 1151 xxx·
647 1102 834 1152 annorum
849 1073 907 1151 vel
921 1075 1035 1162 circa,
1058 1073 1214 1152 barbam
1237 1077 1402 1154 sednon
1428 1081 1653 1160 mantellum

232 1206 437 1295 defferens,
459 1205 548 1311 quia
571 1205 696 1310 ipsum
728 1205 922 1283 dimiserat
949 1221 1131 1283 vetustate
1159 1222 1554 1315 consumptum‚'cum
1576 1239 1654 1318 quo
1760 1314 1762 1319 Ι

232 1336 455 1445 inquisitum
480 1335 618 1426 fuerat,
640 1334 837 1413 absolutus
861 1352 899 1413 et
920 1336 1184 1415 reconciliatus
1204 1366 1272 1443 per
1296 1338 1495 1416 dominnm
1514 1343 1654 1419 Lemo-

231 1469 417 1545 vioensem
441 1465 679 1571 episcopum,
701 1464 808 1544 lectis
831 1482 870 1543 et
893 1463 1095 1573 diligenter
1120 1467 1295 1573 expositis
1320 1467 1392 1546 sibi
1414 1470 1591 1547 omnibus
1617 1490 1655 1549 et

233 1597 390 1706 singulis
416 1594 602 1685 articulis,
634 1596 830 1702 respondit
853 1596 958 1702 quod
984 1595 1134 1673 nullum
1161 1596 1278 1675 alium
1307 1598 1450 1675 viderat
1472 1600 1588 1706 recipi
1612 1602 1653 1677 in

233 1728 382 1816 ordine,
411 1754 481 1803 nec
515 1723 736 1803 interfuerat
764 1725 936 1832 capitulis
965 1753 1118 1815 eorum,
1144 1727 1248 1804 unde
1276 1728 1464 1806 nesciebat
1492 1729 1655 1836 qualiter

232 1857 294 1935 alii
315 1854 593 1962 recipiebantur
611 1854 651 1930 in
669 1855 814 1933 ordine.
841 1854 1030 1934 Credebat
1051 1872 1177 1933 tamen
1202 1857 1308 1962 quod
1326 1857 1585 1962 reciperentur
1606 1860 1656 1935 si·

234 2004 296 2065 cut
329 1986 410 2092 ipse
441 1984 513 2062 fuit
548 1998 739 2091 receptus,
769 1985 865 2062 circa
895 1985 1037 2062 instans
1062 1985 1202 2063 festum
1233 1986 1515 2093 Assumpcionis
1544 1988 1654 2066 beate

233 2117 350 2195 Mario
366 2132 475 2193 erunt
493 2141 516 2193 v
536 2115 639 2201 anni,
663 2114 704 2191 in
725 2113 867 2221 capella
891 2115 1029 2193 domus
1052 2116 1202 2222 Templi
1229 2116 1276 2195 de
1306 2116 1494 2194 Paulhaco
1524 2119 1657 2196 Lemo

233 2248 389 2326 vicensis
415 2245 590 2331 diocesis,
620 2273 690 2351 per
712 2245 866 2324 bauain
885 2246 1139 2325 Humberturn
1172 2249 1220 2325 de
1248 2247 1469 2326 Conborino
1495 2248 1656 2328 militem

234 2377 444 2485 quondam,
468 2376 708 2484 presentibus
730 2376 909 2455 fratribus
928 2375 1034 2455 Helia
1063 2379 1267 2486 Aymerici,
1290 2381 1445 2457 detento
1472 2381 1513 2456 in
1538 2381 1657 2457 Picta·

233 2510 304 2599 ria,
330 2507 496 2586 Roberto
524 2505 723 2587 Gnillelmi
754 2524 974 2613 preceptore
1005 2508 1052 2584 de
1084 2510 1203 2586 Podio
1233 2510 1398 2601 bonine,
1430 2510 1585 2587 detento
1616 2512 1655 2586 in

235 2638 507 2727 lemovicinio,
527 2636 792 2729 servientibus,
820 2654 858 2718 et
875 2636 1082 2716 Guillelmo
1111 2640 1157 2715 de
1182 2640 1356 2746 Preyssac
1385 2639 1503 2717 milite
1531 2668 1657 2745 quou-

235 2769 331 2845 darn.
349 2767 474 2875 Aque
488 2784 681 2873 receptore
702 2768 815 2874 peciit
829 2796 968 2876 panem
984 2785 1023 2845 et
1042 2797 1177 2875 aquam
1197 2786 1235 2845 et
1249 2769 1466 2846 societatem
1488 2768 1654 2855 ordinis,

234 2899 373 3005 quibus
398 2897 470 2974 sibi
498 2898 699 2985 concessis,
728 2898 817 2976 fecit
838 2925 926 2975 eum
945 2924 1077 2975 vovere
1104 2915 1141 2974 et
1160 2898 1288 3004 jurare
1314 2898 1537 2986 castitatem,
1566 2898 1655 2976 obe·

237 3027 440 3115 dienciam,
466 3028 586 3105 vivere
609 3027 690 3104 sine
710 3027 885 3134 proprio,
907 3055 1052 3104 servare
1080 3028 1204 3104 bonos
1233 3056 1322 3104 usus
1354 3045 1393 3105 et
1418 3026 1536 3105 bonas
1568 3055 1658 3104 con·

235 3156 456 3237 suetudines
475 3157 639 3246 ordinis,
664 3186 742 3235 non
769 3157 932 3236 revelare
958 3174 1099 3235 secreta
1121 3157 1405 3264 capituliorum,
1428 3175 1466 3234 et
1484 3185 1554 3263 pro
1582 3157 1656 3234 alio

236 3287 367 3365 ordine
397 3315 477 3366 non
510 3287 702 3365 dimittere
734 3288 910 3367 ordinem
944 3288 1218 3395 supradictum,
1257 3306 1295 3364 et
1330 3288 1437 3394 quod
1462 3304 1558 3364 esset
1582 3315 1658 3364 sen

235 3445 302 3494 vus
321 3433 361 3495 et
379 3416 543 3495 esclavus
562 3417 723 3508 ordinis,
747 3435 784 3496 et
803 3418 980 3526 imposito
1008 3419 1079 3495 sibi
1100 3417 1297 3504 mantello,
1310 3419 1401 3524 ipse
1426 3435 1597 3523 receptor
1620 3435 1659 3496 at

236 3565 396 3625 astantes
419 3546 576 3625 fuerunt
591 3549 747 3627 osculati
770 3549 810 3626 in
824 3578 906 3641 ore,
924 3566 963 3626 et
982 3549 1105 3625 dictus
1116 3551 1222 3627 testis
1241 3548 1314 3626 luit
1328 3549 1447 3625 eciam
1467 3549 1658 3627 osculatus

236 3677 360 3783 ipsum
381 3694 615 3784 receptorem
636 3681 676 3755 in
693 3681 871 3769 humero,
894 3708 938 3756 ex
958 3696 1060 3784 parte
1075 3679 1269 3771 anteriori,
1288 3708 1401 3785 super
1418 3697 1547 3756 vestes.
1570 3679 1658 3756 Post

238 3834 312 3912 que
334 3808 507 3916 precepit·
522 3809 556 3886 ei
585 3810 624 3886 in
651 3809 843 3917 presencia
863 3808 1024 3886 aliorum
1045 3809 1149 3916 qnod
1174 3810 1376 3915 abnegaret
1395 3826 1455 3885 ter
1484 3809 1655 3898 lbesum,

239 3940 374 4044 etipse
403 3939 511 4017 testis
536 3939 732 4048 abnegavit
754 3956 813 4017 ter
839 3940 1011 4031 lhesum,
1040 3939 1129 4044 quia
1158 3937 1279 4015 dictus
1309 3954 1481 4043 receptor
1507 3938 1601 4014 dixit
1622 3938 1657 4014 ei
1716 3952 1720 3961 '

238 4069 341 4175 quod
380 4097 471 4147 cum
507 4070 680 4148 similiter
713 4070 777 4148 alii
802 4068 934 4147 fratres
962 4070 1107 4146 ordinis
1135 4067 1391 4176 abnegabant,
1412 4085 1447 4144 et
1469 4068 1540 4144 boc
1565 4068 1659 4143 dixit

239 4224 276 4275 se
291 4198 423 4278 fecisse
437 4227 522 4290 ore,
539 4228 617 4279 non
639 4200 772 4293 corde,
793 4217 832 4279 et
848 4200 955 4308 quod
975 4199 1047 4277 alia
1066 4199 1195 4277 illicita
1214 4227 1291 4276 non
1316 4199 1601 4276 intervenerunt
1618 4197 1657 4272 io

239 4328 337 4406 dicta
352 4356 419 4408 sua
438 4331 660 4438 recepcione
687 4361 758 4409 nec
781 4348 882 4438 post,
899 4358 970 4407 nec
994 4330 1114 4407 credit
1133 4331 1239 4435 quod
1257 4328 1526 4406 intervenirent
1540 4327 1580 4402 in
1599 4354 1658 4402 re·

238 4458 481 4566 cepcionibus
498 4461 728 4539 aliorumvel
745 4478 840 4566 post.
858 4462 969 4551 ltem,
988 4460 1081 4536 dixit
1100 4461 1205 4565 quod
1225 4461 1265 4536 in
1286 4459 1347 4538 die
1358 4457 1515 4538 Veneris
1534 4470 1658 4534 sancta

239 4590 371 4667 devote
390 4607 430 4668 et
454 4607 668 4668 reverenter
686 4589 893 4669 adorabant
915 4618 1087 4678 crucem,
1113 4606 1154 4666 et
1179 4590 1284 4696 quod
1303 4591 1383 4694 ipse
1407 4589 1505 4665 bene
1530 4587 1661 4664 crede·

239 4717 303 4795 bat
332 4720 590 4798 ecclesiasticis
615 4721 873 4811 sacramentis,
905 4737 956 4797 et·
969 4719 1090 4797 credit
1118 4719 1222 4823 quod
1254 4719 1317 4795 alii
1348 4718 1479 4795 fratres
1514 4717 1658 4794 ordinis

240 4849 375 4928 eodem
397 4851 513 4930 modo
531 4853 746 4941 crederent,
769 4867 807 4930 et
826 4851 931 4959 quod
958 4878 1091 4928 eorum
1112 4850 1323 4928 sacerdotes
1342 4847 1470 4927 debite
1494 4844 1660 4925 celebra·

1463 5004 1512 5065 29.
