4236 5948
367 553 414 628 u
757 530 950 623 procus
976 547 1069 617 uus
1095 546 1395 618 reuertens.

362 694 602 800 anquirerent
628 689 775 781 ordini,
801 688 866 792 qui
890 702 1069 765 servasset
1087 713 1163 791 que
1188 687 1365 793 magister
1386 714 1473 762 curn
1502 703 1688 763 consentu
1712 705 1784 765 sta·

364 825 509 901 tuisset.
535 825 643 900 Nune
672 818 826 927 grandia
857 815 1046 906 scandala,
1083 816 1247 922 suspicio
1278 833 1316 894 et
1350 816 1502 893 infamis
1539 833 1628 894 sunt
1659 836 1784 897 exorta

364 971 517 1059 propter
537 953 703 1060 predicta
727 966 856 1026 contra
876 947 1065 1034 ordinem,
1089 945 1390 1054 cujus‘sratribus
1405 946 1526 1023 credit
1539 947 1647 1052 quod
1660 967 1785 1026 essent

364 1103 452 1161 nota
476 1083 680 1160 confessata
705 1109 772 1188 per
795 1107 897 1156 eum,
921 1077 1072 1154 Audiuit
1098 1077 1173 1154 dici
1196 1105 1376 1187 magnum
1396 1076 1614 1184 Magistrum
1635 1095 1674 1154 et
1692 1079 1784 1156 alios

365 1213 488 1320 aliqua
509 1210 696 1290 confessos
724 1208 837 1286 luisse
865 1225 992 1284 contra
1024 1205 1215 1301 ordinem,
1242 1210 1289 1283 ad
1314 1209 1422 1317 cujus
1439 1206 1719 1285 deffensionem
1745 1237 1783 1286 se

365 1342 553 1420 obtulerat
569 1357 722 1446 propter
736 1339 818 1446 ejus
838 1337 1168 1429 indiscrecionem,
1188 1354 1231 1415 ut
1248 1338 1351 1419 dixit.

411 1473 631 1580 xllequisitus
645 1472 675 1546 si
690 1470 744 1547 sic
758 1469 984 1577 deposuerat
995 1497 1123 1574 prece,
1136 1487 1336 1575 precepto,
1351 1471 1507 1560 timore,
1525 1498 1674 1560 amore,
1690 1470 1782 1547 odio

364 1604 423 1680 vel
435 1602 634 1708 temporali
651 1599 815 1678 comodo
834 1599 963 1676 habito
981 1596 1042 1677 vel
1054 1599 1249 1689 habendo,
1266 1599 1463 1705 respondit
1481 1601 1585 1704 quod
1602 1629 1697 1690 non,
1719 1599 1787 1678 sed

360 1762 430 1838 pro
453 1733 602 1810 veritate
629 1730 804 1816 dicenda,
832 1729 892 1804 cui
920 1727 991 1803 luit
1019 1727 1231 1833 injunctum
1246 1729 1363 1834 -quod
1382 1757 1459 1805 non
1483 1729 1662 1807 revelaret
1683 1732 1780 1806 hanc

365 1892 472 1939 suam
489 1861 785 1967 deposicionem,
803 1886 1003 1964 quousque
1020 1860 1278 1936 attestaciones
1292 1858 1433 1936 luerint
1441 1859 1651 1965 publicato,
1669 1876 1706 1935 et
1715 1858 1787 1937 luit

364 2009 590 2098 protestatus
610 1989 854 2094 inprincipio
873 1987 1125 2092 deposicionis
1142 2016 1209 2065 sue
1229 1991 1334 2095 quod
1352 2018 1428 2066 non
1449 1988 1670 2066 intendebat
1683 2016 1786 2066 reee-

366 2123 454 2199 dere
476 2150 495 2198 a
517 2120 758 2225 deposicione
785 2117 874 2194 alias
899 2117 992 2194 sacta
1010 2146 1078 2222 per
1097 2147 1186 2194 eum
1201 2147 1327 2196 coram
1345 2120 1445 2196 dicto
1467 2120 1623 2196 domino
1643 2119 1786 2196 archie-

365 2252 520 2356 piscopo
533 2249 721 2326 Remensi
740 2248 859 2353 Hujus
873 2265 999 2323 autem
1014 2250 1120 2324 testis
1133 2250 1403 2327 examinaciom
1395 2250 1599 2327 dominus
1614 2250 1787 2329 Matheus

365 2408 443 2457 non
460 2378 647 2465 interfuit,
669 2395 765 2454 certa
791 2378 839 2453 de
861 2405 969 2452 causa
991 2396 1202 2467 excusatus
1224 2407 1294 2457 neo
1318 2380 1440 2456 dictus
1466 2379 1644 2456 dominus
1670 2381 1803 2523 πῶςἡ

367 2510 547 2589 diaeonus
571 2509 819 2587 Tridentinus
843 2509 1110 2584 examinacioni
1139 2511 1271 2615 primi,
1295 2528 1333 2586 et
1357 2510 1444 2586 ideo
1470 2509 1542 2586 luit
1566 2476 1821 2615 preceptum„

364 2668 434 2744 per
443 2640 564 2716 dictos
579 2640 756 2716 dominos
768 2639 1043 2715 commissarios
1059 2639 1189 2745 quod
1179 2669 1218 2716 in
1230 2640 1435 2717 erastinum
1453 2640 1575 2717 dictus
1591 2616 1788 2785 Philippus

365 2772 511 2873 primus
530 2771 634 2847 testis
654 2770 794 2846 rediret
818 2769 865 2844 ad
885 2771 1118 2873 presenciam
1143 2798 1296 2861 eorum
1323 2789 1360 2847 et
1384 2771 1519 2877 quod
1509 2799 1549 2845 ru
1576 2770 1678 2847 omni
1702 2798 1788 2875 pre·

364 2901 487 2977 sencia
508 2899 728 3006 religaretur
752 2898 942 3004 deposicio
962 2927 1040 2975 sua.

421 3030 506 3108 Acta
536 3029 688 3106 luerunt
722 3029 792 3104 hec
824 3024 896 3103 die'
918 3045 957 3104 et
987 3029 1070 3105 loco
1103 3030 1296 3134 predictis,
1331 3032 1571 3136 presentibus
1606 3031 1783 3138 magistro

364 3159 505 3238 Amisia
519 3221 527 3247 ,
545 3190 606 3236 me
622 3159 874 3235 Floriamonte
888 3157 1104 3247 Dondedei,
1121 3178 1159 3235 et
1175 3160 1256 3240 aliis
1271 3163 1424 3237 notariis
1441 3191 1551 3268 supra
1567 3161 1703 3240 ultimo
1720 3190 1788 3239 uo·

366 3305 526 3366 minatis.

383 3606 386 3620 .
422 3551 509 3628 Post
523 3550 611 3634 hec,
628 3549 690 3626 die
699 3549 872 3638 Veneris,
891 3578 964 3656 que
982 3552 1052 3626 fuit
1071 3576 1171 3629 xvrur
1189 3553 1269 3628 dies
1287 3553 1376 3630 dicti
1393 3554 1533 3631 mensis
1548 3554 1698 3643 Marcii,
1715 3552 1788 3631 luit

365 3675 553 3756 adductus
567 3679 615 3756 ad
634 3681 864 3784 presenciam
885 3681 1339 3794 dictorumdominorum
1353 3683 1584 3761 Mimatensis
1597 3702 1635 3760 et
1654 3687 1790 3761 Lemo-

363 3810 797 3915 vicensisepisooporum
816 3828 856 3891 et
869 3812 1121 3890 archidiaconi
1134 3813 1366 3903 Tridentini,
1388 3813 1471 3890 eliis
1490 3813 1659 3924 legitime
1674 3843 1785 3892 exeu-

365 3940 468 4028 s'atis,
478 3940 517 4015 in
532 3939 648 4016 domo
660 3941 826 4045 predicte
840 3941 1203 4022 fratrumlllinorum
1214 4007 1222 4035 ,
1235 3943 1349 4022 frater
1362 3944 1549 4023 Rohertus
1562 3947 1611 4022 de
1624 3947 1787 4023 lleinhe·

364 4069 436 4158 val,
452 4069 542 4146 alias
559 4069 681 4146 dictus
696 4072 923 4177 prepositus,
940 4075 1104 4175 sapiens
1120 4075 1344 4152 Morinensis
1360 4075 1537 4157 diocesis.
1554 4075 1659 4152 testis
1677 4103 1788 4180 supra

360 4203 525 4308 juratus,
548 4217 593 4279 ut
605 4199 818 4309 &poneret
839 4203 985 4281 dictum
1007 4232 1136 4295 suum,
1158 4206 1582 4314 quadragintaquatuor
1601 4233 1788 4284 annorum

364 4331 423 4410 vel
443 4331 556 4420 circe,
577 4358 656 4408 uon
678 4318 1109 4447 defferensmantellum
1131 4336 1292 4424 ordinis,
1315 4338 1402 4442 quia
1426 4336 1636 4415 voluntarie
1662 4337 1788 4443 ipsum

366 4461 560 4539 dimiserat
584 4478 765 4540 vetustate
791 4483 1074 4572 consumptum,
1088 4483 1134 4544 et
1154 4467 1233 4544 rsdi
1254 4466 1393 4545 fecerat
1414 4464 1489 4546 sihi
1508 4466 1682 4556 berbam3
1700 4468 1787 4574 qui,

367 4593 641 4699 protestacione
656 4593 837 4699 premisse
845 4597 1044 4704 quodnon
1059 4598 1224 4677 intendit
1237 4596 1415 4677 recedere
1430 4628 1451 4676 a
1467 4599 1709 4704 deposicione
1724 4623 1790 4706 per

364 4722 492 4829 ipsun
508 4721 604 4800 laeta
623 4752 749 4802 eorem
768 4716 1225 4839 dominooreliiepiscopo
1244 4731 1435 4823 Romami,
1458 4757 1661 4837 perquem
1681 4727 1790 4811 obso-

359 4851 468 4932 lutus
484 4870 522 4931 et
534 4853 798 4935 reconcil‘ntus
815 4854 936 4933 luerit.
956 4860 994 4933 in
1015 4859 1178 4936 concilio
1195 4860 1385 4947 Remeusi,
1406 4859 1515 4938 lectis
1531 4877 1571 4938 et
1588 4857 1790 4966 diligenter
