4236 5948
486 579 559 653 rso
873 559 1069 649 procus
1095 572 1190 644 ors
1218 570 1518 645 roupertus

485 717 655 795 sentibus
675 731 713 792 et
733 715 825 793 inibi
850 714 1053 793 astantibus
1071 730 1159 789 tunc
1181 711 1344 791 arnaldo
1368 713 1495 789 Rocha
1517 711 1740 800 cambrerio,
1760 712 1910 789 Bartho-

485 848 611 926 lomeo
622 846 669 921 de
680 849 801 933 Turre
816 844 1022 951 presbitero
1038 840 1238 950 capellano,
1260 842 1306 923 G.
1323 843 1544 951 Raymundo
1558 843 1689 932 milite,
1705 844 1773 920 ssn.
1789 841 1911 922 Guer-

486 978 585 1055 rerio
613 976 820 1084 presbitero
843 975 1048 1084 capellano,
1073 974 1248 1053 fratribus
1273 975 1362 1052 dicti
1393 974 1549 1063 ordinis,
1576 992 1614 1053 et
1632 973 1803 1081 pluribus
1828 973 1912 1052 aliis

487 1107 673 1185 fratribus.
687 1108 745 1184 De
761 1108 877 1186 modo
897 1124 1022 1185 autem
1036 1135 1102 1183 sue
1120 1105 1348 1212 recepcionis
1363 1122 1401 1183 et
1415 1104 1576 1184 aliorum
1594 1104 1748 1183 fratrum
1764 1104 1830 1212 qui
1846 1134 1912 1184 eo·

488 1239 574 1316 dem
592 1239 652 1315 die
671 1238 811 1344 recepti
831 1236 981 1315 fuerunt
994 1237 1134 1344 pariter
1147 1264 1233 1313 cum
1249 1237 1384 1315 eodem
1406 1253 1442 1314 et
1458 1234 1634 1316 omnibus
1657 1236 1739 1313 aliis
1762 1251 1912 1342 tangen-

486 1368 587 1446 tibus
605 1367 765 1446 lormam
788 1386 826 1447 et
853 1369 1010 1447 modurn
1033 1397 1099 1445 sue
1123 1367 1354 1473 recepcionis
1375 1385 1411 1444 et
1429 1367 1587 1444 aliorum
1608 1366 1764 1444 fratrum
1782 1394 1911 1443 secum

487 1518 724 1606 receptorum
745 1501 793 1577 ad
814 1501 978 1579 eundem
1000 1499 1190 1588 ordinem,
1212 1498 1305 1575 dixit
1328 1516 1364 1576 et
1380 1497 1577 1577 declaravit
1596 1498 1636 1575 in
1653 1497 1800 1586 effectu,
1817 1497 1913 1574 sicut

486 1629 600 1708 frater
618 1631 905 1711 Bartholomeus
920 1631 967 1711 de
982 1631 1110 1721 Turri,
1125 1632 1269 1737 primus
1283 1631 1388 1709 testis
1399 1658 1526 1736 supra,
1545 1645 1583 1707 ct
1597 1629 1694 1707 sicut
1704 1628 1913 1706 continetur

487 1762 527 1837 in
547 1760 645 1840 libro
657 1762 839 1852 exhibito,
855 1780 966 1869 prout
977 1762 1111 1851 credit,
1127 1791 1195 1867 per
1206 1759 1331 1867 ipsum
1345 1761 1510 1867 primum
1524 1777 1674 1850 testem,
1697 1760 1911 1837 continente

487 1891 655 1998 regulam
677 1910 714 1969 et
732 1910 865 1970 statuta
881 1894 1022 1971 ordinis
1040 1891 1225 1999 prelibati.

533 2021 603 2098 -Ad
620 2023 752 2101 lxxxvrr
775 2041 812 2101 et
832 2022 975 2101 lxxxvrrr
997 2040 1034 2100 et
1047 2022 1226 2100 ultimum
1246 2020 1423 2101 articulos
1444 2020 1642 2128 diligenter
1666 2038 1703 2098 et
1724 2020 1912 2127 sigillatim

489 2154 750 2260 interrogatus,
768 2153 1000 2259 respondens
1015 2153 1159 2259 negavit
1177 2153 1275 2258 ipsos
1298 2151 1474 2231 articulos
1494 2170 1532 2229 et
1558 2152 1683 2230 omnia
1707 2169 1744 2229 et
1770 2151 1913 2257 singula

490 2299 661 2359 contenta
685 2282 725 2358 in
751 2283 822 2370 eis,
847 2282 988 2360 addens
1012 2285 1051 2360 in
1081 2282 1213 2359 ordine
1240 2281 1329 2359 dicti
1356 2281 1504 2388 Templi
1526 2310 1709 2389 nusquam
1738 2281 1913 2359 habuisse

491 2411 673 2517 originem
691 2441 835 2491 errores
855 2413 1042 2517 predictos
1064 2441 1133 2489 nec
1152 2411 1297 2518 aliquos
1315 2410 1373 2489 vel
1397 2412 1561 2518 aliquem
1584 2411 1631 2489 de
1659 2411 1819 2499 eisdem,
1845 2440 1914 2488 nec

490 2543 559 2619 scit
582 2571 650 2620 nec
674 2542 793 2621 credit
817 2542 979 2649 aliquam
1007 2541 1123 2621 luisse
1148 2571 1294 2619 causam
1319 2571 1394 2648 que
1419 2544 1654 2622 occasionem
1680 2542 1827 2619 dederit
1857 2542 1914 2618 vel

489 2669 664 2749 tribuerit
678 2671 881 2750 inducendi
903 2673 1024 2751 dictos
1044 2701 1189 2751 errores
1204 2673 1260 2751 rel
1281 2673 1444 2779 aliquem
1458 2673 1504 2751 de
1520 2672 1680 2764 eisdem,
1696 2674 1792 2750 utin
1814 2672 1913 2750 dicto

491 2800 621 2878 ordine
650 2801 696 2877 de
725 2802 833 2878 dictis
856 2803 1044 2881 erroribus
1064 2803 1205 2881 mentio
1225 2802 1437 2883 haberetur.
1454 2805 1536 2881 lmo
1554 2803 1623 2881 scit
1640 2819 1678 2880 et
1692 2802 1812 2880 credit
1825 2801 1915 2880 lalsa

492 2959 569 3008 esse
585 2933 735 3037 penitus
750 2949 922 3009 contenta
936 2933 975 3009 in
986 2932 1071 3010 illis.
1084 2931 1258 3011 Adiciens
1273 2962 1312 3009 se
1327 2934 1469 3013 nescire
1490 2961 1642 3040 prorsus
1661 2962 1730 3011 uec
1750 2962 1914 3039 unquam

490 3063 636 3139 scivisse
661 3063 726 3139 ubi
747 3064 864 3169 capita
882 3064 938 3140 vel
958 3063 1069 3171 ydola
1088 3062 1135 3141 de
1155 3063 1293 3169 quibus
1315 3065 1354 3139 in
1374 3064 1509 3143 ultimo
1531 3062 1688 3143 articulo
1703 3065 1824 3171 agitur
1843 3065 1916 3141 sint

490 3192 548 3268 vel
563 3221 730 3299 unquam
749 3193 887 3271 suerint
906 3222 993 3271 cum
1012 3195 1219 3272 reverentia
1233 3195 1292 3273 vel
1307 3193 1413 3273 aliter
1432 3195 1627 3274 custodita.

547 3323 669 3428 Super
688 3324 973 3402 circumstantiis
991 3353 1078 3402 vero
1100 3341 1138 3401 et
1156 3324 1237 3401 aliis
1258 3324 1306 3400 de
1333 3324 1470 3432 quibus
1486 3325 1644 3433 jubetur
1662 3325 1743 3402 fieri
1763 3326 1915 3403 interro·

490 3453 590 3560 gatio
607 3453 697 3559 ipsis
720 3452 895 3531 iratribus
911 3455 1116 3562 inquisitis,
1142 3454 1340 3562 diligenter
1362 3457 1434 3535 suit
1454 3457 1515 3534 hic
1533 3458 1637 3537 testis
1658 3457 1862 3563 requisitus
1880 3475 1917 3534 et

491 3583 752 3689 interrogatus,
774 3612 889 3691 seque
908 3585 1015 3691 plura
1029 3582 1099 3661 alia
1121 3586 1263 3664 nescire
1278 3586 1376 3683 dixit
1399 3588 1469 3665 nisi
1493 3589 1597 3694 quod
1616 3616 1726 3692 supra
1744 3586 1916 3692 deposuit

492 3712 540 3788 de
560 3742 598 3789 se
618 3712 885 3820 principaliter,
904 3733 942 3793 et
963 3715 1009 3791 de
1025 3714 1106 3793 aliis
1120 3714 1221 3794 velut
1232 3686 1350 3795 teitis.

549 3975 653 4053 Auno
675 3994 712 4052 et
726 3975 789 4054 die
804 3976 941 4083 quibus
960 4005 1082 4083 supra.

548 4106 592 4182 X.
623 4107 751 4183 Frater
764 4107 923 4185 lacobus
944 4109 1040 4215 Boys
1061 4108 1204 4186 ordinis
1229 4107 1318 4186 dicti
1343 4108 1495 4214 Templi
1525 4108 1661 4186 domus
1686 4109 1805 4187 Mausi
1824 4110 1913 4196 Dei,

491 4236 597 4313 testis
611 4235 759 4341 juratus
772 4237 820 4313 ad
838 4256 961 4315 sancta
977 4239 1047 4317 Dei
1063 4238 1259 4345 Evangelia
1280 4268 1393 4346 super
1412 4239 1592 4347 predictis
1608 4238 1774 4317 articulis
1795 4258 1832 4315 et
1854 4267 1917 4316 eo

492 4393 578 4442 rum
598 4367 772 4473 quolibet
791 4369 863 4447 sihi
886 4370 1060 4475 expositis
1079 4371 1117 4446 in
1137 4370 1294 4476 vulgari,
1311 4389 1353 4448 ut
1374 4371 1590 4478 principalis
1605 4371 1653 4448 de
1668 4399 1709 4448 se
1726 4372 1861 4477 ipso,et
1875 4388 1917 4447 ut

491 4495 595 4573 testis
610 4496 657 4573 de
672 4498 769 4586 aliis,
788 4498 987 4605 diligenter
1000 4519 1038 4579 et
1050 4501 1241 4607 sigillatim
1257 4502 1516 4610 interrogatus,
1531 4502 1763 4608 respondeus
1782 4502 1829 4577 ad
1844 4501 1917 4606 pri·

493 4653 610 4714 mum,
631 4653 797 4707 rr-xrur
816 4629 991 4707 articulos
1011 4630 1202 4721 inclusive,
1215 4633 1362 4739 negavit
1376 4633 1478 4739 ipsos
1491 4632 1666 4710 articulos
1680 4650 1718 4709 et
1733 4630 1860 4708 omnia
1880 4647 1919 4706 et

493 4754 635 4862 singula
650 4774 825 4836 contenta
839 4759 879 4835 in
899 4760 969 4851 eis;
990 4760 1131 4839 addens
1148 4791 1187 4840 se
1208 4763 1362 4840 credere
1380 4762 1539 4841 firmiter
1559 4761 1680 4840 filium
1699 4762 1770 4840 Dei
1786 4761 1918 4840 Domi-

493 4912 586 4963 num
599 4885 753 4966 lhesum
765 4888 957 4968 Christum
971 4889 1084 4968 luisse
1106 4890 1336 4982 crucifixum,
1350 4913 1387 4970 et
1398 4922 1546 4999 passum
1565 4920 1634 5001 pro
1654 4891 1918 4999 redemptione
