4236 5948
356 467 425 612 iis
738 513 935 607 enochs
966 532 1062 604 ons
1094 531 1394 605 rennuens.

349 679 422 756 luit
435 676 613 755 seductus
628 704 649 751 a
662 675 762 752 dicto
777 672 938 782 dyabolo
954 672 993 748 in
1006 670 1125 749 forma
1141 671 1307 748 humana
1319 669 1599 761 transformato,
1616 689 1654 751 et
1667 676 1776 782 quod

350 809 483 885 exinde
506 807 721 884 habuerunt
741 823 867 882 ortum
886 831 1031 880 errores
1046 801 1225 908 predicti3
1249 818 1287 880 et
1304 800 1397 878 vidit
1418 799 1637 908 frequenter
1656 805 1698 882 in
1719 807 1778 912 pi-

349 938 463 1016 cturis
479 937 576 1014 duos
587 935 761 1014 barbatos
780 935 820 1010 in
836 963 914 1011 uno
925 963 1024 1041 equo
1036 932 1262 1039 equitantes,
1280 949 1318 1009 et
1335 930 1455 1008 credit
1467 932 1572 1039 quod
1584 925 1777 1040 reprc'sen-

349 1085 472 1145 tarent
484 1067 673 1172 predictos
693 1065 802 1143 duos.
818 1064 920 1142 Dixit
935 1065 1090 1167 insuper
1107 1089 1146 1140 se
1162 1062 1346 1140 audivisse
1362 1062 1521 1150 narrari,
1544 1091 1620 1140 non
1640 1065 1776 1143 recolit

349 1197 536 1304 aquibus,
557 1196 679 1303 quod,
697 1223 783 1272 cum
799 1193 993 1302 quondam
1005 1192 1182 1303 Magister
1197 1192 1342 1270 ordinis
1356 1192 1506 1298 Templi
1519 1192 1669 1272 diucius
1683 1193 1775 1275 fuis·

347 1345 401 1404 set
418 1328 563 1404 allictus
573 1327 612 1402 in
625 1325 835 1403 carceribus
849 1324 1020 1410 Soldani,
1038 1323 1110 1401 fuit
1124 1322 1327 1414 demissus,
1344 1322 1593 1428 promissione
1602 1352 1670 1431 per
1683 1352 1773 1404 eum

347 1458 438 1534 lacta
458 1457 563 1564 quod
580 1485 724 1534 errores
744 1455 910 1534 contenti
929 1455 968 1531 in
986 1454 1093 1532 dictis
1113 1453 1278 1532 articulis
1297 1453 1355 1530 vel
1374 1453 1491 1560 aliqui
1513 1483 1556 1530 ex
1581 1455 1634 1532 eis
1652 1455 1775 1534 intro·

347 1588 578 1665 ducerentur
600 1615 667 1694 per
692 1615 779 1664 eum
801 1588 841 1663 in
858 1586 992 1665 ordine
1014 1585 1248 1691 supradicto,
1268 1601 1307 1662 et
1326 1584 1404 1690 ipse
1420 1584 1608 1663 Soldanus
1632 1602 1671 1663 et
1690 1587 1775 1694 ejus

345 1746 575 1796 successores
607 1716 790 1794 haherent
819 1716 962 1794 dictum
995 1715 1168 1793 ordinem
1198 1714 1568 1807 recommandatum,
1601 1733 1639 1792 et
1667 1717 1773 1824 quod

344 1849 602 1956 temporaliter
632 1847 873 1924 subvenirent
898 1846 1043 1924 eisdem
1065 1845 1290 1952 Templariis
1317 1863 1355 1923 et
1383 1844 1507 1924 ordini
1532 1847 1769 1925 eorumdem.

344 1982 612 2058 Verumtamen
632 1979 662 2055 si
686 1977 784 2055 dicte
809 1977 1046 2054 narraciones
1064 2005 1150 2053 vere
1172 1976 1263 2068 sint,
1291 1976 1348 2053 vel
1372 2004 1467 2063 non,
1486 1976 1579 2053 dixit
1601 2005 1640 2055 se
1666 1978 1772 2083 iden}

345 2110 448 2186 testis
471 2110 659 2215 ignorare,
676 2108 855 2215 adjiciens
876 2106 980 2214 quod
1004 2107 1042 2182 in
1063 2106 1273 2185 substancia
1297 2107 1484 2184 nesciebat
1503 2107 1590 2213 plus
1610 2107 1658 2185 de
1677 2098 1783 2193 conl·

346 2239 457 2316 tentis
477 2239 516 2314 in
536 2237 701 2316 articulis
715 2237 942 2315 memoratis.

399 2502 528 2577 Frater
537 2499 761 2607 hadulphus
771 2501 928 2578 Louveti
941 2500 1149 2606 predictus,
1166 2500 1272 2578 testis
1282 2500 1396 2578 hodie
1404 2502 1569 2608 juratus,
1592 2503 1658 2610 qui
1671 2531 1771 2580 man-
1797 2472 1806 2487 ἱ

343 2629 477 2706 tellum
492 2630 697 2707 voluntarie
718 2647 804 2736 post
822 2631 1036 2737 capcionem
1062 2656 1168 2707 suam
1185 2603 1429 2708 dimiserat-et
1448 2631 1527 2707 radi
1543 2632 1681 2710 lecerat
1696 2633 1768 2712 sibi

236 2736 239 2741 ¹
342 2759 512 2850 barbam,
532 2753 821 2837 xxx¹annorum
841 2760 899 2837 vel
919 2761 1028 2850 circa,
1053 2789 1140 2838 cum
1160 2789 1237 2867 quo
1257 2758 1480 2867 inquisitum
1499 2761 1638 2851 fuerat,
1659 2762 1770 2841 abso·

343 2889 444 2968 lutus
465 2908 502 2967 et
520 2890 781 2968 reconciliatus
794 2919 862 2996 per
877 2889 1075 2967 dominum
1092 2891 1312 2997 episcopum
1327 2892 1590 2983 Parisiensem,
1608 2891 1714 2970 lectis
1731 2910 1770 2970 et

343 3019 542 3127 diligenter
556 3021 731 3126 expositis
744 3018 814 3096 sihi
833 3020 1009 3097 omnibus
1025 3037 1063 3097 et
1074 3020 1231 3127 singulis
1248 3020 1432 3110 articulis,
1454 3021 1648 3128 respondit
1661 3023 1769 3130 quod
1791 3096 1795 3101 .

342 3149 490 3227 nullum
510 3150 629 3226 alium
645 3149 790 3226 viderat
808 3149 922 3254 recipi
942 3150 982 3226 in
999 3150 1147 3239 ordine,
1170 3179 1240 3228 nec
1259 3151 1380 3228 fuerat
1394 3153 1432 3226 in
1453 3179 1498 3228 eo
1516 3152 1587 3228 nisi
1602 3179 1670 3258 per
1687 3167 1769 3229 11110'

342 3308 490 3356 menses
505 3296 590 3355 ante
618 3278 833 3385 capcionem
860 3307 1011 3371 eorum,
1030 3280 1134 3358 unde
1158 3281 1362 3369 nesciebat,
1384 3310 1454 3358 nec
1476 3282 1672 3371 credebat,
1695 3310 1769 3361 nec

341 3409 532 3485 audiverat
549 3409 622 3485 dici
641 3409 688 3485 de
705 3409 890 3485 contentis
904 3408 944 3484 in
963 3408 1016 3485 eis
1035 3409 1105 3486 nisi
1127 3410 1232 3517 quod
1251 3412 1442 3519 sequitur:
1467 3411 1641 3488 videlicet
1660 3414 1768 3520 quod

341 3538 419 3643 ipse
435 3556 607 3645 receptus
621 3538 743 3615 luerat
754 3567 822 3644 per
836 3537 990 3615 fratrem
1010 3539 1228 3646 Philippum
1246 3542 1379 3646 Agate,
1401 3559 1537 3619 testem
1551 3570 1663 3647 supra
1684 3571 1769 3621 exa-

341 3669 542 3758 minatum,
561 3670 600 3744 in
625 3667 766 3774 capella
794 3666 933 3746 domus
957 3669 1105 3775 Templi
1133 3672 1256 3748 Sancti
1287 3673 1466 3778 Stephani
1499 3672 1549 3748 de
1576 3672 1767 3751 Renavilla

341 3798 577 3874 Ebroicensis
601 3799 776 3890 diocesis,
806 3800 1045 3905 presentibus
1073 3799 1249 3878 fratribus
1281 3801 1432 3879 Matheo
1463 3789 1675 3909 Raynaudi,
1702 3804 1768 3880 Ri-

341 3927 481 4005 chardo
495 3929 602 4006 Fabri
620 3947 657 4006 et
668 3928 875 4008 Guillelmo
890 3929 1095 4017 Caletensi,
1109 3930 1367 4019 servientibus,
1383 3960 1478 4039 quos
1491 3932 1610 4008 credit
1623 3932 1763 4022 vivere,

342 4060 381 4134 in
402 4058 504 4135 hunc
522 4060 707 4137 modum:
730 4088 817 4135 nam
837 4061 1097 4166 cumpeciisset
1114 4090 1251 4167 panem
1271 4080 1308 4139 et
1323 4091 1457 4169 aquam
1483 4063 1642 4151 ordinis,
1665 4079 1704 4139 et
1731 4063 1765 4140 ei

341 4190 583 4267 concessisset
601 4190 723 4266 diuus
745 4207 928 4296 receptor,
953 4190 1043 4268 fecit
1067 4219 1155 4267 eum
1180 4219 1312 4268 vovere
1338 4209 1376 4268 et
1393 4192 1520 4300 jurare
1540 4192 1762 4281 castitatem,

341 4318 618 4412 obedienciam,
633 4320 754 4398 vivere
770 4321 850 4397 sine
866 4321 1030 4428 proprio,
1046 4339 1084 4398 et
1097 4349 1240 4399 servare
1254 4321 1375 4400 bonos
1389 4352 1481 4400 usus
1495 4340 1532 4399 et
1544 4323 1664 4400 bonas
1680 4349 1766 4400 con·

341 4449 559 4527 suetudines
579 4452 741 4544 ordinis,
763 4468 801 4529 et
817 4452 994 4558 imposito
1009 4452 1080 4530 sibi
1096 4452 1292 4541 mantello,
1315 4454 1393 4559 ipse
1409 4472 1579 4559 receptor
1597 4470 1635 4531 et
1648 4471 1765 4531 asten·

342 4595 397 4653 tes
411 4577 566 4655 luerunt
585 4610 673 4658 eum
692 4580 846 4659 osculati
862 4582 901 4658 in
917 4610 1004 4673 ore;
1029 4598 1067 4658 et
1089 4610 1134 4660 eo
1161 4584 1344 4661 instructo
1370 4583 1533 4691 qualiter
1556 4601 1704 4690 regeret
1723 4612 1763 4663 se

343 4705 382 4782 in
410 4707 557 4798 ordine,
578 4711 746 4817 precepit
772 4711 806 4786 ei
831 4710 953 4788 dictus
976 4729 1159 4817 receptor,
1182 4713 1220 4788 in
1243 4714 1434 4819 presencia
1458 4712 1635 4804 aliorum,
1658 4715 1762 4819 quod

342 4854 492 4943 negaret
506 4838 646 4932 Deum,
668 4857 707 4918 et
722 4870 808 4918 cum
823 4841 901 4945 ipse
913 4842 1017 4920 testis
1034 4842 1288 4948 respondisset
1305 4843 1409 4949 quod
1430 4843 1502 4920 hoc
1517 4842 1625 4921 nullo
1643 4845 1759 4923 modo
