4236 5948
486 524 557 598 are
869 507 1065 595 esoces
1092 522 1186 593 nes
1215 520 1512 592 reuertens.

484 666 548 770 qui
569 663 740 770 loquitur
755 662 919 768 predicta
939 663 1096 740 nefanda
1117 690 1194 738 non
1214 660 1319 749 fecit,
1334 690 1402 737 nec
1422 661 1563 737 audivit
1583 659 1629 736 ab
1649 658 1775 765 aliquo
1794 659 1902 738 fratre

483 795 572 870 dicti
593 793 735 871 ordinis
756 792 818 869 illa
835 790 934 881 fieri,
957 822 1026 869 nec
1048 790 1165 868 credit
1189 791 1313 897 aliquo
1341 791 1455 918 mpdo
1475 818 1665 896 equoque
1684 790 1904 869 Christicola

483 922 576 1001 lacta
596 952 687 1002 esse.

539 1056 639 1132 Dixit
653 1055 764 1131 etiam
782 1054 831 1129 ita
847 1052 960 1128 luisse
977 1053 1207 1140 ordinatum,
1221 1052 1323 1158 quod
1336 1081 1377 1128 ea
1390 1080 1464 1158 que
1480 1050 1624 1128 fiuntin
1635 1050 1806 1156 capitulis
1816 1051 1904 1128 dicti

484 1186 626 1262 ordinis
641 1201 780 1260 secreta
792 1183 912 1258 teneri
931 1183 1090 1259 debeant
1112 1201 1148 1258 et
1164 1181 1312 1269 haberi,
1336 1199 1372 1258 et
1392 1181 1484 1258 nulli
1501 1181 1559 1257 alii
1573 1181 1706 1288 pandi,
1727 1182 1798 1257 nisi
1819 1181 1905 1258 solis

483 1316 555 1392 illis
576 1317 641 1421 qui
662 1317 701 1390 in
722 1313 891 1419 capitulis
911 1313 1000 1389 dicti
1020 1312 1163 1391 ordinis
1183 1313 1381 1389 affuertmt.
1403 1313 1533 1390 Cetera
1560 1313 1684 1390 omnia
1707 1330 1744 1388 et
1762 1311 1905 1420 singula

360 1522 366 1536 ,
483 1463 654 1522 contenta
676 1445 714 1521 in
735 1443 843 1520 dictis
864 1443 1029 1520 articulis
1049 1472 1134 1520 vera
1154 1471 1330 1533 essenon
1350 1443 1481 1519 credit.

540 1575 596 1652 Ad
616 1575 729 1651 lxxuu
749 1573 947 1650 articulum
972 1575 1169 1681 diligenter
1194 1575 1458 1679 interrogatus,
1481 1573 1573 1650 dixit
1596 1591 1633 1650 et
1652 1575 1845 1679 respondit
1859 1574 1905 1650 de
2032 1646 2034 1650 ,

483 1735 588 1783 more
607 1703 922 1783 etconsuetudine
944 1704 1032 1780 dicti
1054 1704 1199 1782 ordinis
1221 1705 1294 1781 hoc
1312 1732 1409 1792 esse,
1431 1722 1474 1781 ut
1492 1704 1622 1781 fratres
1642 1705 1798 1810 predicti
1811 1705 1905 1782 ordi·

482 1838 550 1924 nis,
566 1836 718 1943 quando
733 1853 769 1911 et
782 1835 962 1940 quociens
976 1835 1029 1910 eis
1041 1835 1163 1940 placet
1174 1864 1239 1911 sua
1248 1834 1343 1911 velle
1356 1852 1504 1940 peccata
1513 1835 1701 1925 confiteri,
1718 1835 1781 1912 illa
1795 1835 1905 1913 conli-

482 1984 630 2045 teantur
644 1966 748 2043 fratri
762 1964 950 2070 capellano
963 1964 1354 2072 presbiteroejusdem
1371 1965 1530 2054 ordinis,
1545 1965 1635 2041 dum
1646 1983 1772 2042 tamen
1783 1967 1904 2071 ipsum

482 2099 622 2175 habere
633 2095 1096 2203 possintlibereetabsque
1107 2094 1629 2200 ulloimpedimento.Verum
1639 2096 1669 2171 si
1680 2095 1902 2201 fo1teipsum

483 2229 636 2304 fratrem
656 2224 886 2331 capellanum
909 2225 1048 2301 habere
1070 2252 1145 2300 non
1163 2223 1326 2329 possint,
1347 2240 1390 2300 ut
1409 2224 1497 2330 quia
1518 2252 1594 2300 non
1614 2224 1721 2300 adest
1733 2225 1791 2302 vel
1808 2224 1903 2303 forte

434 2354 439 2364 ’
482 2357 687 2463 impeditus
700 2355 752 2433 sit
763 2354 886 2459 aliqua
896 2353 996 2459 justa
1010 2383 1116 2431 causa
1130 2352 1332 2460 quominus
1348 2354 1599 2432 consessiones
1610 2355 1763 2433 fratrum
1775 2357 1904 2435 audire

482 2489 615 2574 valeat,
636 2505 726 2563 tunc
745 2485 899 2560 demum
920 2484 1009 2561 dicti
1029 2483 1177 2572 fratres,
1196 2485 1336 2591 absque
1353 2486 1557 2591 superioris
1573 2485 1720 2562 licentia
1735 2488 1901 2592 speciali,

482 2633 637 2724 possunt
657 2644 727 2722 pro
745 2616 821 2693 suis
841 2614 1064 2692 confitendis
1083 2615 1242 2720 peccatis
1257 2615 1359 2692 adire
1374 2615 1473 2693 viros
1492 2615 1683 2723 religiosos
1703 2616 1904 2721 approbate

482 2748 673 2854 religionis
688 2747 929 2852 presbiteros,
949 2763 1012 2822 aut
1029 2747 1212 2824 seculares
1226 2745 1317 2822 alios
1337 2747 1564 2834 sacerdotes,
1581 2746 1902 2837 sicutmaluerint,

484 2896 521 2956 et
536 2879 677 2956 eisdem
698 2907 764 2955 sua
777 2893 955 2983 poterunt
969 2876 1127 2953 licenter
1147 2875 1315 2954 confiteri
1331 2893 1495 2981 peccata,
1517 2894 1554 2954 et
1569 2875 1615 2953 ab
1631 2877 1684 2955 eis
1699 2877 1755 2954 vel
1770 2905 1902 2955 eorum

483 3011 597 3088 altero
618 3008 845 3115 penitencias
859 3009 1025 3114 recipere
1040 3008 1227 3096 salutares.

541 3140 598 3217 Ad
612 3137 848 3217 lxxv—lxxxr
866 3137 1042 3214 articulos
1062 3138 1255 3228 inclusive,
1276 3139 1475 3246 diligenter
1492 3157 1528 3217 et
1541 3139 1728 3246 sigillatim
1748 3142 1904 3219 interro

482 3289 603 3377 gatus,
631 3267 863 3375 respondens
884 3267 974 3344 dixit
998 3296 1036 3344 se
1062 3297 1133 3345 nec
1154 3269 1248 3346 scire
1267 3298 1336 3346 nec
1362 3269 1515 3346 credere
1535 3299 1679 3348 errores
1699 3272 1900 3376 predictos,

483 3429 552 3476 nec
570 3399 732 3504 aliquem
753 3398 800 3472 de
820 3398 959 3473 eisdem
981 3425 1060 3474 esse
1081 3426 1149 3475 nec
1167 3397 1279 3476 fuisse
1296 3401 1333 3476 in
1352 3401 1485 3478 ordine
1501 3400 1728 3506 supradicto,
1746 3430 1816 3478 nee
1830 3431 1903 3479 cor·

482 3530 653 3607 reccione
674 3529 794 3634 aliqua
815 3528 956 3604 dictum
978 3528 1148 3604 ordinem
1170 3557 1241 3605 nec
1261 3531 1342 3636 ejus
1356 3530 1487 3609 fratres
1507 3530 1710 3637 indiguisse
1725 3560 1795 3608 nec
1809 3533 1904 3609 indi-

483 3689 587 3766 gere,
604 3689 673 3736 nec
692 3659 900 3766 oportuisse
921 3687 988 3734 nec
1006 3688 1157 3736 necesse
1177 3660 1290 3739 luisse
1308 3660 1391 3738 illos
1412 3690 1556 3739 errores
1575 3663 1742 3739 nunciari
1762 3691 1830 3767 per
1845 3691 1904 3739 su·

483 3793 649 3897 periores
664 3793 752 3869 dicti
768 3792 927 3878 ordinis,
950 3821 1020 3869 nec
1034 3822 1101 3898 per
1117 3792 1279 3899 aliquem
1293 3794 1445 3871 fratrem
1466 3794 1546 3902 ejus
1561 3793 1723 3871 Ecclesie
1736 3793 1823 3882 Dei,
1836 3822 1902 3899 pro

484 3949 529 3998 eo
546 3921 649 4027 quod
664 3950 856 4028 nunquam
875 3921 964 3998 dicti
982 3951 1126 3999 errores
1140 3921 1254 3999 fuisse
1269 3922 1326 3999 vel
1346 3951 1425 4000 esse
1441 3924 1597 4001 indicto
1610 3922 1821 4001 ordinescit
1835 3952 1903 4002 nec

485 4052 618 4143 credit3
635 4082 762 4131 verum
781 4081 850 4129 nec
865 4054 997 4159 corrigi
1015 4081 1085 4128 nec
1098 4053 1439 4130 nunciariEcclesie
1459 4082 1555 4161 opus
1569 4083 1664 4144 esse,
1683 4054 1729 4132 ab
1740 4082 1786 4131 eo
1801 4055 1903 4160 quod

484 4210 559 4261 non
580 4199 636 4258 est
652 4210 773 4288 neque
794 4182 879 4271 luit,
901 4212 971 4259 nec
992 4183 1037 4259 ab
1058 4211 1189 4260 eorum
1204 4184 1441 4284 observancia
1461 4183 1533 4261 luit
1551 4211 1702 4263 necesse
1714 4184 1901 4272 recedere,

483 4312 589 4419 quod
610 4312 757 4388 nullum
771 4313 924 4389 inicium
940 4313 1162 4391 habuerunt.
1184 4314 1243 4391 Ad
1263 4315 1303 4390 id
1329 4331 1455 4391 autem
1474 4316 1579 4421 quod
1600 4315 1739 4392 dicitnr
1764 4316 1802 4390 in
1827 4343 1902 4392 uno

485 4443 532 4519 de
551 4442 713 4519 articulis
733 4443 970 4548 supradictis,
997 4460 1039 4520 ut
1060 4444 1216 4550 predicti
1241 4443 1371 4521 fratres
1397 4445 1434 4522 in
1455 4475 1523 4538 ‚sue
1543 4445 1762 4551 recepcione
1776 4446 1903 4552 jurent

483 4573 680 4650 utilitatem
712 4590 749 4650 et
773 4591 1013 4680 augmentum
1041 4574 1130 4651 dicti
1155 4575 1297 4653 ordinis
1326 4605 1479 4682 quoque
1509 4575 1623 4654 modo
1646 4574 1739 4654 illud
1762 4575 1904 4653 valeant

484 4730 700 4809 procurare,
722 4704 925 4810 respondet
951 4705 1056 4811 quod
1077 4705 1207 4784 fratres
1230 4705 1358 4812 jurant
1389 4706 1705 4812 quodneminem
1725 4706 1903 4784 Christia-

485 4861 577 4910 num
599 4834 791 4917 offendent
815 4835 975 4921 scienter
998 4863 1068 4913 nec
1091 4837 1129 4912 in
1154 4837 1264 4914 bonis
1284 4866 1353 4913 nec
1378 4837 1493 4914 eciam
1519 4839 1557 4915 in
1582 4865 1755 4943 persona,
1780 4854 1818 4914 et
1840 4835 1903 4914 eli·
