4236 5948
761 550 959 642 anocts
985 570 1078 641 nas
1105 569 1405 644 renarrans.
1745 575 1792 647 rs

374 736 459 787 eum
474 723 642 795 secutus,
653 709 818 787 etnescit
830 708 925 815 quid
937 709 1263 818 egeruntibidem3
1280 711 1537 789 credittamen
1549 711 1654 817 quod
1666 711 1795 790 illicita

372 840 537 948 predicta
551 839 836 917 intervenerunt
851 839 975 919 statim
989 858 1076 946 post
1089 842 1328 949 recepeiones
1342 843 1541 949 predictas.
1561 844 1677 934 Item,
1699 845 1793 921 dixit

374 999 410 1051 se
429 970 545 1049 fuisse
566 968 780 1048 confessum
801 971 849 1048 de
868 971 1050 1077 predictis
1071 973 1277 1066 erroribus,
1299 974 1396 1053 infra
1417 975 1513 1053 duos
1532 1002 1719 1053 menresa
1736 1004 1796 1052 re·

272 1152 275 1157 ,
373 1101 547 1208 capcione
562 1127 644 1191 sua,
679 1099 835 1179 domino
855 1100 1078 1180 Theobaldo
1104 1102 1298 1209 quondam
1314 1105 1528 1182 belvacensi
1549 1104 1740 1211 episcopo,
1755 1105 1793 1180 in

374 1232 450 1340 ejus
470 1258 616 1307 camera
636 1228 683 1307 de
702 1228 878 1320 Belvaco,
901 1259 969 1309 nec
998 1230 1247 1310 celebraverat
1267 1233 1346 1340 ipse
1361 1234 1483 1319 testis,
1508 1261 1552 1310 ex
1572 1263 1649 1340 quo
1677 1235 1793 1326 intra·

374 1378 471 1439 verat
495 1358 671 1438 ordinem
701 1387 901 1467 usquequo
924 1359 998 1438 tuit
1022 1360 1213 1439 consessus
1239 1347 1382 1455 eidem3
1412 1363 1478 1470 qni
1505 1362 1662 1443 absolvit
1687 1386 1793 1455 eum,

375 1505 411 1568 et
433 1489 595 1596 injunxit
620 1489 725 1594 quod
750 1519 772 1565 a
798 1488 940 1565 talibus
959 1488 1185 1581 abstineret,
1209 1508 1246 1568 et
1268 1494 1375 1597 quod
1389 1493 1579 1600 jejunaret
1597 1519 1665 1599 per
1680 1493 1797 1571 trien·

374 1619 478 1696 nium
494 1617 607 1695 sextis
625 1615 728 1693 feriis
748 1617 788 1693 in
808 1647 904 1723 pane
921 1635 958 1696 et
979 1647 1092 1725 aqua,
1112 1648 1226 1727 quam
1249 1621 1501 1727 penitenciam
1519 1621 1737 1728 complevit,
1752 1641 1796 1700 ut

375 1747 474 1825 dixit.
495 1749 606 1835 Item,
628 1747 723 1824 dixit
743 1747 849 1854 quod
870 1749 909 1824 in
930 1748 1063 1826 ordine
1084 1735 1296 1827 celebrabat
1315 1752 1528 1828 secundum
1550 1750 1710 1828 formam
1730 1753 1797 1829 Ec·

374 1878 500 1967 clesie,
532 1895 571 1954 et
602 1879 708 1984 quod
739 1879 967 1957 contrarium
993 1907 1070 1956 non
1104 1878 1226 1956 fuerat
1250 1878 1320 1956 sibi
1350 1898 1591 1986 preceptum,
1616 1899 1654 1958 et
1679 1883 1798 1959 credit

374 2009 476 2116 quod
497 2008 628 2086 fratres
647 2008 793 2085 ordinis
814 2010 1012 2087 crederent
1032 2009 1290 2088 ecclesiasticis
1307 2012 1559 2089 sacramentis.
1577 2012 1684 2102 Item,
1704 2013 1797 2090 dixit

374 2168 410 2217 se
433 2140 570 2217 vidisse
591 2139 630 2215 in
648 2138 840 2245 aliquibus
859 2141 1005 2247 scriptis
1024 2140 1130 2247 quod
1153 2139 1267 2218 frater
1286 2140 1402 2220 laicus
1426 2142 1490 2248 qui
1515 2141 1669 2220 tenebat
1695 2143 1795 2251 capi-

373 2268 496 2347 tulum
525 2267 689 2347 debebat
713 2268 837 2347 dicere
865 2270 904 2347 in
932 2269 1201 2348 terminacione
1231 2269 1480 2377 capitulorum
1503 2271 1591 2348 talia
1618 2271 1730 2349 verba
1758 2273 1797 2349 in

339 2398 510 2523 “ellectu
535 2430 544 2475 r
572 2399 629 2476 De
654 2399 815 2504 peccatis
843 2428 917 2507 que
945 2400 1150 2477 obmisistis
1176 2401 1323 2488 dicere,
1354 2418 1509 2506 propter
1534 2401 1796 2479 verecundiam

363 2530 492 2609 carnis
510 2529 569 2606 vel
588 2545 745 2636 propter
762 2530 938 2608 timorem
956 2530 1153 2637 discipline
1170 2531 1330 2619 ordinis,
1346 2559 1432 2622 nos,
1449 2531 1667 2608 auctoritate
1682 2530 1796 2635 privi-

370 2630 558 2770 legiorum
576 2658 688 2738 nobis
709 2689 971 2739 concessorum
993 2691 1014 2738 a
1035 2661 1192 2740 domino
1216 2691 1333 2768 papa,
1358 2659 1515 2738 facimus
1537 2661 1643 2739 vobis
1662 2661 1795 2740 remis-

374 2790 517 2870 sionem
538 2819 653 2897 quam
675 2819 898 2896 possumus,
920 2807 960 2868 et
976 2790 1090 2869 frater
1109 2790 1295 2899 presbiter
1312 2816 1384 2869 vos·
1397 2791 1586 2883 absolvet3
1608 2808 1646 2868 et
1662 2792 1794 2869 eadem

376 2920 482 2999 rerba
497 2920 640 2998 audivit
657 2922 730 2998 dici
745 2951 813 3028 per
829 2921 974 2999 dictum
996 2920 1155 2998 fratrem·
1168 2922 1376 2999 Robcrtum
1395 2923 1435 2996 in
1448 2920 1614 3028 quodam
1631 2920 1794 3026 capitulo

374 3052 477 3159 quod
500 3052 625 3130 tenuit
654 3052 755 3157 apud
788 3052 990 3159 Oysimont
1020 3051 1281 3130 Ambianensis
1309 3052 1482 3130 diocesis.
1515 3049 1732 3157 Requisitus
1763 3050 1794 3126 si
1912 3075 1915 3081 “

374 3209 440 3288 per
460 3182 597 3259 dictam
617 3183 878 3260 remissionem
899 3183 983 3261 laici
1005 3183 1209 3260 credebant
1223 3181 1355 3259 fratres
1369 3182 1515 3261 ordinis
1532 3209 1611 3259 esse
1632 3178 1795 3258 absoluti

374 3342 393 3389 a
411 3303 570 3420 peccatis
583 3314 792 3391 venialibus
806 3313 864 3392 vel
881 3313 1120 3404 mortalibus,
1139 3313 1334 3420 respondit
1354 3315 1462 3419 quod
1480 3341 1577 3403 non,
1595 3311 1701 3420 qnod
1716 3312 1794 3418 ipse

374 3442 462 3520 sciat
472 3441 531 3520 vel
546 3443 688 3532 credat,
706 3443 764 3520 vel
783 3424 925 3520 audivit
940 3443 1036 3535 dici;
1054 3445 1118 3521 sed
1137 3443 1258 3520 credit
1275 3442 1381 3549 quod
1397 3443 1427 3520 si
1442 3443 1636 3519 dedissent
1649 3440 1795 3519 occulte

372 3572 497 3681 aliqua
516 3572 693 3650 debonis
713 3572 876 3661 ordinis,
898 3572 1004 3681 quod
1023 3596 1066 3651 er
1088 3572 1186 3650 dicta
1207 3573 1426 3651 remissione
1447 3572 1708 3682 indulgeretur
1727 3573 1793 3648 eis.

375 3703 506 3780 Statim
531 3731 601 3809 pro
627 3702 804 3810 professis
828 3701 1077 3807 habebantur.
1100 3702 1345 3781 Clandestine
1363 3703 1653 3809 recipiebantur,
1677 3699 1796 3778 nullis

374 3832 612 3940 presentibus
630 3833 701 3911 nisi
723 3831 900 3916 fratribus
916 3830 1072 3910 ordinis.
1091 3831 1273 3910 Cordulis
1288 3831 1392 3909 unde
1404 3831 1582 3909 volebant
1596 3831 1796 3937 assumptis

374 3962 620 4072 cingebantur
641 3991 756 4070 super
775 3963 945 4040 camisias
967 3990 1060 4063 cums
1074 3961 1214 4069 quibus
1239 3961 1424 4068 jacebant.
1454 3961 1723 4070 lnjungebatur
1742 3960 1795 4037 eis

372 4095 477 4201 quod
491 4095 793 4173 nonrevelarent
807 4111 948 4189 secreta
969 4091 1238 4200 capitulorum,
1261 4093 1308 4171 de
1328 4094 1445 4170 modo
1462 4091 1692 4199 recepcionis
1712 4119 1796 4197 spe·

373 4222 455 4301 ciali
471 4253 551 4302 non
568 4224 694 4302 habita
709 4227 930 4316 mencione,
948 4225 1065 4331 etqui
1081 4224 1305 4302 revelassent
1315 4225 1473 4330 graviter
1486 4221 1610 4330 puniti
1625 4219 1793 4312 luissent,

372 4348 441 4431 sed
470 4355 589 4432 nescit
614 4355 789 4462 qualiter.
816 4355 1021 4434 Dicebatur
1047 4354 1108 4434 eis
1127 4355 1241 4463 ‘qnod
1273 4353 1487 4433 sacerdotes
1512 4351 1662 4429 ordinis⁴
1682 4348 1798 4426 babe-

371 4481 463 4563 bant
486 4487 668 4594 majorem
692 4504 917 4593 potestatem
945 4513 1060 4592 super
1083 4512 1149 4564 eos
1173 4513 1288 4592 qnam
1315 4484 1377 4561 alii
1411 4511 1454 4561 ex
1478 4481 1682 4592 privilegiis
1709 4508 1798 4587 apo-

374 4613 527 4694 stolicis.
548 4615 784 4695 Elemosinas
800 4634 838 4695 et
858 4616 1151 4724 hospitalitatem
1167 4614 1261 4692 vidit
1282 4611 1646 4693 convenientesfieri
1662 4628 1701 4690 et
1720 4638 1797 4689 ser

374 4745 469 4833 vari,
502 4763 541 4822 et
564 4745 780 4852 religiossos
810 4763 848 4825 et
874 4745 1024 4826 nobiles
1048 4745 1148 4823 bene
1173 4724 1291 4851 recipi
1315 4744 1354 4819 in
1378 4742 1557 4823 dontibus
1586 4742 1729 4821 ordinis
1757 4741 1797 4819 in

376 4875 513 4983 quibus
534 4877 674 4955 exstitit
694 4894 959 4955 commoratus.
976 4880 1021 4956 ln-
1035 4876 1206 4984 rapitulis
1227 4873 1517 4954 deffendebatur
1532 4874 1585 4953 eis
1600 4901 1648 4951 ne
1668 4872 1798 4950 illieita

460 5011 564 5076 asceta
585 5034 638 5077 urs
659 5034 832 5077 musalms.
846 5049 888 5062 -
901 5035 934 5076 u.
1612 5032 1648 5072 ro
