4236 5948
730 504 924 596 enecas
950 521 1044 600 nas
1072 522 1375 597 reveniens.
1716 528 1763 602 se

347 666 562 755 deffuncfis,
587 665 625 739 in
653 692 817 770 quorum
849 665 1004 770 quidem
1033 667 1318 771 recepcionibus
1345 668 1400 742 vel
1430 686 1513 773 post
1542 671 1656 746 nichil
1693 674 1762 749 luit

345 817 464 876 actum
487 824 556 872 nec
576 795 720 871 dictum
739 796 786 872 de
798 795 940 873 illicitis
960 796 999 872 in
1026 798 1192 875 articulis
1212 799 1397 876 contentis
1417 827 1486 875 nec
1502 800 1645 906 aliquid
1661 804 1764 879 aliud

345 930 606 1017 inhonestum3
629 926 696 1002 sed
718 955 787 1033 per
809 955 874 1004 eos
896 927 1086 1034 requisitis
1110 930 1304 1018 societate,
1326 957 1421 1034 pane
1448 947 1485 1006 et
1504 960 1599 1036 aqua
1620 933 1763 1009 ordinis

345 1062 571 1168 frequenter,
595 1077 632 1135 et
652 1060 927 1137 deliberacione
946 1060 1089 1146 habita,
1109 1062 1162 1136 eis
1177 1062 1377 1149 concessis,
1397 1063 1450 1138 eis
1463 1091 1532 1168 pro
1547 1064 1624 1139 suis
1638 1092 1765 1170 recep-

344 1193 512 1269 cionibus
526 1191 768 1280 instantibus,
786 1191 955 1297 predicto
967 1192 1176 1297 quodbene
1188 1192 1457 1282 deliberarent,
1471 1194 1557 1314 qqifl
1573 1213 1764 1300 oporteret

345 1354 404 1401 cos
416 1354 436 1399 a
448 1352 486 1401 se
500 1324 672 1400 abdicare
683 1323 851 1429 proprias
864 1322 1071 1399 voluntates
1084 1341 1120 1399 et
1131 1322 1262 1431 subjici
1277 1324 1424 1411 alienis,
1441 1341 1478 1400 et
1491 1324 1608 1403 multa
1622 1326 1714 1402 dura
1727 1346 1763 1401 et

344 1483 467 1561 aspera
484 1454 686 1543 sustinere3
708 1451 871 1530 finaliter
887 1455 1031 1559 poscito
1052 1452 1099 1529 ab
1120 1454 1173 1531 eis
1187 1455 1290 1561 quod
1312 1484 1389 1530 non
1407 1454 1596 1531 habebant
1611 1456 1765 1531 infirmi-

344 1604 431 1663 tates
451 1584 627 1676 latentes,
650 1612 720 1661 nec
740 1601 846 1661 erant
871 1583 1008 1662 debitis
1032 1614 1108 1690 que
1136 1584 1278 1661 solvere
1299 1614 1377 1661 non
1396 1604 1564 1691 possent,
1595 1615 1663 1662 nec
1685 1617 1764 1662 ma-

343 1716 538 1802 trimonio,
561 1744 631 1791 nec
651 1714 756 1792 alteri
780 1715 952 1823 religioni
970 1715 1145 1821 obligati,
1169 1714 1255 1791 fecit
1281 1715 1334 1791 eis
1348 1743 1480 1792 vovere
1502 1734 1539 1791 et
1559 1716 1686 1822 jurare
1708 1747 1766 1792 ca-

342 1848 521 1935 stitatem,
538 1844 816 1930 obedienciam,
838 1846 959 1922 vivere
976 1847 1056 1921 sine
1077 1847 1248 1951 proprie,
1267 1863 1303 1921 et
1324 1874 1466 1922 servare
1482 1847 1602 1923 bonos
1616 1877 1706 1924 usus
1728 1868 1764 1924 et

342 1979 456 2053 bonas
476 1975 769 2053 consuetudines
785 1976 940 2052 ordinis.
963 1978 1010 2053 Et
1030 1977 1215 2082 impositis
1231 1978 1352 2080 primo
1374 1965 1576 2067 militibus,
1598 1997 1765 2084 postmo

343 2107 430 2182 dum
454 2106 717 2192 servientibus,
743 2106 948 2195 mantellis,
972 2106 1043 2182 luit
1064 2135 1127 2181 eos
1154 2107 1343 2183 osculatus
1369 2107 1405 2181 in
1429 2136 1512 2194 ore,
1534 2125 1571 2182 et
1591 2108 1764 2183 instruxit

343 2264 402 2313 eos
419 2252 512 2340 quot
533 2237 644 2311 Pater
660 2249 774 2310 noster
792 2234 961 2311 dicerent
982 2263 1049 2339 pro
1068 2237 1171 2313 boris
1185 2237 1276 2322 suis,
1299 2254 1336 2311 et
1357 2236 1519 2340 qualiter
1539 2257 1711 2344 regerent
1725 2269 1763 2314 se

341 2366 375 2440 in
406 2365 549 2441 ordine.
579 2366 797 2470 Requisi-tus
822 2365 851 2439 si
881 2367 967 2451 scit,
1004 2366 1124 2440 credit
1152 2366 1209 2441 vel
1237 2366 1378 2441 audivit
1404 2366 1478 2441 dici
1506 2367 1609 2472 qnod
1635 2367 1763 2443 illicita

343 2513 513 2572 contenta
533 2495 571 2570 in
590 2494 756 2571 articulis
776 2495 833 2570 vel
861 2495 948 2583 alia,
976 2522 1044 2571 seu
1063 2496 1187 2600 aliqua
1211 2525 1254 2570 ex
1275 2497 1329 2572 eis
1351 2497 1618 2571 intervenirent
1643 2498 1680 2569 in
1707 2527 1764 2572 re-

342 2624 579 2731 cepcionibus
606 2624 766 2701 aliorum
795 2623 951 2701 fratrum
981 2625 1070 2700 dicti
1105 2625 1249 2701 ordinis
1280 2625 1337 2700 vel
1367 2643 1467 2729 post,
1502 2627 1695 2731 respondit
1725 2657 1762 2702 se

342 2758 497 2845 nescire,
521 2783 591 2832 nec
610 2753 801 2831 audiverat
821 2755 894 2831 dici
915 2773 1001 2831 ante
1021 2755 1237 2859 capcionem
1259 2784 1411 2841 corum;
1434 2757 1500 2831 sed
1516 2774 1600 2861 post
1621 2759 1763 2862 capcio-

343 2915 443 2977 nem,
476 2886 618 2961 audivit
635 2885 719 2961 dici
750 2914 928 2991 magnum
960 2886 1177 2993 Magistrum
1208 2902 1243 2959 et
1271 2885 1362 2960 alios
1391 2886 1619 2960 contrarium
1649 2886 1762 2962 luisse

341 3016 543 3105 confessos,
566 3033 604 3093 et
626 3032 780 3122 propter
804 3016 892 3102 boc,
912 3014 1009 3091 dixit
1034 3041 1072 3090 se
1097 3016 1240 3090 nescire
1261 3015 1366 3120 quod
1388 3015 1514 3090 credat
1536 3043 1649 3121 super
1672 3017 1760 3104 boc,

342 3177 384 3223 an
407 3148 504 3226 dicta
526 3148 651 3224 illicita
671 3147 941 3223 intervenirent
960 3145 1017 3221 vel
1040 3173 1138 3229 non;
1159 3173 1229 3221 nec
1249 3146 1318 3220 scit
1333 3144 1446 3253 aliud·
1458 3147 1505 3222 de
1522 3148 1707 3222 contentis
1723 3149 1762 3222 in

342 3277 451 3354 dictis
469 3278 634 3354 articulis
655 3276 725 3353 nisi
745 3276 912 3381 predicta
929 3292 967 3352 et
985 3274 1082 3350 illud
1099 3276 1204 3381 quod
1222 3276 1416 3382 sequitur:
1438 3305 1524 3352 narn
1547 3277 1639 3353 dixit
1658 3282 1760 3382 quod

341 3407 436 3484 bene
455 3408 630 3486 credebat
650 3408 907 3485 ecclesiasticis
930 3408 1184 3496 sacramentis,
1215 3424 1252 3483 et
1272 3407 1391 3484 eredit
1416 3409 1520 3512 quod
1545 3409 1606 3484 alii
1632 3408 1763 3485 fratres

341 3540 483 3616 ordinis
504 3539 637 3627 eodem
670 3539 785 3616 modo
812 3538 1025 3624 crederent,
1054 3555 1091 3613 et
1114 3540 1218 3644 quod
1244 3564 1376 3614 eorum
1403 3538 1614 3615 sacerdotes
1636 3534 1762 3616 debite

342 3669 584 3747 celebrarent.
601 3671 781 3747 Jurabant
796 3668 969 3746 ordinem
990 3697 1067 3745 non
1085 3668 1195 3744 exire.
1219 3669 1352 3744 Statim
1374 3697 1442 3772 pro
1464 3671 1638 3773 professis
1655 3670 1763 3745 babe-

342 3801 489 3878 bantur.
507 3801 749 3879 Clandestine
763 3797 1055 3906 recipiebantur,
1076 3826 1120 3875 ex
1137 3826 1213 3904 quo
1231 3799 1351 3875 credit
1367 3800 1471 3904 quod
1488 3817 1584 3876 esset
1600 3801 1763 3905 suspicio

341 3950 468 4009 contra
494 3960 569 4010 eos.
595 3931 773 4011 Cordulis
799 3931 901 4008 unda
925 3929 1100 4007 volebant
1120 3931 1321 4035 assumptis
1345 3930 1591 4037 cingebantur
1610 3949 1764 4035 propter

342 4065 576 4141 honestatem
604 4092 717 4169 super
742 4061 911 4141 camisias
935 4089 1020 4139 cum
1049 4060 1189 4166 quibus
1211 4061 1396 4169 jacebant.
1419 4061 1689 4168 lnjung'ebatur
1710 4061 1763 4134 eis

341 4222 408 4299 per
436 4208 711 4271 sacramentum
746 4193 851 4300 quod
886 4220 963 4269 non
999 4191 1206 4269 revelarent
1240 4208 1381 4268 secreta
1410 4189 1679 4296 capitulorum,
1713 4189 1762 4265 de

343 4325 457 4403 modo
476 4324 707 4430 recepcionis
727 4322 879 4430 speciali
899 4351 976 4401 non
996 4320 1122 4399 habita
1144 4322 1353 4399 mencione.
1378 4320 1571 4413 Quamdiu
1590 4335 1763 4425 poterant

343 4455 510 4533 invenire
537 4454 747 4532 sacerdotes
770 4442 930 4544 ordinis,
957 4480 1034 4530 non
1061 4469 1235 4557 poterant
1259 4451 1400 4558 absque
1428 4478 1559 4527 eorum
1585 4448 1760 4540 licencia,

340 4584 431 4665 aliia.
439 4585 622 4663 confiteri.
640 4583 679 4661 Si
696 4585 760 4690 qui
777 4599 884 4662 erant
897 4583 1028 4661 fratres
1044 4583 1205 4660 scientes
1220 4611 1365 4659 errores
1382 4584 1420 4659 in
1438 4582 1588 4671 ordine,
1605 4580 1760 4659 luerunt

345 4718 578 4826 negligentes
597 4717 685 4822 quia
705 4743 783 4792 non
803 4730 1045 4794 correxerunt
1065 4741 1129 4791 eos
1153 4741 1222 4789 nec
1243 4712 1565 4790 denunciaverunt
1583 4711 1759 4789 Ecclesie.

340 4848 393 4925 De
418 4848 597 4925 mandato
618 4847 856 4954 superiorum
881 4844 1025 4925 ordinis
1049 4844 1143 4922 vidit
1163 4841 1444 4923 elemosinaset
1471 4843 1761 4950 hospitalitatem
