4236 5948
348 539 424 610 270
738 519 936 611 esoces
967 539 1063 611 uns
1094 538 1394 612 reuertens.

347 678 558 755 macionem
586 679 752 784 recipere
787 677 1017 784 pleniorem,
1055 678 1253 784 dictusque
1280 679 1456 757 dominus
1485 678 1701 786 Bajocensis
1724 682 1773 762 de

345 810 516 885 Romana
532 808 634 886 curia
659 809 849 900 rediisset,
875 825 912 886 et
937 825 1036 885 esset
1055 838 1141 886 cum
1164 809 1320 887 domino
1341 838 1427 918 rege
1441 811 1608 893 ‚Francie
1635 809 1773 891 illustri

346 941 445 1046 apud
474 940 738 1030 Pontissaram,
770 940 838 1016 uhi
869 938 1146 1045 parlamentum
1170 940 1316 1046 regium
1346 938 1556 1033 tenebatur,
1584 969 1773 1021 unacum

347 1070 552 1146 reverendo
586 1087 689 1175 patre
717 1070 874 1148 domino
910 1069 956 1148 G.
984 1069 1056 1145 Dei
1083 1071 1204 1177 gracia
1224 1071 1505 1177 archiepiscopo
1521 1072 1770 1162 Narbonensi,

348 1202 485 1305 collega
502 1230 648 1288 eorum,
666 1219 702 1276 et
716 1201 803 1277 dicti
820 1200 962 1278 domini
978 1200 1277 1308 archiepiscopus
1294 1220 1331 1278 et
1346 1203 1540 1308 episcopus
1559 1203 1772 1309 Bajocensis

348 1361 423 1408 non
460 1349 611 1437 possent
646 1333 911 1409 convenienter
940 1331 1217 1438 parlamentum
1247 1333 1394 1438 regium
1425 1330 1616 1410 dimittere
1648 1361 1774 1440 supra·

346 1461 506 1552 dietum,
529 1479 567 1537 et
586 1487 654 1567 pro
678 1462 870 1569 premissis
898 1459 1276 1566 explendisParisius
1297 1462 1491 1552 accedere,
1522 1461 1588 1539 ubi
1616 1463 1773 1569 inquisi-

345 1592 463 1667 cionis
490 1592 708 1699 hujusmodi
735 1621 931 1698 processus
965 1591 1085 1670 luerat
1118 1594 1290 1670 incoctus
1306 1609 1356 1669 'et
1383 1593 1499 1669 eciam
1524 1609 1769 1698 prosecutus,

346 1721 476 1826 prelati
511 1722 656 1798 domini
688 1723 852 1829 episcopi
886 1722 1161 1799 Lemovicensis
1192 1739 1230 1799 et
1250 1723 1499 1830 Mimatensis,
1528 1722 1702 1800 Matheus
1719 1722 1771 1803 de

345 1851 497 1956 Neapoli
520 1869 557 1926 et
584 1851 870 1929 archidiaconus
891 1851 1157 1943 Tridentinus,
1189 1853 1238 1929 ad
1263 1879 1393 1958 preces
1418 1869 1455 1927 et
1479 1851 1770 1957 requisicioncm

344 1981 503 2086 predicti
534 1980 679 2058 domini
701 1983 812 2088 regis,
833 1982 879 2057 ad
901 1983 1006 2089 cujus
1022 1982 1138 2058 eciam
1157 1982 1402 2071 instanciam,
1424 1998 1467 2058 ut
1484 1981 1674 2072 dicebant,
1695 1983 1771 2061 dis·

345 2112 510 2188 tulerant
542 2112 657 2188 finem
696 2112 890 2218 imponere
920 2114 959 2189 in
993 2113 1189 2218 predictis,
1223 2139 1420 2220 quousque
1451 2112 1555 2188 idem
1590 2112 1769 2195 dominus

345 2243 556 2349 Bajocensis
582 2259 620 2318 et
635 2243 696 2317 alii
709 2298 712 2301 ,
722 2242 879 2346 predicti
902 2242 1047 2318 domini
1070 2243 1162 2347 regii
1184 2241 1314 2317 nuncii
1340 2241 1387 2317 de
1408 2244 1575 2317 Romana
1590 2240 1694 2319 curia
1712 2271 1770 2320 re·

347 2371 517 2463 diissent,
541 2371 784 2447 contulerunt
810 2399 848 2447 se
869 2369 1117 2474 personaliter
1137 2371 1199 2446 die
1224 2369 1368 2448 sabbati
1394 2386 1479 2474 post
1502 2370 1765 2459 Pentecosten,

345 2530 417 2606 que
447 2502 517 2576 suit
547 2503 677 2607 quinta
708 2501 788 2577 dies
817 2501 959 2577 mensis
987 2502 1106 2591 lunii,
1141 2500 1190 2576 ad
1227 2499 1420 2579 abbaciam
1450 2499 1615 2607 regalem
1648 2528 1768 2608 prope

345 2633 611 2722 Pontissaram,
639 2633 686 2708 ad
714 2631 985 2708 conferendum
1006 2633 1053 2707 de
1068 2631 1246 2737 predictis
1272 2660 1360 2706 cum
1388 2630 1554 2708 dominis
1582 2658 1688 2740 rege,
1711 2659 1769 2708 ar·

345 2765 583 2870 chiepiscopo
615 2780 652 2839 et
686 2764 861 2868 episcopo
890 2762 1131 2868 supradictis,
1170 2760 1321 2839 in'loco
1349 2760 1593 2838 existentibus
1620 2789 1768 2840 memo·

344 2911 443 2982 rat03
462 2912 499 2970 et
518 2895 644 2970 hahita
665 2893 764 2970 inter
783 2920 822 2969 se
842 2891 1048 2969 collacione
1061 2909 1105 2970 et
1124 2891 1402 2970 deliberacione
1412 2891 1612 2998 diligenti,
1632 2890 1767 2997 prelati

347 3026 491 3101 domini
523 3026 823 3130 archiepiscopus
851 3040 889 3099 et
915 3024 1095 3129 episcopi,
1120 3025 1294 3100 Matheus
1315 3023 1361 3100 de
1391 3022 1545 3128 Neapoli
1579 3039 1617 3099 et
1646 3021 1767 3101 archi·

345 3155 523 3231 diaconus
551 3154 797 3231 Tridentinus
826 3152 1061 3231 considerato
1090 3152 1209 3259 quod,
1242 3181 1309 3258 per
1337 3154 1600 3229 attestaciones
1627 3152 1767 3229 dueen-

342 3303 468 3360 torum
497 3285 647 3391 triginta
674 3301 712 3359 et
730 3283 842 3360 unius
867 3283 1038 3369 testium,
1055 3311 1123 3387 per
1140 3311 1304 3388 quorum
1332 3281 1478 3388 aliquos
1506 3281 1767 3387 deponebatur

344 3415 390 3488 de
419 3414 701 3518 reccpcionibus
725 3413 831 3489 factis
850 3412 947 3487 ultra
965 3439 1066 3487 mare
1088 3414 1127 3487 in
1145 3413 1310 3517 presenti
1331 3413 1596 3517 inquisicione,
1619 3431 1657 3488 et
1675 3412 1767 3489 alio·

343 3572 425 3619 rum
452 3544 491 3618 in
519 3543 672 3619 diversis
695 3541 826 3617 mundi
848 3539 1018 3646 partibus
1045 3542 1363 3631 examinatorum,
1386 3558 1513 3619 contra
1532 3540 1707 3620 ordinem
1728 3559 1766 3618 et

343 3701 412 3778 pro
433 3675 529 3778 ipso,
556 3702 631 3748 una
651 3702 737 3749 cum
758 3671 991 3779 septuaginta
1018 3672 1166 3749 duobus
1195 3671 1412 3750 examinatis
1436 3699 1503 3775 per
1523 3670 1666 3746 dictum
1694 3671 1765 3748 do·

344 3804 489 3879 minum
517 3804 678 3910 Pappam
709 3821 746 3879 et
775 3803 921 3909 aliquos
951 3803 1126 3879 dominos
1146 3801 1354 3879 cardinales
1379 3802 1418 3877 in
1448 3829 1564 3908 regno
1585 3802 1761 3891 Francis,

343 3950 516 4039 poterant
536 3934 691 4039 reperiri
724 3962 766 4008 ea
794 3961 868 4037 que
889 3932 1144 4037 reperirentur
1171 3959 1239 4037 per
1261 3931 1467 4036 plnres-si
1497 3931 1621 4008 adhuc
1645 3930 1765 4010 adrni-

342 4064 589 4140 nistrarentur
616 4063 779 4139 dominis
811 4062 1074 4139 commissariis
1102 4062 1301 4139 antedictis
1319 4079 1358 4138 et
1381 4061 1682 4137 examinarentur
1698 4088 1765 4166 per

343 4221 425 4278 eos3
449 4195 690 4270 actendentos
717 4195 872 4298 insuper
889 4194 994 4297 quod
1013 4192 1141 4298 plures
1162 4209 1275 4269 testes
1298 4207 1389 4268 tunc
1411 4218 1488 4267 non
1508 4189 1763 4268 offerebantur

343 4324 412 4412 eis,
432 4352 500 4429 per
519 4352 613 4430 quos
633 4340 787 4429 possent
805 4322 998 4411 informari
1019 4323 1067 4399 de
1087 4321 1374 4429 recepcionibus
1394 4319 1498 4396 factis
1517 4319 1618 4396 ultra
1640 4349 1760 4406 mare,

343 4471 380 4530 et
394 4456 498 4560 quod
511 4483 581 4559 per
598 4456 846 4532 reverendum
872 4456 911 4531 in
937 4454 1086 4531 Christo
1111 4471 1255 4559 patrem
1277 4452 1476 4532 dominum
1503 4451 1760 4555 Stephanum,

344 4583 412 4659 Dei
432 4585 552 4690 gracia
574 4585 672 4661 tituli
701 4585 826 4662 Sancti
851 4584 985 4663 Ciriaci
1006 4585 1048 4659 in
1070 4582 1219 4661 Termis
1243 4582 1494 4689 presbiterum
1515 4580 1757 4669 cardinalem,

346 4713 525 4818 scriptum
541 4714 663 4793 suerat
679 4717 842 4793 dominis
860 4716 1116 4793 Lemovicensi
1133 4733 1171 4790 et
1186 4713 1397 4790 Mimatensi
1411 4711 1599 4820 predictis,
1609 4728 1652 4788 ut
1669 4712 1763 4790 dice·

348 4843 458 4932 bant,
487 4846 589 4948 quod
616 4875 829 4950 processum
863 4847 1058 4923 mitterent
1083 4846 1256 4923 celeriter
1287 4844 1534 4930 antedictum3
1565 4859 1762 4947 pensantes
