4236 5948
353 569 425 680 tor
744 548 940 641 rnocns
966 563 1062 638 ons
1087 550 1386 639 rnnrtxnn's.

351 684 458 787 finxit
472 736 511 786 se
524 711 646 815 ipsum
662 707 839 796 osculari,
854 708 921 787 sed
935 734 1012 785 non
1024 706 1147 812 tetigit
1161 733 1309 785 carnem
1323 733 1444 786 surm.
1462 706 1562 785 Dixit
1576 709 1695 784 eciam
1707 734 1776 815 per

347 843 601 949 jtrrimentum
619 867 727 917 suum
748 839 851 944 quod
869 839 989 915 dictus
1003 837 1190 943 recipiens
1205 837 1369 916 ostendit
1386 836 1456 915 sibi
1475 836 1679 943 quamdam
1693 865 1777 919 cru-

351 998 433 1049 cem
453 971 629 1077 ligneam,
640 984 678 1046 et
691 968 860 1073 precepit
875 968 947 1046 sibi
963 966 1068 1074 quod
1086 967 1289 1075 abnegaret
1307 967 1414 1046 illurn
1428 968 1494 1074 qui
1513 967 1634 1046 fixerat
1647 993 1777 1075 pessus

352 1104 389 1177 in
408 1126 468 1189 ee,
491 1118 528 1178 et
546 1101 652 1208 quod
671 1118 821 1205 spueret
840 1124 952 1206 supra
968 1125 1134 1189 crucem,
1156 1115 1194 1176 et
1213 1101 1293 1206 ipse
1311 1100 1379 1206 qui
1397 1100 1568 1206 loquitur
1582 1099 1777 1208 abnegavit

351 1233 483 1321 semel,
502 1251 539 1309 et
554 1233 660 1309 finxit
671 1260 710 1308 se
721 1258 857 1337 spuere
876 1258 988 1338 supra
1001 1257 1167 1320 crucem,
1184 1231 1252 1309 sed
1268 1231 1426 1337 spuebat
1438 1231 1486 1308 ed
1500 1248 1652 1320 terram,
1670 1249 1714 1309 ut
1724 1230 1777 1308 di·

351 1366 401 1440 xit
415 1393 482 1471 per
492 1357 752 1471 juramentum
773 1391 896 1440 suum.
917 1362 1018 1439 Dixit
1039 1362 1155 1438 eciam
1176 1391 1244 1468 per
1258 1362 1517 1469 juramentum
1537 1391 1646 1439 suurn
1670 1362 1777 1468 quod

350 1495 558 1602 injunctum
579 1493 650 1570 suit
661 1491 730 1570 sibi
751 1493 854 1601 quod
875 1493 905 1570 si
921 1492 1022 1569 calor
1041 1493 1224 1579 naturalis
1241 1510 1408 1570 moveret
1426 1520 1531 1581 eum,
1549 1493 1654 1599 quod
1673 1514 1777 1570 com-

350 1626 522 1702 misceret
538 1652 577 1702 se
589 1652 675 1701 cum
686 1623 813 1731 aliquo
828 1625 876 1701 de
891 1623 1066 1702 fratribus
1078 1623 1168 1700 dicti
1183 1624 1476 1712 ordinisethoc
1495 1623 1596 1700 idem
1609 1622 1681 1699 sibi
1692 1624 1774 1702 fieti

350 1758 396 1834 ab
415 1754 500 1833 eliis
515 1755 691 1834 fratribus
699 1773 907 1863 pateretur,
925 1773 962 1831 et
981 1756 1100 1832 credit
1112 1782 1179 1861 per
1194 1756 1449 1862 juramentum
1465 1779 1577 1832 snum
1595 1753 1699 1861 quod
1713 1754 1774 1832 alii

349 1886 590 1964 fratresdicti
607 1877 749 1965 ordinis
774 1886 1006 1993 recipiuntur
1028 1914 1097 1992 per
1122 1885 1300 1963 eumdem
1329 1886 1499 1963 modum.
1523 1888 1776 1991 Interrogatus

348 2022 416 2124 per
425 2020 682 2126 juramentum
696 2045 813 2095 suum
832 1995 958 2094 utrum
978 2019 1057 2123 ipse
1078 2019 1130 2105 vi,
1151 2017 1209 2094 vel
1228 2034 1334 2094 metu
1354 2018 1511 2095 carceris
1525 2044 1593 2093 seu
1611 2034 1776 2097 tormen·

348 2167 490 2237 torum,
511 2166 576 2226 aut
587 2148 692 2236 alins,
709 2149 748 2224 in
766 2149 955 2254 premissis
970 2148 1221 2225 immiscuerit·
1231 2166 1293 2225 ent
1310 2149 1445 2226 dixerit
1458 2147 1621 2254 aliquam
1637 2146 1774 2224 falsita-

349 2297 444 2368 tem,
471 2297 534 2355 aut
563 2279 786 2356 subticuerit
812 2279 1021 2367 veritatem,
1052 2279 1144 2355 dixit
1165 2308 1234 2385 per
1253 2281 1511 2385 juramentum
1535 2306 1644 2355 suurn
1670 2280 1773 2384 quod

350 2439 440 2498 non,
459 2427 496 2485 et
513 2409 614 2514 quod
641 2437 772 2514 puram
793 2410 986 2485 veritatem
1007 2408 1099 2484 dixit
1118 2427 1155 2486 et
1175 2438 1328 2486 meram.

405 2539 538 2615 Actum
549 2537 709 2616 Perisius
729 2538 769 2613 in
789 2536 966 2616 domibus
983 2536 1149 2645 Templi,
1171 2540 1409 2645 presentibus
1434 2539 1619 2649 religiosis
1643 2557 1682 2616 et
1706 2541 1773 2617 ho-

350 2668 466 2745 nestis
485 2667 572 2744 viris
595 2666 769 2745 fratribus
794 2666 945 2745 Nicolao
967 2667 1014 2746 de
1036 2667 1252 2758 Anessiaco,
1275 2671 1480 2748 Laurencio
1505 2670 1552 2746 de
1577 2670 1769 2758 Nemetis,

348 2789 528 2877 Durendo
548 2798 596 2875 de
617 2799 752 2876 Sancto
772 2799 968 2887 Porcisno,
990 2798 1196 2906 Regineldo
1218 2798 1265 2876 de
1287 2799 1485 2889 Credulio,
1515 2799 1704 2879 Gossoino
1724 2801 1772 2878 de

347 2928 566 3020 Brubnncit,
589 2929 758 3007 Johrnne
776 2929 825 3006 de
846 2929 983 3007 Sancto
998 2930 1217 3017 Vincencio,
1244 2930 1387 3009 ordinis
1415 2949 1452 3009 et
1477 2948 1681 3008 conventus
1705 2929 1773 3007 frt-

345 3076 447 3137 trum
462 3059 744 3137 Predicntorum
760 3052 1038 3150 parisiensium,
1058 3078 1097 3138 et
1111 3060 1272 3138 discreto
1288 3061 1366 3139 viro
1382 3061 1545 3168 Symone
1567 3061 1615 3138 de
1635 3062 1773 3140 Monti-

344 3191 476 3293 gnieco
494 3188 643 3266 baillivo
664 3189 935 3279 Aurelianensi,
956 3191 1117 3278 testibus
1135 3191 1183 3267 ad
1198 3191 1272 3268 boc
1290 3193 1429 3269 vocatis
1449 3210 1486 3269 et
1503 3193 1652 3298 rogetis.

403 3451 495 3525 Item
517 3478 633 3538 anns,
656 3450 846 3528 indicione
861 3469 898 3528 et
911 3451 1129 3558 pontificatu
1148 3451 1343 3558 predictis,
1367 3453 1428 3528 die
1447 3479 1506 3529 xix
1529 3452 1618 3528 dicti
1634 3453 1791 3536 mensis.

345 3578 574 3668 novembris,
598 3582 635 3657 in
654 3581 817 3691 religiosi
840 3600 877 3660 et
897 3583 1046 3660 honesti
1062 3583 1129 3659 viri
1152 3583 1240 3659 dicti
1259 3581 1381 3660 fratris
1402 3584 1596 3660 Laurencii
1615 3584 1663 3661 de
1679 3585 1773 3660 Nen-

345 3711 443 3787 netis
463 3711 706 3789 commissarii
728 3711 816 3789 dicti
837 3713 981 3790 domini
1000 3714 1248 3820 inquisitoris,
1268 3724 1438 3790 nostrum
1456 3714 1690 3790 noeriorum
1705 3742 1772 3818 pu·

345 3839 532 3918 blicorum
543 3842 739 3920 ettestium
749 3842 1068 3949 infrascriptorum
1078 3843 1521 3950 presenciapersonaliter
1531 3843 1767 3932 constitutus,

344 3969 457 4048 freter
473 3971 614 4049 Boinus
636 3972 792 4078 predicti
812 3956 958 4051 ordinis
972 3974 1140 4080 Templi,
1159 3974 1265 4050 etatis
1283 3998 1393 4052 xxvru
1409 3999 1611 4064 annorum,
1624 3973 1770 4080 juranis

344 4101 481 4178 eodem
500 4103 666 4181 modoet
685 4105 887 4210 requisitus
895 4106 1025 4183 dicere
1043 4106 1089 4181 de·
1110 4135 1150 4183 se
1172 4124 1210 4182 et
1229 4104 1276 4182 de
1295 4106 1376 4181 eliis
1396 4104 1484 4181 dicti
1500 4103 1643 4180 ordinis
1657 4104 1771 4180 Tem-

343 4231 412 4336 pli,
432 4249 470 4310 et
488 4233 538 4310 de
551 4235 667 4312 modo
688 4236 918 4340 receptionis
940 4263 1027 4324 sue,
1046 4237 1088 4312 in
1103 4240 1225 4314 'causa
1246 4236 1335 4312 fidei
1356 4237 1564 4323 veritxtem,
1587 4235 1683 4312 dixit
1702 4263 1770 4341 per

338 4363 594 4469 juramentum
609 4393 720 4442 suum
740 4367 846 4472 quod
860 4385 1032 4474 receptus
1052 4366 1123 4447 luit
1142 4368 1181 4443 in
1204 4368 1318 4444 domo
1334 4366 1381 4443 de
1396 4367 1557 4444 Rodolio
1578 4365 1770 4444 Cathxleu·

343 4492 469 4570 nensis
492 4492 677 4586 diocesis,
691 4513 854 4602 quatuor
871 4498 957 4573 anni
984 4515 1096 4575 erunt
1119 4499 1159 4575 in
1178 4497 1273 4575 festo
1293 4498 1443 4575 instanti
1468 4495 1673 4575 Nativitatis
1691 4496 1769 4572 Do·
1791 4542 1792 4546 =

344 4623 453 4712 mini,
472 4653 541 4730 per
559 4627 711 4703 batrem
729 4629 936 4705 iohannem
956 4630 1096 4706 Demar
1115 4648 1373 4736 preceptorem
1393 4630 1490 4704 dicte
1509 4625 1662 4716 domus,
1689 4655 1769 4733 pre·

342 4753 510 4832 sentibus
524 4754 701 4834 fratribus
720 4758 888 4836 iohanne
902 4758 949 4836 de
962 4759 1166 4838 Vaudrueil
1181 4778 1220 4836 et
1231 4759 1398 4867 quodam
1413 4758 1488 4837 alio
1507 4775 1638 4836 vocato
1651 4756 1766 4834 fietne

342 4884 564 4975 Guillelmo,
594 4906 631 4965 et
655 4888 882 4995 quibusdem
911 4888 991 4968 eliis
1018 4891 1066 4969 de
1088 4916 1256 4999 quorum
1275 4891 1492 4970 nominibus
1516 4916 1592 4969 nou
1615 4887 1761 4971 recolit.
