4236 5948
596 546 789 641 anocns
816 569 909 640 ons
936 569 1237 641 annectens.
1577 574 1622 644 ar

202 709 302 785 hunc
316 708 476 784 modum
490 740 497 784 :
512 737 599 784 nam
611 709 814 787 instructus
827 710 873 787 ab
890 710 971 788 aliis
984 710 1160 789 tratribus
1170 710 1275 818 quod
1288 711 1387 788 bone
1401 709 1628 790 deliberaret

203 857 284 917 aute
303 839 523 945 ingressum,
540 841 628 943 quia
644 857 836 944 oporteret
851 869 938 917 eum
954 841 1137 919 voluntati
1153 841 1287 947 subjici
1304 840 1438 934 aliene,
1457 861 1494 918 et
1511 844 1628 919 multa

204 971 296 1048 dura
317 987 354 1046 et
373 998 501 1074 aspera
524 970 725 1062 sustinere,
752 1000 838 1047 cum
859 972 1114 1077 respondisset
1136 972 1242 1078 quod
1262 973 1389 1050 omnia
1409 975 1626 1063 sustineret,

203 1101 314 1206 peciit
330 1128 467 1207 panem
483 1116 520 1176 et
535 1129 670 1206 aquam
691 1117 729 1177 et
742 1101 958 1179 societatem
970 1103 1133 1190 ordinis3
1151 1121 1189 1178 et
1203 1101 1367 1177 finaliter
1378 1103 1411 1179 ei
1428 1105 1626 1194 concessis,

203 1232 288 1309 lecit
306 1260 394 1307 eum
414 1258 546 1308 vovere
563 1248 601 1307 et
615 1232 744 1339 jurare
765 1234 988 1323 castitatem,
1007 1233 1280 1320 obedienciam,
1300 1233 1421 1311 vivere
1441 1236 1521 1311 sine
1540 1266 1628 1341 pro-

202 1362 1625 1470 prio,etservareususetconsuetudinesordinis3etimpositosibimantello,
1710 1384 1719 1407 ¹

203 1512 371 1599 receptor
386 1511 424 1569 et
441 1511 603 1571 astantes
618 1493 773 1571 osculati
792 1493 948 1570 suerunt
963 1523 1050 1570 cum
1062 1495 1101 1569 iu
1118 1523 1195 1571 ore.
1214 1497 1392 1602 Postque
1410 1498 1576 1602 precepit
1593 1499 1626 1573 ei

204 1624 324 1701 dictus
340 1641 523 1730 receptor,
542 1625 580 1701 in
600 1626 791 1732 presencia
807 1624 973 1711 illorum,
997 1627 1103 1731 quod
1118 1626 1321 1732 abnegaret
1341 1628 1478 1713 Deum,
1493 1644 1530 1702 et
1547 1628 1625 1734 ipse
1746 1728 1749 1735 Ι

202 1756 304 1831 testis
324 1755 520 1862 abnegavit
540 1757 665 1833 Deum
685 1784 751 1833 ore
776 1784 853 1833 non
877 1756 1006 1848 corde,
1035 1773 1077 1832 ut
1098 1755 1200 1832 dixit.
1228 1757 1375 1835 Deinde
1399 1760 1568 1863 precepit
1592 1759 1626 1833 ei

202 1887 305 1991 quod
325 1905 478 1992 spueret
497 1916 611 1993 super
631 1887 832 1994 quamdam
854 1916 1017 1978 crucem,
1040 1887 1160 1964 nescit
1179 1888 1209 1964 si
1231 1888 1391 1994 ligneam
1413 1889 1471 1964 vel
1491 1889 1626 1964 metal-

202 2013 327 2104 linam,
351 2045 420 2094 nec
434 2018 463 2094 si
481 2018 612 2095 eratin
634 2047 677 2094 ea
695 2047 830 2126 ymago
850 2016 1040 2107 Crucifixi,
1065 2019 1102 2092 in
1118 2033 1217 2095 terra
1233 2019 1404 2124 positam,
1421 2017 1540 2094 nescit
1559 2047 1628 2125 per

202 2174 328 2252 quem,
352 2166 389 2225 et
417 2150 494 2254 ipse
513 2149 620 2226 testis
640 2148 765 2226 noluit
784 2176 919 2255 spuere
940 2177 1010 2226 nec
1028 2175 1141 2254 super
1161 2176 1230 2224 nec
1250 2149 1368 2254 juxta.
1391 2147 1473 2224 Alia
1497 2148 1626 2225 illicita

203 2305 277 2354 non
304 2279 588 2355 intervenerunt
612 2280 651 2354 in
675 2278 773 2355 dicta
800 2308 865 2356 sua
893 2280 1112 2384 recepcione
1138 2307 1207 2356 nec
1232 2297 1327 2385 post.
1356 2280 1572 2385 Requisitus
1597 2281 1627 2356 si

203 2406 293 2484 dixit
314 2407 384 2484 sibi
405 2409 509 2514 quod
530 2410 696 2515 predicta
717 2408 846 2485 illicita
863 2426 987 2486 essent
1009 2409 1056 2485 de
1077 2411 1226 2515 punctis
1246 2411 1409 2503 ordinis,
1432 2413 1627 2517 respondit

203 2538 305 2642 quod
324 2566 413 2615 non.
431 2539 647 2644 Requisitus
663 2539 692 2615 si
713 2538 794 2624 scit,
812 2538 944 2629 credit,
964 2538 1021 2615 vel
1043 2539 1185 2617 audivit
1205 2539 1277 2615 dici
1298 2542 1403 2647 quod
1423 2541 1626 2651 abnegacio

204 2685 238 2743 et
257 2668 415 2772 spuicio,
437 2668 492 2745 vel
508 2668 633 2774 aliqua
649 2668 720 2745 alia
742 2668 871 2745 illicita
889 2670 1159 2746 intervenirent
1178 2671 1217 2745 in
1238 2671 1524 2777 recepcionibus
1536 2673 1628 2749 alio-

203 2827 286 2876 rum
311 2799 467 2877 fratrum
491 2802 550 2877 vel
574 2818 675 2907 post,
699 2800 896 2905 respondit
920 2830 958 2879 se
984 2803 1144 2890 nescire;
1167 2802 1345 2879 credebat
1368 2820 1496 2879 tamen
1520 2805 1626 2909 quod

156 2968 163 2979 ·
204 2934 453 3012 communiter
467 2932 528 3010 alii
543 2933 801 3039 reciperentur
810 2933 908 3010 sicut
921 2933 1095 3039 deposuit
1110 2962 1149 3011 se
1166 2934 1278 3011 fuisse
1292 2950 1498 3040 receptum.
1517 2935 1625 3019 Item,

205 3065 294 3141 dixit
318 3065 420 3172 quod
448 3066 485 3139 in
513 3064 647 3142 ordine
673 3063 933 3141 celebrabatur
958 3064 1169 3141 secundum
1193 3063 1353 3140 formam
1380 3063 1561 3153 Ecclesia,
1589 3081 1628 3140 et

204 3197 309 3299 quod
329 3195 557 3272 contrarium
582 3222 659 3271 non
682 3193 805 3271 fuerat
824 3194 895 3271 sibi
922 3193 1087 3284 dictum,
1111 3211 1148 3271 et
1169 3192 1345 3270 credebat
1366 3194 1472 3300 quod
1496 3193 1628 3272 fratres

203 3325 346 3404 ordinis
361 3327 559 3403 crederent
573 3324 830 3402 ecclesiasticis
843 3324 1095 3401 sacramentis.
1112 3325 1155 3399 ln
1174 3323 1255 3430 ejus
1269 3324 1491 3431 recepcione
1507 3324 1628 3419 luerat

203 3457 273 3534 sibi
295 3458 439 3536 dictum
459 3457 564 3566 quod
585 3457 709 3533 statim
730 3484 798 3561 pro
819 3455 988 3561 professo
1011 3454 1232 3540 habebatur,
1251 3471 1288 3530 et
1308 3453 1381 3531 luit
1396 3454 1627 3533 clandestine

203 3605 389 3696 receptus,
417 3587 534 3666 nullis
565 3587 803 3692 presentibus
832 3588 901 3663 nisi
930 3586 1107 3663 fratribus
1134 3585 1289 3663 ordinis.
1320 3585 1499 3663 Cordulis
1523 3589 1626 3664 unde

202 3718 376 3796 volebant
392 3718 592 3824 assumptis
604 3717 851 3825 cingebantur
863 3747 977 3824 super
994 3718 1162 3794 camisias
1181 3745 1268 3793 cum
1284 3716 1424 3823 quibus
1438 3716 1625 3824 jacebant.

202 3850 470 3958 lnjungebatur
486 3849 540 3926 cis
559 3877 607 3925 ne
626 3847 834 3926 revelarent
852 3866 993 3926 secreta
1008 3847 1277 3954 capitulorum,
1297 3846 1345 3923 de
1361 3848 1477 3927 modo
1498 3876 1628 3953 recep·

203 3980 319 4057 rionis
334 3979 483 4088 speciali
504 4006 582 4057 nou
597 3980 725 4056 habita
739 3978 955 4067 mencione;
967 3980 1033 4084 qui
1046 3978 1289 4065 revelassent,
1308 3978 1430 4084 puniti
1449 3977 1625 4069 luissent,

201 4111 317 4187 nescit
339 4111 510 4217 qualiter.
532 4110 683 4216 Absque
709 4109 883 4196 licencia,
906 4126 948 4185 ut
972 4109 1115 4186 audivit
1141 4108 1232 4199 dici,
1258 4135 1335 4185 non
1354 4107 1628 4215 poterantaliis

202 4269 314 4345 quam
330 4241 587 4319 sacerdotibus
601 4240 763 4326 ordinis,
781 4239 811 4316 si
828 4266 892 4315 eos
909 4239 1048 4341 habere
1066 4254 1256 4344 poterant,
1272 4236 1455 4316 confiteri.
1475 4240 1626 4314 Fratres

201 4371 359 4448 scientes
383 4399 528 4448 errores
550 4370 706 4448 fuerunt
724 4369 955 4478 negligentes
979 4370 1166 4476 quianon
1193 4385 1435 4446 correxerunt
1464 4394 1528 4443 eos
1557 4395 1625 4444 nec

202 4498 521 4579 denunciaverunt
545 4501 722 4578 Ecclesie.
749 4500 982 4577 Elemosinas
1007 4516 1045 4577 et
1066 4497 1360 4605 hospitalitatem
1381 4497 1475 4575 vidit
1494 4525 1629 4576 conve-

187 4631 349 4709 nienter
364 4632 447 4710 lieri
469 4649 507 4709 et
523 4633 658 4709 servari
679 4633 718 4707 in
741 4630 918 4708 domibus
937 4630 1083 4706 ordinis
1102 4630 1141 4705 in
1161 4629 1302 4737 quibus
1322 4629 1443 4705 extitit
1462 4657 1630 4707 commo·

202 4780 313 4840 ratus.
337 4764 519 4843 Ordinata
536 4791 604 4869 per
623 4763 843 4871 Magistrum
865 4790 952 4838 cum
980 4777 1187 4847 conventu,
1206 4760 1437 4866 pertinencia
1461 4760 1509 4837 ad
1531 4778 1629 4838 tem-

202 4893 454 4999 poralitatem,
476 4893 634 4972 brissem
658 4910 798 4970 servata
823 4892 861 4968 in
880 4892 1032 4985 ordine,
1055 4905 1184 4968 contra
1205 4917 1321 4997 quem
1346 4919 1448 4968 nunc
1471 4891 1628 5000 grandia

284 5051 393 5112 rnoc'rs
414 5071 465 5113 nes
485 5069 658 5112 reuertens.
672 5069 753 5109 -ιι,
1463 5065 1494 5107 ιι
