4236 5948
499 526 572 599 iss
882 505 1081 601 procas
1107 526 1205 599 nns
1231 525 1531 598 rnnrmnns.

497 666 568 755 dit,
591 684 628 743 et
647 665 749 772 quod
768 665 912 741 mentiti
933 685 1019 743 sunt
1034 695 1100 772 per
1114 666 1217 773 gulas
1232 695 1330 755 suas,
1349 664 1445 742 salva
1467 663 1681 742 excellentia
1701 665 1810 745 Sedis
1830 693 1918 773 apo-

497 796 624 874 stolice
647 796 857 873 ethonore.

430 913 438 931 ’
553 926 609 1002 Ad
631 926 749 1004 lxxxvr
770 924 965 1003 articulum
991 925 1189 1032 diligenter
1213 926 1475 1034 interrogatus,
1502 925 1592 1002 dixit
1616 922 1721 1033 quod
1744 926 1823 1033 ipse
1850 925 1920 1004 fuit

496 1075 664 1162 receptus
685 1057 721 1132 in
740 1056 889 1132 fratrom
907 1057 996 1132 dicti
1018 1057 1158 1133 ordinis
1179 1057 1219 1133 iu
1237 1056 1389 1132 ecclesia
1404 1085 1470 1133 sen
1491 1056 1629 1161 capella
1648 1056 1785 1133 domus
1802 1058 1918 1135 Mansi

495 1187 582 1277 Dei,
606 1186 736 1262 clausis
751 1187 874 1294 januis
897 1185 1014 1292 ipsius
1040 1186 1194 1291 capelle,
1219 1204 1343 1264 octava
1363 1186 1425 1261 die
1450 1203 1532 1262 ante
1554 1185 1689 1262 festum
1712 1187 1826 1263 sancti
1855 1188 1919 1264 Jo-

495 1317 625 1393 hannis
646 1317 783 1394 mensis
798 1317 898 1425 junii
919 1317 1085 1422 proxime
1104 1316 1273 1423 preteriti
1293 1345 1341 1394 xn
1362 1317 1447 1393 anni
1468 1314 1599 1421 elapsi,
1617 1344 1684 1422 per
1704 1316 1856 1394 fratrem
1871 1316 1916 1397 G.

495 1447 542 1523 de
564 1447 720 1525 Abelars
743 1464 832 1523 tunc
856 1465 1113 1553 preceptorem
1144 1448 1240 1524 dicte
1264 1448 1398 1523 domus
1425 1447 1541 1525 Mansi
1565 1446 1653 1534 Dei,
1685 1447 1918 1552 presentibus

495 1594 532 1652 et
556 1577 698 1654 ibidem
725 1577 927 1653 astantibus
949 1577 1010 1654 Ar.
1038 1577 1085 1653 de
1107 1581 1235 1683 Ruppe
1265 1577 1486 1666 cambrerio,
1521 1576 1684 1682 Symone
1712 1576 1758 1654 de
1786 1579 1914 1666 Turri,

493 1706 754 1784 Bartholomeo
770 1708 817 1783 de
833 1708 944 1783 Turri
955 1707 1163 1813 presbitero
1180 1707 1367 1813 capellano
1387 1707 1578 1794 fratribus,
1596 1723 1633 1782 et
1652 1705 1820 1812 pluribus
1838 1707 1917 1784 aliis

494 1837 665 1915 iratribus
690 1838 831 1914 ordinis
856 1839 1069 1943 supradicti.
1087 1841 1144 1915 De
1169 1840 1284 1915 modo
1305 1855 1431 1915 autem
1457 1867 1522 1914 sue
1548 1838 1778 1942 recepcionis
1807 1838 1915 1914 etde

494 1969 669 2046 omnibus
690 1969 988 2075 contingentibus
1009 1970 1125 2074 ipsam
1142 1970 1415 2075 recepcioncm‚
1432 1967 1523 2045 dixit
1542 1968 1581 2043 in
1600 1968 1774 2046 omnibus
1797 1986 1833 2045 et
1850 1997 1917 2075 per
1964 2015 1973 2035 ι

494 2100 619 2177 omnia
642 2099 682 2174 in
698 2099 832 2176 ellectu
847 2116 889 2175 ut
903 2099 1046 2202 primus
1066 2100 1170 2175 testis
1190 2128 1316 2204 supra,
1339 2115 1376 2174 et
1401 2097 1497 2175 sicut
1517 2097 1730 2175 continetur
1756 2099 1794 2173 in
1818 2097 1915 2176 libro

495 2228 674 2319 exhibito,
694 2247 737 2305 ut
753 2230 886 2318 credit,
903 2230 1107 2336 peripsum
1124 2229 1286 2333 primum
1305 2246 1455 2317 testem,
1474 2228 1684 2310 continente
1699 2228 1865 2336 regulam
1882 2245 1917 2304 et

494 2375 625 2437 statuta
651 2359 796 2437 ordinis
818 2359 1001 2465 prelibati.

549 2490 607 2565 Ad
639 2491 773 2568 lxxxvn
802 2507 840 2566 et
863 2489 1008 2567 lxxxvm
1035 2508 1071 2567 et
1095 2489 1270 2566 ultimum
1297 2486 1471 2568 articulos
1497 2487 1694 2597 diligenter
1719 2507 1757 2567 et
1780 2488 1916 2596 sigilla·

492 2622 559 2696 tim
581 2621 842 2727 interrogatus,
861 2620 1007 2728 negavit
1026 2621 1124 2725 ipsos
1142 2620 1316 2698 articulos
1333 2638 1369 2697 et
1384 2621 1509 2698 omnia
1529 2637 1567 2697 et
1586 2619 1729 2727 singula
1745 2637 1916 2698 contenta

493 2750 531 2824 in
559 2749 629 2839 eis;
654 2750 796 2827 addens
821 2778 859 2827 se
890 2752 1033 2826 nescire
1059 2779 1128 2826 nec
1157 2751 1275 2856 capita
1302 2780 1372 2827 nec
1398 2750 1510 2858 ydola
1539 2781 1608 2828 nec
1632 2750 1754 2856 aliqua
1781 2749 1853 2827 alia
1877 2752 1914 2828 in

493 2881 601 2957 dictis
621 2881 787 2958 articulis
808 2897 995 2970 contenta,
1017 2910 1086 2957 nec
1108 2881 1241 2973 credit,
1264 2912 1348 2960 cum
1375 2911 1451 2960 non
1472 2882 1546 2957 siut
1563 2910 1632 2959 nec
1653 2881 1793 2959 fuerint
1819 2882 1915 2959 dicta

492 3011 609 3117 capita
627 3042 696 3088 nec
716 3012 827 3121 ydola
847 3012 894 3090 de
913 3013 1051 3119 quibus
1066 3013 1118 3090 ibi
1139 3013 1270 3118 agitur,
1287 3041 1355 3090 nec
1376 3029 1477 3089 retro
1495 3011 1632 3088 fueiint
1645 3040 1754 3116 posse
1775 3012 1814 3087 in
1832 3011 1914 3090 loco

493 3141 619 3246 aliquo
640 3142 729 3218 dicti
751 3142 893 3219 ordinis
913 3143 1083 3218 inveniri.

549 3273 670 3378 Super
698 3271 778 3349 aliis
807 3301 894 3350 vero
927 3273 973 3348 de
1004 3272 1142 3378 quibus
1173 3271 1379 3378 precipitur
1404 3270 1485 3350 fieri
1506 3270 1697 3379 inquisitio
1715 3269 1912 3378 generalis,

492 3419 603 3507 prout
629 3404 749 3478 visum
779 3401 849 3478 luit
878 3403 976 3478 dicto
998 3403 1151 3479 domino
1179 3403 1352 3508 episcopo
1382 3420 1418 3478 et
1441 3403 1617 3508 predictis
1645 3400 1727 3479 aliis
1753 3403 1914 3479 dominis

493 3532 677 3608 canonicis
697 3550 731 3607 et
751 3530 932 3638 religiosis
951 3533 1036 3608 viris
1063 3532 1337 3638 inquirentibus
1356 3535 1493 3638 pariter
1513 3563 1599 3608 cum
1620 3532 1771 3622 eodem,
1789 3533 1915 3639 requi·

493 3662 584 3737 situs
606 3662 697 3737 dixit
725 3691 762 3739 se
788 3663 902 3739 nichil
922 3663 1081 3769 amplius
1104 3664 1216 3752 scire,
1239 3692 1284 3740 eo
1312 3663 1409 3740 salvo
1432 3663 1535 3770 quod
1555 3663 1695 3739 audivit
1716 3663 1789 3739 dici
1810 3664 1914 3769 quod

358 3802 363 3817 ‘
492 3793 654 3898 quedam
679 3793 800 3869 littera
830 3794 904 3870 sive
932 3791 1062 3870 cedula
1087 3794 1280 3869 continens
1308 3792 1452 3899 aliquos
1480 3792 1655 3870 articulos
1681 3820 1850 3871 errorum
1879 3812 1914 3871 et

491 3924 688 4000 criminum
709 3923 911 4029 dequibus
930 3925 1099 4030 superius
1121 3940 1177 4000 est
1196 3922 1413 4029 inquisitus,
1432 3923 1532 4000 etde
1554 3922 1693 4030 quibus
1712 3923 1914 4029 inquiritur

492 4028 615 4133 contra
637 4054 767 4132 fratres
792 4054 935 4130 ordinis
961 4054 1180 4160 supradicti,
1210 4053 1329 4130 luerat
1353 4069 1517 4160 apostata
1545 4054 1593 4130 ad
1618 4054 1772 4131 domum
1797 4053 1911 4130 Mansi

491 4188 577 4276 Dci;
594 4187 710 4291 ipsam
730 4204 855 4263 tamen
878 4185 1046 4262 cedulam
1063 4186 1137 4261 sive
1157 4185 1318 4261 litteram
1340 4185 1417 4290 ipse
1439 4213 1509 4262 nec
1522 4185 1645 4263 tenuit
1659 4212 1782 4290 neque
1802 4184 1910 4273 vidit,

491 4317 559 4393 sed
575 4317 734 4393 existens
754 4333 880 4421 captus
901 4317 938 4391 in
955 4317 1050 4392 dicta
1067 4315 1180 4394 domo
1200 4316 1252 4393 sic
1272 4316 1412 4392 audivit
1429 4316 1518 4403 dici,
1534 4344 1610 4393 non
1624 4316 1842 4392 recordatur
1857 4333 1912 4391 ta·

491 4478 577 4525 men
607 4477 627 4524 a
647 4476 734 4554 quo.
756 4449 1004 4554 Interrogatus
1023 4448 1053 4524 si
1071 4477 1139 4553 per
1159 4447 1319 4555 aliquem
1342 4448 1481 4527 exstitit
1499 4446 1720 4524 informatus
1739 4445 1845 4552 quod
1861 4445 1913 4522 sic

491 4606 602 4683 snper
618 4578 794 4683 predictis
817 4577 957 4655 diceret
972 4596 1008 4655 et
1028 4580 1233 4683 deponeret
1248 4595 1285 4655 et
1299 4579 1395 4654 sicut
1410 4577 1599 4683 deposuit,
1621 4573 1814 4682 respoudit
1833 4603 1872 4652 se
1892 4604 1912 4650 a

491 4707 640 4785 nemine
657 4708 895 4785 informatum
911 4708 967 4784 vel
984 4708 1227 4784 subornatum
1243 4707 1369 4786 luisse.
1390 4709 1517 4784 Frater
1529 4725 1654 4784 tamen
1671 4706 1911 4815 Raymundus

493 4837 539 4912 dc
568 4837 701 4923 Gordia
734 4855 929 4942 preceptor
958 4838 1074 4913 Mansi
1110 4838 1178 4914 Dei
1207 4839 1293 4914 dicti
1320 4838 1466 4943 Templi
1509 4866 1638 4914 omnes
1672 4853 1707 4912 et
1744 4835 1911 4943 singulos
