4236 5948
338 570 382 638 12
725 551 920 643 ruocns
946 569 1042 641 nus
1070 567 1372 640 rnurnrnus.

334 709 475 818 capella
487 711 624 789 domus
632 715 664 788 T
667 712 782 818 ampli
797 713 845 790 de
858 710 1199 817 Rupellainsimul,
1217 712 1312 788 circa
1324 710 1450 787 Natale
1467 698 1637 815 proximo
1650 728 1770 816 prete-

333 841 450 945 ritum
470 840 626 919 fuerunt
647 861 732 923 octo
750 844 836 920 anui
857 843 917 921 vel
937 844 1048 931 circa,
1073 842 1204 919 fratres
1222 843 1436 919 Zachariam
1457 842 1504 918 de
1527 860 1652 919 sancta
1676 845 1769 921 Sora

333 973 604 1079 presbiterum,
628 992 666 1052 et
684 974 937 1054 Guillelmum
958 974 1105 1081 Fargeti
1127 974 1346 1061 servientes,
1370 1000 1465 1080 quos
1485 973 1606 1050 credit
1627 973 1767 1063 vivere,

336 1133 413 1183 non
424 1106 557 1184 recolit
568 1108 614 1184 de
626 1108 864 1214 presentibus
875 1135 945 1183 nec
956 1106 1003 1182 de
1011 1107 1234 1184 nominibus
1246 1105 1408 1183 aliorum
1421 1133 1517 1212 quos
1528 1105 1622 1182 vidit
1632 1106 1768 1211 recipi:

335 1236 374 1311 iu
390 1266 554 1343 quorum
569 1239 856 1346 recepcionibus
869 1237 986 1315 nichil
1003 1238 1112 1325 vidit,
1129 1266 1199 1315 nec
1214 1238 1334 1329 scivit,
1352 1265 1422 1314 nec
1441 1235 1584 1313 audivit
1601 1234 1683 1313 fieri
1701 1236 1771 1312 illi·

298 1374 302 1379 ’
336 1367 464 1445 citum.
486 1372 598 1462 Item,
621 1370 713 1446 dixit
729 1369 832 1477 quod
845 1369 966 1447 suerat
984 1369 1208 1476 conjugatus
1222 1369 1261 1444 in
1275 1367 1421 1455 seculo,
1445 1385 1482 1444 et
1496 1367 1601 1474 quod
1616 1384 1771 1445 steterat

334 1526 560 1605 perannum
576 1518 614 1580 et
629 1501 833 1579 dimidium
849 1501 950 1578 ultra
965 1529 1085 1590 mare,
1104 1518 1142 1578 et
1154 1500 1206 1577 ibi
1220 1499 1294 1578 fuit
1310 1500 1381 1578 sibi
1398 1499 1543 1577 dictum
1556 1529 1625 1607 per
1636 1528 1770 1606 quem-

336 1631 423 1709 dam
453 1632 608 1710 lratrem
637 1633 801 1710 militem
831 1633 975 1710 ordinis
1000 1660 1147 1723 senem,
1179 1633 1286 1740 cujus
1315 1660 1456 1710 nomen
1491 1650 1528 1710 et
1558 1659 1768 1739 cognomen

336 1765 507 1872 ignorat,
526 1765 594 1843 sed
615 1765 766 1843 videtur
788 1764 859 1843 sibi
882 1765 989 1871 quod
1009 1782 1107 1842 esset
1130 1765 1333 1871 Hispanus,
1359 1765 1463 1872 quod
1492 1765 1597 1842 tarde
1618 1782 1771 1847 venerat

335 1895 384 1972 ad
398 1896 574 1975 ordinem
595 1897 685 2003 quia
700 1915 780 1975 erat
799 1925 928 1986 senex,
949 1897 1017 1973 sed
1030 1896 1127 1974 lorte
1144 1896 1260 1974 cicius
1272 1914 1427 1975 venerat
1441 1925 1556 2003 quam
1578 1896 1771 2002 expediret

335 2026 422 2116 sibi,
449 2028 539 2133 quia
565 2028 687 2106 dictus
708 2028 819 2106 miles
838 2057 916 2105 non
935 2027 1129 2115 credebat,
1152 2046 1195 2106 ut
1220 2028 1313 2106 dixit
1331 2028 1402 2134 ipsi
1422 2028 1525 2118 testi,
1549 2027 1654 2135 quod
1674 2029 1769 2105 ordo

337 2186 470 2237 eorum
495 2158 562 2235 diu
579 2160 716 2238 durare
738 2176 866 2266 posset
889 2160 1280 2266 proptersuperbiam
1300 2188 1451 2251 eorum,
1476 2177 1514 2249 et
1534 2142 1624 2267 quia
1643 2160 1771 2266 acqui-

246 2310 248 2313 ’
335 2290 470 2368 rebant
495 2289 597 2369 dicto
620 2291 745 2369 ordini
768 2291 1073 2399 quibuscumque
1099 2292 1224 2370 modis
1242 2310 1434 2401 poterant,
1463 2310 1500 2370 et
1527 2309 1633 2369 erant
1656 2292 1771 2369 nimis

336 2420 462 2528 otrpidi
492 2438 531 2498 et
558 2421 767 2512 ambitiosi,
802 2452 872 2501 nec
896 2423 1147 2501 intendebant
1173 2425 1221 2502 ad
1249 2422 1389 2501 factum
1421 2440 1770 2501 armorum-contra

336 2553 510 2632 infideles
537 2555 636 2633 sicut
662 2556 904 2648 debuissent3
933 2575 972 2634 et
992 2558 1066 2634 hoc
1094 2556 1166 2633 luit
1193 2557 1339 2634 dictum
1367 2557 1438 2663 ipsi
1469 2559 1554 2635 testi
1580 2558 1619 2632 in
1644 2556 1769 2662 primo

336 2714 435 2764 anno
451 2688 682 2793 recepcionis
706 2717 785 2766 sue.
816 2691 930 2775 Item,
956 2687 1051 2765 dixit
1072 2688 1178 2795 quod
1195 2687 1295 2765 bene
1315 2687 1493 2765 credebat
1515 2688 1771 2765 ecclesiasticis

335 2820 592 2909 sacramentis,
614 2837 652 2896 et
664 2820 785 2897 credit
796 2819 901 2926 quod
916 2819 978 2896 alii
992 2820 1125 2897 lratres
1139 2820 1238 2897 bene
1252 2818 1452 2896 crederent
1464 2836 1502 2896 et
1516 2820 1623 2926 quod
1636 2822 1769 2898 eoruin

334 2950 547 3037 sacerdotes
567 2950 695 3028 debite
717 2950 961 3028 celebrarent.
990 2951 1172 3028 Jurabant
1193 2951 1368 3029 ordinem
1394 2979 1471 3028 non
1495 2952 1607 3027 exire.
1633 2953 1768 3029 Statim

334 3110 403 3190 pro
423 3082 601 3189 professis
622 3081 871 3159 habebantur.
898 3082 1141 3160 Clandestine
1162 3082 1452 3190 recipiebantur,
1478 3080 1593 3158 nullis
1615 3111 1769 3188 presen-

335 3213 438 3291 tibus
458 3214 531 3290 nisi
547 3213 726 3291 fratribus
742 3213 901 3304 ordinis,
925 3244 969 3291 ex
985 3243 1062 3320 quo
1081 3214 1201 3292 credit
1219 3215 1325 3322 quod
1343 3232 1441 3293 esset
1461 3195 1624 3320 suspicio
1641 3233 1769 3293 contra

336 3372 412 3423 eos.
436 3348 519 3424 Non
540 3346 661 3424 credit
683 3346 788 3454 quod
813 3346 968 3423 cordula
997 3347 1136 3453 quibus
1159 3347 1406 3453 cingebantur
1431 3363 1628 3453 tangerent
1650 3348 1771 3451 capita

335 3477 557 3585 ydolorum,
580 3506 650 3555 nec
664 3478 770 3585 quod
788 3477 972 3555 haberent
991 3507 1061 3557 nec
1079 3481 1280 3558 adorarent
1296 3479 1420 3587 ydola.
1442 3477 1594 3584 Absque
1613 3477 1767 3556 licencia

336 3638 415 3690 non
434 3602 611 3717 poterant
628 3610 700 3688 nisi
726 3611 984 3689 sacerdotibus
1003 3612 1148 3689 ordinis
1171 3610 1354 3690 confiteri.
1376 3611 1613 3688 Elemosinas
1638 3626 1676 3686 et
1700 3611 1771 3688 ho·
1876 3594 1880 3600 .

335 3741 578 3849 spitalitatem
603 3741 806 3832 faciebant,
840 3743 958 3850 aliqui
984 3743 1142 3851 largius,
1170 3744 1287 3852 aliqui
1313 3743 1488 3820 strictius.
1515 3742 1771 3848 Aoquirebant

336 3873 457 3963 multa
470 3873 614 3962 illicita,
632 3903 709 3953 non
725 3892 854 3952 tamen
869 3876 943 3954 hoc
959 3877 1013 3953 eis
1029 3875 1319 3982 precipiebatur.
1341 3874 1528 3982 Capitulia
1542 3873 1772 3951 tenebantur

335 4005 443 4083 valde
461 4006 681 4113 tempestive
707 4025 745 4085 et
764 4008 968 4114 aliquando
984 4009 1032 4085 de
1052 4027 1181 4101 nocte,
1208 4009 1325 4086 nullis
1347 4006 1588 4114 presentibus
1607 4006 1679 4082 nisi
1699 4006 1772 4083 lra-

334 4138 457 4216 tribus
479 4138 641 4230 ordinis,
666 4139 846 4246 deputato
868 4168 946 4217 uuo
972 4139 1025 4216 ad
1042 4141 1251 4219 custodiam
1273 4158 1397 4247 porte,
1420 4169 1467 4216 ne
1485 4139 1773 4216 exteriusaudi-

335 4287 467 4348 rentur
482 4299 525 4347 ea
545 4300 619 4377 que
641 4270 865 4348 dicebantur
885 4271 1053 4349 interius.
1076 4273 1190 4367 Quod
1210 4288 1369 4380 magnus
1388 4271 1564 4378 Magister
1583 4271 1772 4349 statuebat

336 4431 423 4478 cum
440 4418 628 4480 conventu
641 4401 858 4480 servabatur
873 4404 912 4479 in
929 4403 1081 4493 ordine,
1100 4421 1228 4482 contra
1243 4433 1358 4511 quem
1378 4432 1481 4480 nunc
1495 4403 1651 4511 grandia
1666 4431 1772 4480 scan-

336 4531 436 4622 dala,
450 4535 612 4641 suspicio
627 4533 826 4612 etiulamia
842 4553 931 4612 sunt
943 4553 1079 4614 exorta.
1094 4534 1248 4613 Audivit
1263 4536 1336 4613 dici
1354 4564 1535 4643 magnum
1546 4533 1769 4640 Magistrum

336 4681 375 4742 et
389 4664 482 4744 alios
494 4666 642 4774 aliquos
655 4693 818 4760 errores,
833 4667 953 4745 nescit
967 4696 1079 4774 quos,
1098 4667 1287 4747 confessos
1299 4666 1415 4745 luisse
1430 4683 1560 4744 contra
1573 4664 1766 4754 ordinem,

267 4786 271 4793 ⁸
336 4796 382 4873 ad
404 4799 513 4906 cujus
531 4797 807 4875 deffensionem
830 4826 869 4875 se
890 4826 968 4876 non
989 4797 1191 4876 obtulerat.

393 4927 612 5036 Requisitus
643 4928 674 5008 si
706 4929 758 5007 sic
785 4927 1012 5035 deposuerat
1038 4959 1165 5038 prece,
1202 4949 1398 5041 precepto,
1431 4932 1588 5019 timore,
1619 4957 1765 5037 amore,
