4236 5948
364 550 412 625 is
757 527 952 620 procus
979 548 1074 618 ons
1101 544 1403 636 T-EMPtltus.
1470 575 1474 583 ·

361 710 456 778 tem,
475 691 568 768 lecit
584 719 677 768 eum
698 718 830 767 vovere
846 705 889 765 v'et
903 690 1031 797 jurare
1052 716 1165 794 super
1182 685 1387 793 quemdam
1411 682 1550 760 librum
1572 685 1792 778 castitatem,

271 831 285 861 ·'
362 820 642 911 obedienciam,
672 822 791 900 vivere
816 821 897 898 sine
925 821 1094 927 proprio,
1115 837 1153 895 et
1176 845 1321 897 servare
1347 821 1549 923 proposse
1575 845 1644 894 suo
1673 817 1797 895 bonos

362 984 452 1033 usus
469 971 507 1032 et
519 955 641 1033 bonas
656 953 964 1044 consuetudines,
980 952 1080 1029 bona
1095 969 1133 1027 et
1149 949 1373 1027 elemosinas
1384 946 1540 1038 ordinis,
1554 965 1592 1024 et
1605 976 1683 1025 non
1694 976 1798 1026 reve-

232 1060 250 1103 :r
362 1087 438 1164 lare
460 1104 603 1164 secreta
627 1083 895 1192 capitulorum,
922 1099 960 1160 et
979 1084 1084 1191 quod
1109 1112 1194 1159 cum
1215 1082 1348 1159 habitu
1374 1079 1519 1158 ordinis
1540 1109 1617 1158 non
1639 1080 1797 1161 intraret

363 1218 528 1324 aliquem
549 1217 676 1296 locum
692 1216 956 1303 inhonestum
974 1233 1013 1292 et
1024 1215 1202 1320 imposito
1216 1214 1288 1291 sibi
1306 1212 1499 1300 mantello,
1517 1213 1596 1319 ipse
1614 1230 1653 1289 et
1664 1211 1797 1292 fratres

363 1365 523 1426 astantes
538 1347 696 1427 fuerunt
711 1376 799 1424 eum
817 1346 977 1424 osculati
992 1347 1031 1423 in
1048 1373 1131 1434 ore3
1149 1364 1186 1423 et
1200 1344 1377 1422 instruxit
1389 1374 1476 1421 eum
1491 1362 1587 1450 quot
1600 1344 1713 1423 Pater
1725 1375 1797 1421 uos·

364 1496 416 1556 ter
436 1479 579 1556 diceret
599 1509 668 1585 pro
692 1478 797 1555 horis
822 1478 916 1567 suis,
941 1495 979 1554 et
1003 1476 1167 1582 qualiter
1190 1492 1338 1583 regeret
1360 1504 1399 1552 se
1421 1475 1460 1549 in
1481 1473 1628 1551 ordine.
1647 1476 1796 1554 Deinde

363 1611 457 1688 dixit
484 1611 518 1687 ei
544 1611 583 1686 in
611 1610 805 1717 presencia
827 1608 1088 1715 predictorum
1112 1607 1219 1713 quod
1237 1607 1446 1713 ,abnegaret
1470 1608 1595 1683 Deum
1623 1636 1688 1684 ore
1718 1636 1794 1685 non

363 1742 495 1829 corde,
522 1742 610 1847 quia
634 1743 708 1820 hoc
729 1758 808 1817 erat
829 1740 877 1819 de
897 1740 1047 1846 punctis
1067 1740 1228 1830 ordinis3
1248 1740 1492 1847 postmodum
1513 1755 1640 1845 posset
1655 1739 1708 1836 de
1722 1740 1796 1817 hoc

363 1860 553 1951 confiteri:
569 1871 701 1978 etipse
720 1873 843 1958 testis,
861 1871 995 1949 dolens
1012 1872 1060 1950 de
1071 1870 1262 1978 predictis,
1279 1869 1475 1979 abnegavit
1490 1871 1616 1946 Deum
1635 1897 1795 1948 ore-non

364 2006 490 2096 corde.
507 2004 685 2109 Postque
705 2003 874 2111 precepit
894 2004 927 2081 ei
945 2002 1050 2110 quod
1070 2020 1224 2111 spueret
1240 2031 1354 2109 super
1369 2001 1574 2109 quamdam
1590 2029 1741 2079 crucem
1756 2000 1797 2077 li-

363 2162 497 2242 gneam
515 2162 588 2242 que
606 2150 685 2211 erat
693 2151 795 2212 retro
811 2133 938 2226 altare,
957 2135 996 2210 in
1008 2162 1082 2241 qua
1097 2134 1204 2212 nulla
1217 2153 1297 2213 erat
1310 2162 1444 2242 ymago
1453 2133 1643 2223 crucifixi,
1662 2135 1795 2240 etipse

364 2266 695 2374 testisspuit'non
715 2268 829 2373 snper
854 2268 919 2344 sed
938 2266 1044 2372 juxta
1070 2295 1166 2345 eam.
1192 2266 1510 2372 Etpostmodum
1535 2266 1703 2372 precepit
1724 2265 1796 2343 sibi

363 2396 468 2503 quod
483 2397 718 2476 oscularetur
730 2427 819 2476 eum
835 2399 874 2474 in
891 2426 975 2508 ano,
998 2416 1036 2475 et
1056 2398 1136 2504 ipse
1150 2397 1255 2486 testis
1269 2397 1341 2475 fuit
1354 2426 1443 2475 eum
1455 2397 1643 2476 osculatus
1661 2426 1795 2504 parum

363 2557 474 2635 supra
485 2558 611 2621 anum.
624 2531 841 2637 Requisitus
850 2531 881 2609 si
895 2531 1122 2637 deposuerat
1128 2529 1323 2606 femoralia
1333 2529 1455 2606 dictus
1464 2547 1636 2635 receptor
1643 2529 1795 2636 quando

362 2658 450 2757 fecit
467 2660 612 2769 dictum
632 2661 816 2754 osculum,
834 2662 1030 2774 respondit
1049 2660 1153 2769 quod
1170 2660 1232 2737 sic.
1254 2661 1347 2736 Item
1370 2660 1464 2737 dixit
1483 2660 1588 2767 quod
1606 2678 1692 2767 post
1709 2690 1796 2766 pre-

365 2791 463 2868 dicta
476 2791 796 2901 ⁴dictusreceptor
816 2792 909 2881 dixit
930 2794 963 2869 ei
985 2793 1107 2899 quod,
1129 2791 1340 2869 secundum
1362 2791 1460 2867 dicta
1479 2810 1618 2899 puncta
1639 2791 1794 2885 ordinis,

362 2939 509 3029 poterat
533 2925 733 3003 carnaliter
757 2924 993 3003 commisceri
1014 2923 1097 3000 aliis
1116 2923 1294 3001 fratribus
1311 2924 1456 3001 ordinis
1477 2942 1515 3001 et
1537 2924 1613 3035 ipsi
1625 2954 1711 3001 cum
1727 2953 1794 3013 eor

362 3052 434 3130 hoc
454 3072 582 3134 tamen
602 3085 680 3135 non
700 3055 799 3147 fecit,
821 3086 892 3133 nec
912 3055 1033 3132 credit
1052 3055 1165 3161 quod.
1177 3056 1216 3130 in
1235 3056 1369 3142 ordine
1390 3054 1510 3133 fieret.
1532 3056 1749 3162 Requisitus
1765 3057 1796 3132 si

305 3213 306 3216 ’
362 3185 509 3262 scitvel
530 3187 651 3265 credit
670 3186 729 3263 vel
749 3186 890 3264 audivit
911 3186 982 3263 dici
999 3187 1107 3293 quod
1127 3186 1225 3264 dicta
1245 3185 1375 3263 illicita
1395 3185 1600 3267 confessam
1618 3215 1687 3294 per
1706 3216 1795 3265 eum

362 3317 420 3393 vel
435 3317 507 3394 alia
519 3318 719 3396 inhonesta
730 3320 1000 3398 intervenirent
1014 3320 1269 3403 communiter
1281 3320 1321 3396 in
1333 3315 1619 3424 receptionibus
1633 3318 1795 3396 aliorum

362 3448 519 3524 fratrum
541 3449 687 3529 ordinis
708 3450 767 3528 vel
788 3469 891 3557 post,
914 3436 1109 3558 respondit
1132 3452 1236 3557 quod
1262 3453 1454 3531 nesciebat
1472 3450 1587 3538 bene,
1609 3452 1796 3559 quianon

361 3579 506 3657 viderat
524 3580 639 3688 recipi
662 3580 733 3661 nisi
757 3582 912 3660 fratrem
936 3568 1057 3659 Adam
1081 3587 1306 3661 servientem
1329 3585 1418 3662 dicti
1445 3584 1659 3689 receptorio,
1688 3583 1796 3688 cujus

364 3738 574 3818 cognomen
596 3712 755 3821 ignorat,
776 3714 841 3821 qui
863 3714 934 3792 fuit
952 3732 1127 3821 receptus
1146 3714 1357 3795 secundum
1379 3715 1482 3823 quod
1506 3716 1585 3823 ipse
1605 3714 1711 3792 testis
1731 3717 1798 3792 de-

361 3841 489 3949 posuit
512 3871 551 3920 se
582 3843 695 3924 fuisse
721 3864 916 3953 receptum
941 3846 1068 3954 quoad
1085 3828 1210 3939 licita,
1238 3824 1306 3954 per
1329 3846 1483 3925 fratrem
1511 3847 1721 3924 lohannem
1747 3846 1801 3924 de·

360 3976 459 4065 Nans
479 3976 730 4081 presbiterum
763 3981 973 4086 quondam,
1002 3979 1049 4056 de
1079 3980 1257 4058 mandato
1290 3979 1379 4056 dicti
1405 3980 1529 4056 fratris
1554 3978 1728 4071 Roberti,
1756 3982 1797 4055 in

360 4102 513 4211 Capella
530 4088 667 4185 domus
681 4107 832 4215 Templi
849 4109 896 4186 de
910 4107 1092 4187 Morlenis
1105 4109 1339 4189 Belvacensis
1354 4111 1523 4202 diocesis,
1543 4112 1581 4186 in
1597 4111 1693 4189 festo
1704 4112 1798 4190 Om-

361 4236 468 4313 nium
480 4237 704 4316 Sanctorum
724 4242 896 4345 proximo
920 4243 1102 4348 preterito
1128 4244 1283 4322 fuerunt
1302 4245 1471 4351 quinque
1496 4245 1584 4320 anni
1604 4243 1663 4321 vel
1681 4245 1793 4331 circa,

360 4367 598 4472 presentibus
610 4368 788 4449 fratribus
800 4372 971 4449 Johanne
988 4372 1037 4450 de
1052 4374 1088 4450 la
1101 4375 1280 4454 Vercines
1297 4380 1523 4482 preceptore
1535 4375 1637 4453 'dicte
1657 4376 1797 4452 domus

362 4496 409 4598 de
449 4498 631 4592 Morlens,
664 4530 778 4609 quem
816 4504 936 4581 credit
958 4505 1113 4593 uivere,
1155 4524 1193 4583 et
1222 4508 1303 4613 ipso
1332 4525 1440 4586 teste.
1477 4507 1634 4584 Tradito
1668 4524 1797 4584 autem

362 4626 543 4705 mantello
557 4629 627 4737 ipsi
643 4631 723 4709 Ade
741 4651 778 4710 et
791 4633 907 4712 ducto
919 4663 987 4741 per
1002 4635 1147 4714 dictum
1164 4636 1318 4715 fratrem
1330 4639 1542 4717 iohannem
1552 4652 1653 4715 retro
1667 4638 1795 4725 altare,

361 4759 440 4864 ipse
456 4761 561 4837 testis
580 4764 749 4854 recessit,
772 4783 811 4842 et
828 4767 947 4843 nescit
970 4768 1067 4874 quid
1091 4769 1144 4846 ibi
1171 4788 1346 4879 egerunt3
1370 4772 1522 4848 extimat
1543 4787 1672 4848 tamen
1691 4770 1797 4878 quod

361 4889 645 4970 intervenerunt
659 4893 723 4973 illa
737 4893 867 4973 illicita
881 4925 956 5004 que
977 4899 1151 5005 deposuit
1167 4902 1409 4985 intervenisse
1425 4903 1464 4979 in
1479 4886 1699 5010 recepcione
1715 4931 1794 4993 sua,
