4236 5948
699 176 824 341 ,aa

372 519 443 591 tlt
753 509 947 596 PROCllS
973 522 1068 593 Dus
1095 521 1398 594 TEMPLIERS.

366 676 492 735 contra
523 686 639 766 quem
668 660 812 740 audivit
838 690 1016 771 magnum
1043 660 1262 768 Magistrum
1288 679 1325 738 et
1352 660 1445 738 alios
1473 659 1622 767 aliquos
1643 690 1788 744 errores

366 788 478 866 fuisse
499 787 698 873 confessos.
714 789 773 868 Ad
793 792 937 870 ordinis
958 789 1228 869 deffensionem
1248 819 1288 868 se
1313 819 1390 867 non
1412 789 1611 868 obtulerat.

421 921 637 1028 Requisitus
653 907 681 998 si
695 923 750 1003 sie
768 923 993 1031 deposuerat
1007 950 1117 1030 prece
1125 939 1331 1028 precepto,
1343 921 1499 1009 timore,
1513 950 1661 1017 amore,
1678 924 1787 1020 odio,

363 1052 419 1129 vel
442 1051 637 1158 temporali
655 1055 815 1131 comodo
829 1053 959 1132 habito
971 1052 1028 1131 vel
1050 1052 1247 1144 habendo,
1276 1052 1474 1159 respondit
1492 1053 1597 1158 quod
1610 1081 1703 1145 non,
1717 1058 1788 1137 sed

362 1211 430 1286 pro
451 1184 602 1260 veritate
623 1184 800 1270 dicenda;
833 1185 896 1261 cui
923 1183 997 1269 fuit
1020 1184 1233 1291 injunctum
1253 1183 1358 1289 quod
1385 1213 1462 1261 non
1492 1183 1673 1263 revelaret
1689 1185 1787 1265 hano

361 1342 465 1389 suam
489 1314 787 1420 deposicionem,
808 1343 1006 1420 quousque
1026 1314 1286 1391 attestaciones
1305 1311 1446 1391 luerint
1468 1311 1669 1419 publicate.

414 1575 543 1653 Frater
562 1571 690 1653 Guido
712 1576 759 1652 de
788 1574 891 1652 Bella
910 1573 1008 1653 Villa
1035 1575 1215 1666 serviens,
1248 1573 1453 1653 Meldensis
1479 1576 1654 1678 diocesis,
1678 1578 1784 1657 testis

357 1718 469 1812 supra
476 1707 642 1813 juratus,
657 1721 780 1785 xx11110‘
795 1733 979 1783 annorum
1000 1704 1058 1782 vel
1077 1705 1171 1784 circa
1183 1768 1192 1798 ,
1205 1706 1271 1812 qui
1288 1704 1785 1797 mantellumdimiseratin
1856 1737 1858 1743 ¹

357 1834 518 1915 concilio
541 1831 733 1924 ilamensi,
762 1864 849 1913 cum
868 1865 945 1941 quo
965 1835 1186 1943 inquisitum
1214 1833 1352 1925 luerat,
1373 1834 1568 1913 absolutus
1591 1853 1630 1914 et
1648 1866 1784 1924 recon-

357 1965 792 2074 ciliatus-perdominum
809 1967 1026 2073 episcopum
1043 1965 1371 2055 Suessionensem,
1393 1966 1499 2044 lectis
1520 1984 1557 2044 et
1578 1967 1781 2077 diligenter

357 2098 531 2203 expositis
551 2096 621 2175 sibi
647 2097 825 2175 omnibus
844 2115 882 2174 et
901 2097 1058 2204 singulis
1081 2096 1264 2189 articulis,
1287 2084 1607 2202 respondit'quod
1627 2098 1778 2179 nullum

356 2227 471 2303 alium
503 2227 646 2307 viderat
677 2227 717 2305 i'n
746 2226 881 2310 ordine
909 2228 1043 2334 recipi,
1078 2226 1393 2308 nec-interfuerat
1423 2226 1602 2333 capitulis
1623 2255 1777 2318 eorum,
1846 2270 1852 2276 ·

358 2358 457 2438 unde
482 2358 688 2447 nesciebat,
721 2385 792 2443 nec
816 2358 1008 2437 audiverat
1038 2357 1222 2447 dici-,nec
1246 2356 1423 2437 credebat
1449 2356 1497 2434 de
1523 2358 1709 2436 contentis
1738 2359 1779 2435 in
1802 2379 1805 2384 ’

331 2509 333 2512 ⁴
355 2486 464 2562 dictis
483 2487 650 2567 articulis
667 2487 863 2596 nisi-quod
881 2488 1063 2595 sequitur.
1085 2487 1188 2565 Dixit
1206 2515 1343 2594 nempe
1366 2515 1405 2564 se
1426 2485 1539 2564 luisse
1563 2504 1775 2593 receptum,

353 2617 392 2699 in
412 2617 481 2693 hac
501 2619 625 2699 media
653 2617 957 2726 quadragesaima
975 2617 1131 2705 fuerunt
1148 2619 1320 2726 quinque
1345 2619 1456 2704 anni,
1483 2618 1522 2693 in
1547 2617 1691 2723 capella
1708 2621 1777 2697 do-

353 2774 437 2823 mus
457 2747 606 2853 Templi
635 2750 686 2827 de
715 2747 935 2831 htimhmo
962 2749 1069 2826 Sicco
1089 2747 1294 2826 Meldensis
1325 2746 1502 2832 diocesis,
1529 2774 1599 2851 per
1623 2745 1778 2827 fratrem

248 2867 254 2882 ’
352 2876 594 2984 Radulphum
615 2879 663 2957 de
694 2879 920 2957 Taverniaco
950 2894 1211 2985 preceptorem
1236 2876 1335 2955 dicte
1360 2877 1515 2966 domus,
1544 2892 1680 2954 testem
1711 2907 1777 2955 su·

351 3036 416 3112 pra
439 3010 708 3098 examinatum,
730 3007 969 3115 presentibus
988 3006 1165 3086 fratribus
1180 3006 1390 3089 Guillelmo
1404 3006 1604 3084 d'Ormont
1623 3006 1776 3114 presby·

349 3155 448 3228 tero,
471 3139 679 3227 Guillelmo
700 3140 748 3217 de
768 3140 909 3228 Crene,
934 3138 1144 3219 Guillelmo
1158 3139 1206 3217 de
1229 3140 1364 3219 Sancto
1383 3137 1573 3225 Dionisio,
1596 3156 1634 3215 et
1653 3141 1776 3219 Hum-

349 3270 458 3347 berto
483 3270 643 3348 Valhant
665 3271 731 3377 qui
763 3269 894 3376 affugit
921 3287 1091 3376 tempore
1117 3270 1318 3375 capcionis,
1349 3270 1396 3346 de
1425 3295 1589 3377 quorum
1613 3270 1686 3346 vita
1715 3271 1775 3348 vel

350 3417 471 3477 morte
492 3428 568 3476 non
589 3401 705 3477 habet
723 3399 1007 3492 certitudinem,
1028 3398 1069 3477 in
1088 3399 1191 3476 hunc
1211 3399 1369 3478 modum
1391 3432 1401 3475 ε
1423 3429 1510 3479 nam
1531 3428 1617 3477 cum
1638 3400 1774 3505 peciis-
1825 3444 1829 3451 ·

350 3544 404 3603 set
430 3528 571 3633 pluries
593 3556 731 3635 panem
758 3545 795 3605 et
814 3557 949 3635 aquam
974 3545 1012 3605 et
1031 3529 1247 3607 societatem
1267 3528 1425 3609 fratrum
1457 3529 1618 3621 ordinis,
1651 3548 1688 3607 et
1713 3546 1773 3609 re-

348 3687 526 3762 sponsum
547 3658 678 3737 fuisset
696 3659 731 3737 ei
751 3658 857 3766 quod
870 3660 969 3737 bene
997 3658 1222 3737 deliberaret
1242 3660 1330 3767 quia
1346 3659 1468 3739 multa
1492 3659 1586 3737 dura
1606 3677 1712 3737 erant
1731 3662 1772 3738 in

348 3787 498 3876 ordine,
519 3788 673 3867 tandem
698 3789 779 3895 ipso
800 3790 976 3877 instante,
1006 3789 1188 3874 concessit
1211 3789 1337 3867 eidem
1363 3788 1483 3866 dictus
1515 3806 1698 3895 receptor,
1734 3807 1773 3869 et

347 3915 435 3994 fecit
462 3947 550 3996 enm
580 3946 711 3997 vovere
740 3936 778 3997 et
799 3919 929 4028 jurare
961 3919 1187 4008 castitatem,
1228 3918 1506 4008 obedienciam,
1537 3922 1661 3997 visere
1687 3920 1771 4000 sine

345 4049 516 4153 proprio,
539 4066 578 4125 et
596 4049 700 4155 quod
717 4067 882 4141 servaret
892 4049 1020 4140 ⁴bonos
1040 4078 1131 4127 usus
1153 4067 1190 4127 et
1209 4048 1329 4127 bonas
1356 4049 1772 4130 consuetudineeordi·

345 4177 414 4256 nis.
436 4178 526 4272 Quo
544 4176 661 4269 facto,
690 4180 869 4287 imposuit
901 4179 971 4261 sibi
1001 4178 1240 4271 mantellum,
1274 4179 1418 4284 etipse
1447 4195 1486 4254 et
1517 4177 1580 4257 alii
1607 4195 1770 4259 astantes

344 4307 500 4388 fuerunt
518 4310 678 4391 osculati
696 4339 783 4393 eum
804 4313 844 4390 in
864 4341 940 4389 ore.
962 4310 1210 4391 Postmodum
1230 4309 1406 4391 instruxit
1431 4337 1520 4389 eum
1541 4326 1637 4417 quot
1657 4311 1772 4390 Peter

344 4456 458 4518 noster
475 4441 617 4520 diceret
636 4442 838 4548 prothoris
854 4443 956 4530 suis,
986 4458 1024 4519 et
1052 4441 1216 4549 qualiter
1236 4441 1396 4521 haberet
1428 4469 1466 4515 se
1494 4455 1533 4518 et
1555 4458 1704 4546 regeret
1727 4442 1767 4519 in

290 4575 296 4582 '
344 4569 927 4681 ordine...1)eindeprsoepitei‚
950 4574 988 4651 in
1008 4575 1205 4679 presencia
1223 4573 1406 4663 aliorum,
1434 4572 1540 4678 quod
1565 4571 1770 4679 abnegaret

342 4699 485 4791 Deum3
506 4718 543 4777 et
563 4730 649 4781 cum
667 4703 747 4811 ipse
766 4704 877 4785 testis.
891 4704 1081 4787 resisteret
1107 4705 1238 4783 ethos
1262 4702 1383 4783 lacere
1408 4718 1615 4790 recusaret,
1644 4702 1768 4783 didus

341 4846 511 4936 receptor
530 4830 623 4911 dixit
640 4834 681 4916 ei,
695 4835 800 4940 quod
828 4835 901 4913 hoc
934 4833 1133 4939 oportebat
1158 4833 1406 4940 eum'lacere,
1433 4833 1524 4939 quia
1546 4832 1634 4911 talia
1659 4850 1767 4911 erant
