4236 5948
633 507 956 600 processus
990 526 1301 602 reuertens.
1604 536 1675 605 sss

257 672 310 746 eis
334 696 382 745 ne
403 668 572 746 indebite
593 669 829 776 acquirerent
851 665 988 744 ordini.
1016 667 1159 746 Eorum
1178 669 1367 777 generalia
1386 669 1580 775 capitulis,
1603 701 1680 749 ser·

256 799 488 889 monelacto,
500 798 740 877 celebrabant
757 798 988 905 tempestive,
1009 800 1125 880 nullis
1144 801 1382 908 presentibus
1402 800 1473 878 nisi
1505 800 1682 885 fratribus
1720 852 1722 857 ·

256 931 414 1019 ordinis,
437 947 475 1007 et
488 929 755 1037 providebatur
773 957 822 1006 ne
842 929 1036 1007 audiretur
1054 931 1215 1009 exterius
1234 930 1337 1038 quod
1362 930 1522 1009 interius
1548 934 1682 1042 ageba·

255 1082 327 1141 tur.
354 1061 538 1142 Ordinsta
568 1088 636 1167 per
661 1060 880 1171 Magistrum
908 1089 993 1135 cum
1020 1079 1204 1138 conventu
1233 1079 1413 1140 servasset
1436 1079 1539 1138 totus
1562 1064 1678 1154 ordo,

256 1211 382 1272 contra
394 1221 509 1303 quem
525 1219 628 1270 nunc
645 1208 799 1298 propter
813 1189 980 1298 predicta
993 1192 1145 1300 grandia
1162 1193 1347 1284 scandala,
1364 1194 1527 1299 suspicio
1540 1194 1648 1271 etius
1664 1241 1682 1253 ·

256 1326 330 1401 mia
349 1342 438 1402 sunt
465 1340 608 1415 exorta,
637 1338 676 1400 et
694 1339 824 1402 contra
851 1349 965 1429 quem
995 1324 1172 1432 Magister
1199 1343 1237 1402 et
1264 1325 1325 1402 alii
1351 1325 1530 1402 dicuntur
1554 1326 1680 1433 aliqua

256 1457 370 1535 luisse
400 1455 582 1543 consessi3
609 1454 657 1530 ad
686 1455 792 1562 cujus
813 1453 957 1531 ordinis
986 1454 1246 1534 defensionem
1272 1485 1311 1534 se
1334 1455 1541 1547 obtulerat,
1565 1476 1602 1534 et
1623 1459 1683 1556 in3

255 1586 653 1693 telligebatLatinum.

310 1716 525 1823 Requisitus
537 1716 568 1794 si
583 1715 636 1793 sic
652 1715 877 1822 deposuerat
890 1743 1019 1820 prece,
1036 1734 1231 1822 precepto,
1248 1718 1400 1808 timore,
1416 1746 1560 1805 amore,
1571 1719 1678 1807 odio,

256 1847 311 1924 vel
331 1847 531 1954 temporali
547 1847 709 1924 comodo
724 1845 855 1923 habito
875 1845 933 1922 vel
954 1847 1144 1939 habendo,
1163 1849 1361 1954 respondit
1377 1848 1482 1955 quod
1502 1877 1595 1938 non,
1612 1849 1681 1927 sed

256 2006 323 2082 pro
344 1977 499 2055 veritate
519 1977 697 2063 dicenda;
724 1975 784 2053 cui
809 1976 882 2053 tuit
904 1976 1117 2083 injunctum
1141 1980 1247 2085 quod
1275 2007 1351 2055 non
1380 1978 1560 2055 revelaret
1585 1981 1680 2056 hanc

255 2136 360 2185 suam
380 2107 680 2214 deposicionem,
699 2135 900 2214 quousque
915 2110 1176 2187 attestaciones
1191 2109 1331 2188 fuerint
1352 2108 1547 2214 publicato.

310 2356 440 2432 Frater
465 2354 655 2431 lohannes
675 2355 722 2433 de
744 2353 926 2432 Noviomo
948 2353 1129 2441 serviens,
1156 2354 1260 2431 testis
1275 2381 1385 2460 supra
1400 2353 1562 2458 juratus,
1583 2372 1682 2432 octo·

255 2487 426 2596 genarius
448 2486 507 2563 vel
529 2486 641 2576 circa,
666 2485 732 2591 qui
757 2484 980 2562 mantellum
1006 2484 1045 2563 in
1073 2483 1232 2561 concilio
1254 2484 1464 2561 bononensi
1487 2484 1681 2561 dimiserat

256 2637 293 2697 et
310 2617 553 2726 postmodum
575 2615 655 2693 radi
679 2613 817 2693 lecerat
833 2615 904 2695 sibi
923 2613 1096 2702 barbam,
1116 2630 1155 2691 et
1174 2614 1331 2691 indicto
1354 2613 1514 2697 concilio
1535 2613 1681 2693 absolu

254 2767 314 2827 tus
334 2765 372 2826 et
389 2745 652 2825 reconciliatus
668 2745 804 2834 luerat,
826 2745 933 2823 lectis
948 2763 986 2822 et
1004 2744 1207 2852 diligenter
1224 2743 1400 2850 expositis
1417 2743 1488 2822 sibi
1502 2743 1681 2839 omnibus

255 2898 292 2957 et
304 2879 464 2989 singulis
476 2877 654 2969 articulis,
671 2877 867 2985 respondit
880 2877 986 2984 quod
998 2876 1149 2954 volebat
1163 2877 1361 2982 persistere
1380 2874 1417 2950 in
1437 2874 1679 2980 deposicione

254 3040 320 3116 per
334 3012 458 3117 ipsum
478 3010 572 3087 laeta
593 3010 631 3086 in
654 3009 756 3087 dieto
778 3008 954 3097 concilio,
981 3027 1018 3085 et
1037 3008 1142 3114 quod
1161 3007 1366 3097 nesciebat,
1390 3036 1458 3082 nec
1481 3004 1676 3093 credebat,

254 3170 323 3218 nec
339 3141 532 3221 audiverat
547 3139 621 3217 dici
638 3140 686 3218 de
700 3140 886 3218 contentis
901 3139 940 3215 in
957 3139 1067 3216 dictis
1086 3137 1253 3215 articulis
1273 3138 1344 3214 nisi
1365 3137 1470 3243 quod
1483 3137 1677 3242 sequitur:

253 3272 428 3350 videlicet
446 3272 548 3378 quod
571 3271 650 3377 ipse
671 3291 844 3377 receptus
863 3270 985 3347 fuerat
1005 3270 1043 3344 in
1063 3268 1203 3376 capella
1224 3269 1361 3347 domus
1376 3268 1527 3374 Templi
1549 3267 1597 3344 de
1613 3269 1680 3345 Pu-

253 3401 362 3480 teolis
389 3403 493 3509 juxta
524 3402 769 3494 laudunum,
796 3430 863 3508 per
889 3401 1041 3478 fratrem
1068 3402 1220 3477 Petrum
1256 3404 1488 3478 Normanum
1517 3399 1679 3476 militem

254 3533 460 3637 quondam,
486 3550 577 3609 tunc
596 3549 857 3639 preceptorem
879 3534 927 3610 de
952 3531 1211 3619 Laudunesio,
1235 3532 1273 3607 in
1294 3531 1446 3608 instanti
1469 3531 1681 3637 Quadrage·

254 3662 345 3738 sima
362 3679 473 3739 erunt
487 3661 634 3739 circiter
650 3689 761 3741 xxvru
782 3662 888 3753 anni,
909 3661 1150 3768 presentibus
1169 3661 1347 3737 fratribus
1362 3660 1572 3738 Guillelmo
1593 3662 1680 3737 Nou

253 3794 351 3869 mani
378 3793 587 3898 presbitero
613 3793 712 3871 dicte
734 3794 885 3884 domus,
907 3796 1017 3870 Petro
1042 3791 1206 3899 Bergerii
1231 3792 1432 3878 serviente,
1458 3791 1675 3880 deffunctis,

253 3923 289 3998 in
306 3925 408 4001 hunc
426 3924 583 4003 modurn
603 3956 611 4000 :
631 3952 719 4000 nam
738 3923 853 4032 petita
874 3923 1049 4000 societate
1068 3922 1212 3999 ordinis
1233 3940 1271 3999 et
1291 3922 1325 3997 ei
1347 3949 1537 4010 concessa,
1557 3923 1678 4000 dictus

252 4070 422 4159 receptor
442 4052 530 4130 fecit
550 4082 639 4131 eum
660 4081 791 4131 vovere
813 4069 849 4130 et
868 4052 997 4159 jurare
1017 4053 1240 4139 castitatem,
1261 4051 1538 4137 obedienciam,
1556 4053 1677 4127 vivere

251 4184 331 4262 sine
364 4185 532 4291 propriu,
557 4212 702 4263 servare
733 4185 855 4263 bonos
881 4212 971 4261 usus
998 4201 1035 4260 et
1054 4183 1173 4260 bonas
1200 4183 1495 4260 consuetudines
1520 4180 1674 4267 ordinis,

251 4342 326 4391 non
341 4315 506 4393 revelare
523 4333 663 4393 secreta
683 4314 950 4421 capitulorum,
973 4315 1021 4390 de
1043 4313 1159 4390 modo
1177 4314 1408 4420 recepcionis
1428 4311 1578 4420 speciali
1598 4339 1675 4388 non

250 4443 376 4523 habita
402 4446 620 4537 mencione,
645 4462 683 4524 et
705 4445 811 4554 quod
832 4474 908 4523 non
935 4444 1049 4522 exiret
1072 4444 1216 4522 dictum
1243 4445 1434 4534 ordinem3
1461 4461 1498 4520 et
1522 4444 1675 4551 prestito

250 4573 296 4651 ab
322 4604 368 4654 eo
390 4605 459 4683 per
474 4577 731 4683 juramentum
755 4576 859 4684 quod
886 4604 963 4653 non
988 4594 1067 4653 erat
1089 4575 1451 4666 excommunicatus,
1475 4603 1545 4652 nec
1570 4576 1673 4652 alteri

250 4706 423 4816 religioni
447 4736 516 4786 uec
538 4707 778 4787 matrimonio
794 4735 865 4785 nee
882 4705 1020 4785 debitis
1037 4735 1111 4814 que
1138 4734 1214 4784 non
1234 4723 1361 4812 posset
1378 4705 1519 4784 solvere
1537 4705 1674 4811 oblige-

249 4854 328 4925 tus,
351 4866 422 4916 nec
439 4838 603 4918 habebat
626 4837 885 4918 infirmitatem
911 4838 1111 4929 latentem,
1134 4836 1314 4943 imposuit
1337 4836 1408 4915 sibi
1433 4836 1675 4925 mantellum,
