4236 5948
496 552 570 629 arc
882 533 1077 626 rnocns
1104 553 1199 624 nus
1225 551 1527 624 rnurmnns

494 696 727 786 mulieribus,
751 697 884 783 immo,
905 694 936 770 si
956 694 1055 771 calor
1074 694 1250 771 naturalis
1268 713 1434 771 moveret
1449 720 1557 783 eum,
1581 696 1686 801 quod
1706 699 1919 776 commisce·

494 848 552 907 ret
570 856 610 906 se
629 825 898 904 cumfratribus
914 824 1007 914 suis,
1030 843 1067 902 et
1086 824 1159 902 hoc
1178 825 1280 902 idem
1293 825 1340 902 de
1353 825 1434 903 aliis
1450 841 1648 932 pateretur.
1667 827 1918 936 Interrogatus

497 976 624 1038 utrum
640 959 691 1045 vi,
713 954 772 1033 vel
791 972 897 1032 metu
917 957 1074 1032 carceris
1094 972 1157 1033 aut
1176 973 1465 1046 tormentorum,
1495 956 1658 1061 aliquam
1676 957 1809 1036 dixerit
1822 958 1920 1037 falsi-

482 1074 607 1168 tatem
622 1088 679 1165 vel
693 1087 937 1164 immiscuerit
946 1086 985 1162 in
1002 1069 1243 1192 deposicione
1257 1115 1338 1173 sua,
1357 1086 1447 1163 dixit
1459 1115 1526 1192 per
1536 1088 1791 1193 juramentum
1805 1117 1917 1168 suum

494 1219 599 1327 quod
616 1242 707 1306 non3
728 1217 847 1295 immo
868 1215 959 1294 dixit
974 1244 1108 1321 puram
1129 1234 1166 1293 et
1185 1238 1326 1293 meram
1345 1217 1548 1294 veritatem.
1650 1237 1656 1245 ·

549 1482 642 1556 Item
666 1477 781 1555 frater
808 1477 979 1556 Galterus
1003 1477 1051 1554 de
1077 1475 1253 1564 Bailleul,
1280 1478 1387 1554 etatis
1416 1479 1602 1586 sexaginta
1631 1505 1831 1568 annorum,
1853 1481 1918 1585 ju-

492 1629 593 1687 ratus
613 1610 750 1688 eodem
771 1609 888 1685 modo
908 1608 954 1684 de
975 1630 1014 1684 se
1043 1625 1082 1684 et
1097 1608 1178 1685 aliis
1198 1608 1237 1685 in
1258 1636 1366 1685 eausa
1385 1607 1478 1685 fidei
1497 1609 1623 1686 dicere
1642 1610 1856 1700 veritatem,
1881 1627 1918 1687 et

494 1742 743 1846 interrogatus
763 1737 809 1814 de
826 1757 994 1844 ternpore
1015 1756 1052 1815 et
1067 1739 1182 1817 modo
1198 1767 1265 1816 sue
1281 1739 1526 1844 recepcionis,
1548 1740 1640 1816 dixit
1655 1768 1722 1846 per
1730 1740 1918 1846 juramen·

492 1888 572 1947 tum
588 1897 699 1946 suum
713 1869 818 1977 quod
838 1868 910 1945 luit
927 1887 1097 1976 receptus
1117 1870 1217 1974 apud
1237 1871 1407 1946 Mentem
1429 1869 1656 1959 suessionis,
1679 1898 1747 1976 per
1766 1868 1916 1947 fratrem

492 2000 726 2106 Arnulphum
747 2000 795 2076 de
817 1999 1035 2089 Wisemale‚
1057 1999 1185 2105 viginti
1207 2016 1367 2105 quatuor
1390 2001 1477 2075 anni
1498 2017 1585 2076 sunt
1608 1998 1741 2105 elapsi,
1764 2027 1917 2104 presen-

493 2129 594 2206 tibus
612 2128 724 2206 fratre
739 2127 936 2206 Thierrico
955 2130 1003 2206 de
1023 2129 1241 2209 Vaubellain
1262 2147 1300 2207 et
1322 2130 1434 2206 fratre
1453 2128 1650 2236 Arnulpho
1662 2130 1719 2206 de
1737 2128 1832 2210 Ville
1853 2132 1915 2208 sa-

436 2340 439 2345 ,
493 2259 583 2348 voir,
596 2274 633 2335 ot
647 2258 873 2365 quibusdam
886 2259 966 2336 aliis
977 2259 1024 2335 de
1040 2288 1203 2366 quorum
1217 2260 1435 2337 nominibus
1445 2286 1522 2337 non
1532 2260 1675 2337 recolit.
1685 2260 1787 2338 Dixit
1801 2261 1916 2338 eciam

491 2389 822 2497 perjuramentum
842 2416 951 2466 suum
972 2388 1092 2495 quod,
1107 2407 1192 2494 post
1201 2389 1335 2466 multas
1348 2388 1614 2495 promissiones
1627 2389 1739 2467 lactas
1749 2390 1797 2466 ab
1809 2410 1855 2467 eo
1869 2391 1917 2467 de

492 2519 637 2596 statutis
666 2535 703 2595 et
722 2519 873 2595 secretis
893 2519 981 2595 dicti
1001 2520 1142 2596 ordinis
1166 2518 1421 2610 observandis,
1444 2519 1565 2597 dictus
1587 2520 1772 2625 recipiens
1790 2539 1917 2598 osten-

493 2649 550 2725 dit
564 2649 635 2726 sibi
651 2647 850 2755 quamdam
865 2677 1013 2726 crucem
1028 2649 1189 2756 ligneam
1200 2651 1239 2725 in
1249 2679 1322 2756 qua
1334 2667 1412 2727 erat
1424 2676 1559 2759 ymago
1571 2651 1686 2727 Jhesu
1701 2650 1857 2739 Christi,
1880 2668 1918 2729 et

490 2779 656 2884 precepit
674 2778 746 2855 sibi
767 2778 889 2856 dictus
908 2779 1091 2884 recipiens
1106 2780 1210 2886 quod
1230 2780 1430 2885 abnegaret
1444 2779 1632 2858 Christum
1657 2780 1763 2887 cnjus
1782 2809 1915 2888 ymago
2018 2763 2026 2780 ⁴

492 2927 570 2986 erat
589 2909 660 2997 ibi,
692 2926 730 2986 et
752 2908 856 3014 quod
875 2927 1026 3014 spueret
1049 2939 1159 3016 supra
1185 2940 1352 2998 crucem,
1375 2910 1480 3016 quod
1501 2910 1579 3014 ipse
1600 2908 1689 2986 fecit
1713 2929 1781 2987 ter.
1804 2913 1918 2988 Inter-

490 3056 639 3148 rogatus
659 3040 705 3115 de
731 3039 879 3129 osculo,
901 3040 993 3137 dixit
1012 3067 1080 3145 per
1096 3041 1352 3147 juramentum
1372 3068 1483 3117 suum
1504 3039 1607 3145 quod
1633 3039 1824 3117 osculatus
1847 3036 1917 3116 luit

491 3170 731 3276 recipientem
748 3170 787 3245 in
807 3164 989 3247 umbilico
1009 3188 1046 3246 et
1065 3170 1104 3246 in
1122 3196 1200 3247 ore.
1217 3168 1318 3247 Dixit
1333 3171 1449 3246 eciam
1463 3196 1531 3274 per
1539 3171 1798 3277 juramentum
1813 3171 1917 3275 quod

489 3317 706 3408 preceptum
722 3299 793 3377 luit
812 3330 833 3376 a
853 3300 955 3378 dicto
975 3302 1176 3406 recipiente
1196 3301 1300 3407 quod
1318 3301 1475 3377 omnino
1491 3300 1692 3377 abstineret
1707 3328 1727 3375 a
1744 3300 1918 3377 mulieri-

490 3432 576 3520 bus,
598 3430 685 3507 etsi
712 3429 811 3507 calor
831 3430 1008 3508 naturalis
1030 3447 1196 3508 moveret
1225 3458 1329 3519 eum,
1350 3431 1457 3537 quod
1482 3430 1740 3508 commisceret
1764 3459 1804 3506 se
1829 3459 1915 3507 cum

492 3560 573 3639 aliis
585 3559 761 3638 fratribus
781 3560 872 3649 suis,
894 3577 931 3637 et
948 3560 1021 3638 hoc
1033 3560 1135 3637 idern
1154 3559 1201 3636 de
1221 3560 1303 3637 aliis
1320 3577 1521 3664 pateretur.
1541 3557 1644 3637 Dixit
1661 3576 1786 3636 tamen
1813 3560 1918 3666 quod

492 3711 684 3798 nunquam
703 3690 807 3780 fecit,
829 3718 899 3768 nec
918 3690 989 3768 luit
1008 3692 1219 3797 requisitus.
1240 3691 1493 3798 Interrogatus
1511 3707 1639 3767 utrum
1662 3689 1712 3778 vi,
1735 3690 1793 3768 vel
1811 3708 1916 3768 metu

492 3823 648 3901 carceris
661 3839 725 3899 aut
740 3840 1036 3912 tormentorum,
1054 3822 1221 3928 aliquam·
1236 3821 1369 3897 dixerit
1383 3820 1577 3899 salsitatem
1592 3821 1651 3897 rel
1668 3821 1917 3898 immiscuerit

491 3954 530 4029 in
558 3953 798 4058 deposicionc
822 3980 904 4040 sua,
933 3953 1024 4029 dixit
1049 3979 1115 4057 per
1136 3953 1390 4059 juramentum
1414 3979 1525 4029 suum
1550 3950 1653 4057 quod
1672 3978 1771 4040 non,
1798 3953 1917 4027 immo

491 4083 583 4160 dixit
598 4112 728 4188 puram
743 4083 948 4171 veritatem,
1664 4083 1669 4095 ’

545 4302 638 4422 lteris
657 4345 769 4422 frater
787 4344 994 4421 Richardus
1008 4345 1209 4434 Leobardi,
1233 4346 1340 4422 etatis
1354 4344 1505 4450 triginta
1524 4371 1707 4421 annorum
1726 4343 1783 4420 vel
1803 4343 1914 4433 cirea,

489 4492 532 4553 ut
553 4475 662 4565 dixit,
679 4476 826 4584 juratus
847 4475 981 4552 eodem
1001 4476 1117 4553 modo
1140 4477 1187 4552 de
1208 4492 1301 4552 sset
1320 4474 1455 4550 aliisin
1477 4474 1695 4553 causasrdei
1716 4472 1840 4550 dicere
1856 4501 1917 4550 ve·

488 4606 652 4695 ritatem,
672 4607 975 4713 etinterrogatus
997 4607 1045 4682 de
1071 4624 1240 4712 tempore
1261 4622 1299 4682 et
1328 4604 1444 4682 modo
1464 4632 1531 4682 sne
1545 4604 1794 4711 recepcionia‚
1824 4604 1916 4681 dixit

490 4764 558 4843 per
569 4735 826 4843 juramentum
843 4764 955 4814 suum
974 4736 1077 4843 quod
1100 4735 1172 4813 fuit
1192 4754 1365 4841 receptus
1385 4737 1485 4841 apud
1509 4735 1706 4813 Breteville
1727 4734 1761 4811 la
1775 4733 1913 4821 babel,

489 4893 559 4974 per
574 4866 726 4944 fratrem
740 4866 927 4944 Andream
955 4867 1001 4943 de
1024 4865 1274 4972 Saqueinrille
1292 4884 1550 4972 preceptorem
1570 4865 1717 4944 ballivie
1733 4866 1916 4943 Norman·
