4236 5948
355 551 425 623 sn
583 508 585 513 '
744 531 1382 647 ruocrsnrsrrunmrns.

410 694 659 795 interrogatus
679 708 803 766 utrum
825 690 875 778 vi,
898 691 955 766 vel
979 707 1083 766 metu
1111 690 1362 766 carceris÷seu
1391 705 1681 776 tormentorum,
1707 707 1771 765 aut

253 819 257 827 ’
353 821 420 894 alia
442 820 488 895 de
509 846 631 910 causa,
654 818 815 924 aliquam
838 819 970 896 dixerit
989 819 1186 898 salsitatem
1206 838 1271 896 aut
1289 818 1536 896 immiscuerit
1562 819 1601 894 in
1623 820 1771 924 deposi-

353 951 458 1024 cione
479 977 559 1034 sua,
583 948 672 1022 dixit
687 977 755 1051 per
768 948 1027 1052 juramentum
1047 949 1275 1056 suumquod
1292 976 1383 1038 n0n;
1406 949 1520 1025 immo
1535 948 1626 1023 dixit
1640 978 1770 1054 puram

352 1081 553 1155 veritatem.

409 1342 500 1415 Item
523 1339 633 1413 srater
657 1307 919 1444 Raymbaudus
940 1339 985 1413 de
1007 1341 1129 1416 Ceron
1153 1336 1263 1413 miles
1286 1339 1371 1413 dicti
1396 1339 1553 1425 ordinis,
1576 1356 1773 1442 preceptor

353 1469 498 1573 Chipri,
522 1470 628 1544 etatis
648 1469 834 1573 sexaginta
855 1496 1055 1556 annorum,
1078 1484 1120 1542 ut
1140 1468 1245 1554 dixit,
1267 1463 1324 1542 vel
1340 1467 1452 1555 circa,
1470 1469 1616 1574 juratus
1637 1468 1773 1545 eodem

352 1599 467 1673 modo
486 1598 532 1671 de
549 1626 587 1672 se
610 1614 646 1673 et
672 1595 759 1672 aliis·
775 1597 814 1670 in
837 1626 945 1672 causa
965 1596 1053 1672 fidei
1086 1596 1208 1673 dicere
1231 1597 1440 1684 veritatem,
1468 1615 1505 1672 et
1525 1598 1773 1705 interrogatus

354 1730 400 1804 de
424 1748 592 1834 tempore
619 1745 655 1802 et
679 1730 793 1803 modo
824 1757 889 1802 sue
916 1726 1162 1831 recepcionis,
1195 1726 1286 1802 dixit
1302 1755 1370 1832 per
1383 1727 1639 1831 juramentum
1661 1754 1771 1803 suum

354 1859 455 1962 quod
471 1858 540 1933 suit
552 1875 722 1963 receptus
740 1858 779 1931 in
796 1856 910 1933 domo
929 1857 975 1932 de
992 1856 1265 1933 Bicherenehcs
1286 1857 1324 1930 in
1344 1856 1520 1932 comitatu
1535 1857 1580 1932 de
1598 1857 1771 1943 Venicio,

353 1988 593 2096 quadraginta
610 2004 684 2062 tres
700 1987 785 2061 anni
800 2003 910 2062 erunt
922 1988 960 2061 in
972 1987 1120 2063 instanti
1138 1985 1230 2062 festo
1245 1988 1610 2089 Penthecostes,‘per
1621 1985 1774 2061 fratrem
1847 2088 1849 2093 s

353 2117 571 2193 Roceliuum
593 2118 640 2191 de
666 2118 756 2191 Forz
773 2134 863 2192 tunc
882 2134 1138 2222 preceptorem
1156 2116 1362 2202 Provincie‚
1385 2115 1543 2192 militem
1561 2116 1651 2192 dicti
1672 2115 1775 2191 ordi-

355 2249 422 2321 nis.
446 2247 545 2322 Dixit
560 2248 674 2320 eciam
695 2275 762 2352 per
770 2247 1028 2352 juramentum
1050 2275 1159 2324 suum
1181 2247 1283 2352 quod
1304 2243 1476 2353 promisit
1496 2263 1771 2353 paupertatem,

355 2378 556 2452 castitatem
579 2393 616 2451 et
631 2375 891 2452 obedienciam
904 2404 1066 2464 servare,
1090 2395 1126 2451 et
1141 2394 1268 2452 tenere
1287 2404 1416 2452 omnes
1432 2376 1553 2452 bonos
1573 2404 1663 2452 usus
1679 2375 1774 2452 ordi-

355 2507 428 2593 nis,
458 2523 494 2581 et
517 2506 683 2583 laborare
704 2534 899 2612 proposse
933 2523 968 2582 et
988 2507 1118 2612 juvare
1151 2507 1340 2612 acquirere
1368 2535 1524 2612 regnum
1549 2505 1771 2591 Jerusalem,

354 2655 388 2711 et
409 2637 544 2713 multas
567 2636 654 2712 alias
673 2637 789 2713 bonas
809 2636 1074 2741 promissiones
1094 2636 1181 2712 dicti
1204 2637 1362 2725 ordinis;
1394 2652 1432 2711 et
1452 2636 1557 2742 quod
1578 2664 1772 2741 nunquam
1844 2688 1845 2701 ,

354 2767 506 2843 sciverat
526 2765 667 2872 aliquid
686 2766 825 2842 malum
842 2764 900 2841 vel
920 2766 1162 2844 inhonestum
1179 2766 1217 2840 in
1234 2767 1451 2871 recepcione
1470 2767 1626 2842 fratrum
1647 2794 1717 2842 nec
1736 2767 1774 2842 in

356 2897 503 2984 ordine,
521 2926 591 2973 nec
603 2897 806 2986 audiverat,
824 2897 896 2972 hoc
912 2914 1063 3002 excepto
1081 2897 1186 3001 quod
1206 2895 1268 2972 die
1285 2924 1360 3003 qua
1375 2896 1446 2973 fuit
1465 2914 1652 3002 receptus,
1669 2913 1774 2972 aute·

354 3055 466 3130 quam
483 3029 711 3133 reciperetur
731 3026 788 3102 vel
808 3027 1038 3115 indueretur,
1056 3026 1209 3131 quidam
1226 3024 1337 3102 frater
1356 3026 1513 3113 ordinis,
1530 3026 1570 3141 in
1584 3024 1775 3130 presencia

355 3158 517 3261 episcopi
542 3132 831 3260 de'Carpentras
856 3155 1026 3232 avunculi
1049 3157 1123 3245 sui,
1147 3154 1309 3232 ostendit
1329 3155 1453 3232 eidem
1472 3154 1674 3260 quamdam
1693 3184 1775 3232 cru·

355 3316 452 3377 cem,
476 3305 512 3361 et
533 3286 624 3362 dixit
643 3286 766 3362 eidem
783 3317 791 3359 ε
808 3323 820 3352 a
835 3280 949 3363 Vides
967 3303 1009 3362 tu
1025 3287 1137 3363 istum
1158 3286 1392 3371 crucifixum
1414 3286 1445 3361 si
1464 3303 1507 3360 tu
1523 3286 1581 3361 -vis
1598 3286 1715 3390 recipi
1735 3286 1774 3360 in

356 3455 367 3479 a
384 3416 513 3491 ordine
536 3418 622 3502 istc,
645 3431 792 3520 oportet
803 3416 908 3520 quod
924 3415 1086 3522 abneges
1098 3444 1204 3505 eum;
1223 3453 1234 3482 r
1249 3415 1315 3491 sed
1328 3414 1432 3491 aliud
1448 3443 1525 3492 non
1537 3414 1609 3491 fuit
1622 3414 1772 3492 sactum.

354 3544 493 3620 Eadem
515 3563 640 3621 tamen
662 3545 740 3633 die,
756 3523 850 3621 circa
862 3546 994 3622 horam
1007 3575 1160 3634 nonam,
1181 3546 1333 3623 accessit
1347 3546 1394 3622 ad
1406 3545 1633 3652 presenciam
1654 3545 1774 3623 fratris

354 3675 494 3751 Nicolai
521 3675 568 3750 de
593 3675 791 3778 Anessiaco
822 3678 1065 3753 commissarii
1096 3676 1184 3753 dicti
1214 3675 1458 3782 inquisitoris,
1486 3692 1524 3751 et
1552 3677 1774 3781 corrigendo

355 3805 495 3881 dictum
513 3835 637 3896 suum,
656 3807 747 3883 dixit
766 3835 832 3911 per
846 3809 1101 3914 juramentum
1122 3835 1234 3883 suum
1251 3807 1355 3912 quod
1374 3806 1437 3882 ille
1452 3805 1564 3882 frater
1579 3806 1663 3911 qui,
1679 3808 1775 3882 sicut

276 3990 278 3994 -
354 3936 440 4012 alias
468 3937 656 4042 deposuit,
692 3935 813 4012 eidem
840 3937 1054 4013 ostenderat
1075 3936 1211 4013 dictam
1235 3965 1383 4012 crucem
1409 3965 1495 4011 cum
1516 3935 1637 4041 effigie
1658 3936 1774 4013 Jhesu

354 4067 491 4143 Christi
514 4065 692 4154 crucifixi,
716 4067 846 4172 etipse
861 4068 926 4171 qui
943 4067 1120 4172 loquitur,
1141 4083 1223 4170 post
1235 4067 1350 4142 dictas
1366 4065 1651 4169 promissiones,
1675 4082 1714 4141 et
1728 4093 1773 4141 eo

354 4215 523 4303 recepto,
546 4214 583 4272 et
594 4198 810 4303 juramento
834 4199 880 4274 ab
901 4227 946 4274 eo
965 4198 1119 4303 prestito
1141 4198 1188 4273 de
1210 4197 1353 4282 statutis
1373 4212 1411 4273 et
1430 4195 1580 4272 secretis
1605 4195 1695 4271 dicti
1716 4224 1775 4272 or·

355 4327 452 4403 dinis
473 4327 727 4415 observandis,
748 4345 785 4404 et
804 4328 980 4404 mantello
993 4327 1041 4403 ad
1060 4326 1200 4403 collum
1219 4327 1357 4431 posito,
1375 4325 1480 4402 duxit
1496 4325 1542 4401 ad
1558 4341 1718 4428 partem,
1738 4341 1774 4399 et

354 4475 495 4534 secreto
516 4456 651 4534 dictam
672 4485 820 4534 crucem
843 4457 966 4540 eidem
982 4456 1161 4545 ostendit,
1178 4473 1216 4533 et
1234 4454 1398 4562 precepit
1412 4454 1482 4530 sibi
1496 4454 1600 4559 quod
1615 4451 1774 4559 abnega·

354 4605 411 4662 ret
426 4615 513 4663 eum
529 4589 636 4693 cujus
653 4615 784 4695 ymago
805 4606 883 4665 erat
902 4589 939 4663 in
962 4616 1070 4664 cruce
1086 4602 1352 4692 representem,
1376 4585 1502 4661 dicens
1514 4585 1620 4688 quod
1633 4601 1712 4660 erat
1726 4583 1772 4660 de

356 4718 499 4794 statutis
520 4718 677 4808 ordinis;
702 4737 739 4795 et
753 4719 826 4795 hoc
845 4720 923 4824 ipse
937 4719 1001 4826 qui
1014 4718 1181 4825 loquitur
1194 4716 1281 4794 fecit
1293 4735 1351 4793 ter
1367 4744 1448 4803 ore,
1470 4715 1626 4791 sednon
1642 4711 1770 4799 corde,

351 4865 396 4921 ut
414 4846 514 4922 dixit.
538 4848 637 4925 Dixit
658 4850 774 4924 eciam
795 4878 862 4954 per
875 4848 1133 4955 juramentum
1158 4877 1269 4925 snum
1287 4847 1392 4953 quod
1410 4845 1531 4922 dictus
1550 4843 1663 4920 frater
1682 4841 1774 4919 dixit
