4236 5948
346 527 415 600 rsa
728 504 925 596 ruocts
953 522 1047 593 nas
1074 520 1372 592 cruentans.

341 671 461 745 extitit
494 682 758 743 commoratus.
788 664 1067 770 Pracipiebatur
1099 661 1152 737 eis
1180 661 1286 768 quod
1314 657 1576 738 deffenderent
1602 658 1701 736 bona
1727 675 1765 735 et

337 802 422 906 jura
443 797 588 876 ordinis
607 823 682 873 suo·
697 824 816 902 posse.
846 797 985 871 Eorum
1015 791 1189 900 capitolia
1210 793 1321 879 clam,
1341 790 1466 899 januis
1486 789 1640 877 clausis,
1662 808 1766 871 teno-

342 932 492 1021 hantur,
522 928 722 1034 aliquando
751 927 798 1002 de
825 944 951 1012 noete,
981 942 1024 1002 ut
1051 924 1166 1001 cicius
1187 940 1340 1032 possent
1360 921 1536 998 recedere
1560 922 1599 997 in
1621 921 1764 999 eisdem

343 1061 514 1166 capitulis
530 1059 739 1135 existentes.
758 1057 936 1137 Ordinata
956 1085 1022 1162 per
1038 1055 1258 1163 Magi-strum
1275 1084 1361 1132 cnm
1380 1069 1566 1131 conventu
1587 1069 1768 1135 servasset

343 1210 445 1269 totus
465 1189 577 1280 ordo,
601 1206 729 1265 contra
748 1216 861 1293 quem
884 1215 985 1262 nunc
1000 1186 1154 1291 grandi-a
1173 1186 1361 1274 scandala,
1379 1184 1540 1290 suspicio
1562 1200 1599 1258 et
1614 1182 1767 1264 infamia

343 1340 426 1397 sunt
455 1337 597 1408 exorta3
625 1318 733 1424 cujus
758 1316 934 1394 fratribus
959 1316 1079 1393 credit
1097 1317 1202 1421 quod
1222 1335 1346 1394 essent
1367 1332 1453 1392 nota
1469 1313 1672 1392 consessata
1699 1340 1767 1420 per

344 1480 442 1528 eum.
466 1453 513 1527 Et
532 1450 675 1526 audivit
695 1449 768 1525 dici
788 1477 967 1557 magnum
989 1448 1205 1555 Magistrum
1228 1465 1265 1525 et
1281 1447 1374 1525 alios
1397 1446 1520 1552 aliqua
1541 1443 1655 1522 luisse
1679 1470 1768 1521 eon·

343 1584 459 1660 l'essos
484 1599 611 1658 contra
639 1581 783 1658 dictum
803 1579 992 1669 ordinem,
1015 1579 1064 1656 ad*
1082 1579 1189 1686 cujus
1209 1578 1481 1656 deffensionem
1504 1605 1543 1653 se
1564 1575 1764 1654 obtulerat.

400 1711 616 1818 Requisitus
632 1712 661 1788 si
678 1711 730 1786 sic
747 1710 970 1816 deposuerat
985 1738 1112 1815 prece,
1128 1726 1316 1816 precepto,
1333 1709 1487 1798 timore,
1499 1734 1641 1793 amore,
1659 1707 1765 1794 odio,

345 1844 399 1918 vel
421 1841 620 1948 temporali
642 1840 805 1918 comodo
825 1839 955 1918 habito
975 1839 1032 1916 vel
1054 1840 1242 1927 babendo,
1260 1837 1455 1946 respondit
1470 1839 1573 1943 quod
1590 1864 1683 1927 non,
1700 1837 1768 1913 sad

344 2002 412 2078 pro
441 1973 592 2049 veritate
622 1971 798 2060 dicenda,
829 1970 888 2049 cui
916 1970 988 2046 luit
1014 1971 1227 2078 injunctum
1253 1968 1356 2077 quod
1377 1996 1454 2046 non
1474 1967 1655 2047 revelaret
1673 1965 1769 2044 lianc

345 2131 450 2178 suam
473 2102 771 2208 deposicionem,
794 2128 993 2208 quousque
1014 2100 1272 2178 attestaciones
1292 2098 1433 2177 suerint
1452 2098 1651 2204 publicato

403 2367 529 2439 Frater
543 2361 666 2468 Guigo
687 2364 734 2440 de
756 2365 886 2469 Rnppe
904 2362 1060 2438 Talbata
1082 2361 1279 2468 presbiter,
1295 2380 1491 2468 preceptor
1506 2363 1643 2439 domus
1656 2360 1770 2437 Tem·

345 2492 397 2599 pli
420 2493 467 2569 de
488 2491 634 2569 Dmlha
655 2491 813 2569 diocesis
833 2491 1103 2582 Rntbenensis,
1117 2490 1223 2570 testis
1244 2519 1355 2599 snpra
1370 2493 1528 2601 jumtus,
1551 2503 1635 2569 ω’
1654 2516 1771 2566 tano-

346 2652 429 2699 rum
453 2622 510 2698 vel
538 2622 652 2713 circa,
681 2621 903 2700 mantellum
934 2620 1141 2714 defferens,
1170 2651 1255 2701 cnm
1277 2636 1355 2729 quo
1383 2623 1604 2729 inquisitum
1628 2619 1768 2711 tanat,

347 2753 541 2828 absolutus
567 2769 604 2828 et
631 2752 892 2829 reconciliatus
916 2781 983 2858 per
1008 2752 1208 2829 dominum
1228 2753 1446 2858 episcopum
1467 2753 1766 2839 Ruthenensem,

347 2883 451 2959 lectis
475 2900 511 2957 et
536 2883 737 2990 diligenter
756 2883 935 2989 expositis
955 2883 1028 2960 sibi
1049 2884 1233 2961 omnibus
1252 2901 1290 2961 et
1313 2878 1469 2990 singulis
1499 2881 1683 2970 articulis,
1709 2909 1771 2959 re·

349 3011 500 3116 spondit
519 3040 558 3088 se
579 3013 741 3100 nescire,
770 3041 840 3088 nec
858 3014 1038 3100 credere,
1062 3040 1130 3089 nec
1157 3013 1340 3092 audivisse
1361 3013 1434 3091 dici
1457 3013 1504 3090 de
1524 3012 1712 3104 contentis
1730 3010 1771 3087 in

348 3143 400 3217 eis
421 3143 493 3217 nisi
511 3142 617 3248 quod
637 3142 817 3247 sequitur.
840 3143 940 3220 Dixit
961 3144 1062 3220 enim
1086 3173 1126 3221 se
1152 3144 1267 3227 fuisse
1288 3161 1481 3251 receptum
1501 3143 1605 3220 circa
1629 3142 1772 3218 instans

347 3272 483 3347 l'estum
513 3272 611 3347 beati
637 3272 796 3353 Dionisii
825 3292 935 3350 erunt
962 3302 983 3350 x
1011 3276 1097 3350 anni
1126 3275 1164 3351 in
1191 3274 1331 3382 capella
1351 3276 1488 3355 domus
1512 3271 1662 3378 Templi
1681 3271 1772 3349 Ani·

348 3401 499 3489 ciensis,
523 3429 591 3507 per
608 3401 760 3478 fratrem
775 3402 989 3511 Guigonem
1005 3405 1180 3482 Ademari
1200 3406 1359 3484 militem
1379 3404 1589 3512 quondam,
1617 3429 1771 3509 presen-

348 3530 450 3605 tibus
470 3529 647 3609 lratn'bus
666 3534 857 3611 Bernardo
875 3535 999 3612 Usclas
1014 3536 1235 3641 presbitero,
1257 3535 1465 3614 Guillelmo
1484 3548 1704 3641 preceptore
1720 3532 1771 3610 de

351 3661 509 3752 isocelis,
532 3662 742 3743 Guillelmo
760 3665 808 3743 de
828 3666 960 3744 Castro
981 3669 1099 3758 Novo,
1122 3685 1379 3746 commorante
1399 3668 1444 3744 in·
1459 3666 1556 3743 dieta
1574 3665 1710 3754 domo,
1733 3680 1772 3743 at

349 3791 516 3868 lohaane
547 3792 792 3871 l’Alvernbatz
818 3796 1085 3888 servientibus,
1111 3798 1159 3875 de
1186 3827 1350 3904 quornm
1365 3798 1441 3873 ¹rita
1466 3796 1523 3873 vel
1549 3812 1676 3872 mom
1691 3822 1771 3875 non

350 3921 463 3998 habet
490 3923 775 4011 certitudinem,
805 3927 844 4002 in
871 3926 974 4003 hune
996 3928 1178 4005 niodum:
1199 3957 1291 4004 nam
1306 3928 1531 4006 concordate
1552 3955 1638 4004 cum
1659 3926 1771 4004 dictis

348 4051 525 4129 fratribus
536 4055 761 4159 pordictum
779 4073 1011 4163 receptorem
1026 4058 1133 4164 quod
1146 4080 1234 4134 eum
1252 4061 1477 4166 reciperent,
1496 4057 1583 4134 lecit
1605 4084 1772 4134 cumco-

348 4209 433 4258 vere
453 4200 490 4259 et
504 4186 631 4290 jurare
653 4186 875 4276 castitatem,
893 4186 1223 4278 obedienciam,et
1236 4189 1359 4266 vivore
1375 4190 1455 4265 sine
1468 4188 1690 4294 proprio,ct
1699 4187 1772 4264 im·

348 4314 473 4419 posuit
498 4315 531 4389 ei
558 4317 800 4406 mantellum,
826 4316 867 4393 in
892 4320 1046 4396 nomino
1071 4320 1204 4401 Pecus.
1216 4336 1253 4396 et
1274 4320 1359 4397 Filii
1385 4338 1422 4396 et
1441 4319 1604 4427 Spiritus
1623 4318 1769 4410 Sancti,

349 4442 450 4520 dicto
465 4446 675 4550 presbitero
692 4447 840 4525 dicante
857 4449 1046 4554 psalmum
1061 4449 1230 4528 Ecclesie
1246 4450 1358 4545 Quum
1377 4452 1513 4542 bouum,
1534 4469 1574 4526 ct
1588 4449 1769 4556 quasdam

348 4575 557 4665 oraciones,
580 4593 617 4653 et
638 4597 863 4685 aspergente·
877 4597 1010 4686 aqnam
1032 4580 1270 4658 benedictam
1291 4611 1400 4688 supra
1424 4584 1566 4688 ipsum,
1589 4598 1626 4658 ct
1647 4581 1776 4666 diem,

351 4719 518 4805 receptor
539 4722 576 4781 et
596 4721 757 4786 astantes
774 4708 928 4786 fuerant
943 4738 1032 4786 eum
1053 4711 1208 4789 osculati
1229 4713 1268 4788 in
1289 4741 1368 4790 ore.
1385 4714 1533 4791 Deinde
1553 4712 1664 4791 allata
1680 4741 1771 4821 qua·

349 4830 433 4904 dam
457 4861 566 4908 cruce
588 4834 687 4923 alba,
711 4842 828 4914 nescit
849 4840 878 4914 si
900 4839 1091 4916 metallina
1111 4841 1172 4916 vel
1189 4841 1312 4946 lignea
1328 4842 1383 4920 vel
1410 4845 1457 4920 de
1477 4871 1613 4949 pannoc
1635 4844 1674 4919 in
1694 4872 1769 4949 qua
