4236 5948
594 539 790 634 procus
818 561 912 632 ors
939 559 1239 634 murmuras.
1558 566 1625 637 157

207 700 325 779 bonas
335 698 630 776 consuetudines
641 730 715 807 que
729 718 819 777 tunc
832 720 936 778 erant
950 701 987 775 in
1005 701 1137 779 ordino
1153 720 1278 808 etque
1296 703 1539 807 inposterum
1558 703 1629 778 im-

81 877 84 880 ·
208 848 440 938 ponerentur
455 830 502 906 de
523 830 680 907 consilio
696 833 991 937 presbiterorum
1009 832 1168 920 ordinis,
1184 848 1221 910 et
1237 832 1339 941 quod
1356 861 1432 909 non
1450 833 1630 910 revelaret

209 979 345 1040 secreta
367 960 639 1066 capitulorum
663 978 700 1037 et
719 962 897 1068 imposito
913 962 983 1038 sibi
1004 963 1200 1054 mantello,
1220 978 1392 1068 receptor
1412 978 1447 1038 et
1469 981 1630 1040 astantes

208 1093 362 1169 luerunt
385 1120 471 1168 eum
493 1091 649 1170 osculati
668 1093 706 1166 in
729 1122 805 1171 ore.
821 1094 1066 1170 Postmodum
1087 1094 1195 1170 allata
1216 1123 1283 1200 per
1308 1093 1507 1171 dominum
1534 1125 1631 1172 rece-

208 1241 354 1329 ptorem
374 1222 538 1329 quadam
561 1251 670 1298 cruce
688 1221 879 1299 metallina
900 1222 939 1297 in
957 1252 1031 1329 qua
1055 1242 1134 1299 erat
1156 1252 1289 1332 ymago
1308 1223 1499 1316 crucifixi,
1517 1226 1630 1331 peciit

208 1354 251 1430 ab
266 1382 311 1430 eo
328 1354 450 1430 dictus
468 1368 650 1458 receptor,
672 1352 710 1427 in
732 1353 922 1459 presencia
939 1352 1117 1444 aliorum,
1136 1353 1166 1429 si
1187 1354 1364 1430 credebat
1379 1354 1417 1429 in
1438 1352 1544 1430 illum
1563 1357 1628 1461 qui

206 1482 530 1590 representabatur
549 1511 617 1588 per
637 1482 775 1558 dictam
797 1511 966 1572 crucem3
990 1500 1130 1559 etcum
1151 1483 1229 1589 ipse
1250 1483 1353 1561 testis
1376 1485 1627 1590 respondisset

206 1614 308 1720 quod
332 1615 401 1700 sic,
425 1613 517 1689 divit
537 1612 570 1689 ei
592 1613 696 1722 quod
718 1641 794 1690 non
814 1614 990 1691 credebat
1013 1613 1052 1688 in
1074 1643 1178 1702 eum,
1201 1615 1289 1720 quia
1312 1614 1427 1691 salsus
1446 1616 1628 1721 propheta

206 1742 342 1831 fuerat,
368 1761 405 1819 et
427 1744 594 1850 precepit
623 1744 656 1820 ei
679 1743 783 1851 quod
808 1744 1010 1850 abnegaret
1034 1771 1122 1820 eum
1151 1760 1188 1820 et
1212 1745 1316 1851 quod
1342 1761 1493 1850 spueret
1516 1774 1629 1851 super

208 1874 342 1952 dictam
364 1902 531 1963 crucem;
547 1891 584 1949 et
600 1873 722 1950 dictus
739 1876 861 1962 testis,
885 1873 1112 1980 stupefactus
1129 1890 1167 1951 et
1181 1874 1286 1951 valde
1304 1874 1435 1951 dolens
1457 1876 1495 1950 in
1514 1878 1626 1952 corde

205 2030 289 2095 suo,
312 2002 506 2111 abnegavit
525 2031 589 2080 ore
608 2031 684 2079 non
707 2003 836 2097 corde,
860 2020 897 2080 et
917 2005 1018 2110 spuit
1043 2032 1119 2079 non
1140 2033 1250 2109 supra
1271 2004 1336 2081 sed
1354 2005 1459 2112 juxta
1488 2005 1625 2082 dictam

205 2161 365 2210 crucem.
398 2134 647 2213 Postmodum
678 2134 800 2210 dictus
832 2151 1002 2240 receptor
1028 2134 1211 2210 suiacum
1239 2132 1426 2210 osculatus
1453 2134 1490 2209 in
1517 2163 1626 2210 carne

204 2265 304 2342 nuda
320 2264 414 2341 circa
431 2263 675 2353 umbilicum,
698 2250 739 2341 et
756 2265 848 2340 dixit
863 2265 897 2340 ei
919 2265 1038 2372 quod,
1056 2266 1207 2371 quando
1225 2282 1321 2342 esset
1336 2266 1374 2339 in
1389 2266 1474 2343 loco
1496 2267 1625 2371 inquo

202 2392 331 2472 fratres
351 2393 537 2472 baberent
562 2395 760 2500 penuriam
781 2394 988 2481 lectorum,
1022 2412 1170 2501 poterat
1188 2397 1312 2503 jacere
1340 2425 1425 2472 cum
1450 2396 1530 2471 aliis
1555 2397 1627 2472 sra-

201 2525 320 2602 tribus
345 2542 383 2601 et
407 2524 605 2601 carnaliter
628 2526 860 2602 commisceri
883 2553 970 2601 cum
995 2526 1048 2602 eis
1069 2543 1107 2602 et
1125 2527 1195 2630 ipsi
1216 2555 1303 2602 curn
1320 2553 1384 2616 eo;
1406 2525 1478 2603 hoc
1497 2543 1624 2602 tamen

201 2682 276 2732 non
290 2654 378 2732 lecit
392 2685 462 2732 nec
480 2654 621 2731 audivit
641 2655 714 2731 dici
735 2656 840 2762 quod
856 2654 963 2731 fieret
983 2656 1023 2730 in
1040 2655 1189 2746 ordine,
1207 2656 1276 2731 nisi
1297 2684 1365 2760 per
1384 2684 1505 2731 unum
1520 2684 1623 2761 pres-

200 2784 368 2864 biterum
389 2804 598 2877 mortuum,
616 2785 681 2894 qui
700 2785 914 2865 diffamatus
933 2804 1012 2862 erat
1031 2787 1119 2894 quia
1140 2784 1364 2862 abutebatur
1378 2786 1504 2891 pueris
1519 2815 1625 2863 secu-

200 2913 353 2994 laribus.
373 2917 453 2995 Alia
477 2916 608 2994 illicita
633 2945 707 2995 non
733 2915 1017 2994 intervenerunt.
1042 2917 1080 2991 in
1106 2917 1202 2993 dicta
1225 2944 1288 2993 sua
1314 2917 1533 3021 recepcione
1555 2947 1624 2994 nec

201 3061 300 3151 post,
324 3064 362 3124 et
378 3047 498 3124 credit
523 3049 628 3155 quod
649 3049 784 3125 eadem
807 3048 1077 3126 intervenirent
1101 3047 1354 3125 communiter
1369 3063 1406 3122 et
1421 3046 1562 3153 ubique
1584 3049 1622 3123 in

201 3179 484 3283 recepcionibus
510 3179 669 3257 aliorum
691 3179 848 3259 fratrum
872 3179 1015 3257 ordinis
1030 3180 1088 3255 vel
1104 3195 1201 3283 post,
1231 3194 1268 3254 et
1288 3177 1391 3284 quod
1407 3178 1566 3286 majores
1587 3195 1624 3254 et

203 3305 265 3383 alii
285 3307 416 3387 fratres
436 3308 579 3387 ordinis
595 3309 661 3386 ista
676 3312 828 3401 scirent,
851 3311 939 3416 quia
953 3309 1024 3385 suit
1037 3309 1186 3386 locutus
1202 3306 1474 3413 cumpluribus
1492 3336 1536 3383 ex
1551 3308 1620 3395 eis3

201 3454 238 3513 et
256 3439 465 3544 specialiter
488 3469 573 3516 cum
593 3439 704 3518 fratre
724 3442 836 3519 Petro
858 3441 905 3517 de
927 3439 1046 3516 Madit
1071 3439 1190 3516 milite
1211 3439 1420 3546 quondam,
1443 3439 1503 3514 cui
1523 3438 1622 3514 mul-

198 3584 278 3644 tum
301 3569 548 3675 displicebant
566 3571 747 3676 predicta,
765 3600 833 3677 per
855 3599 969 3677 quem
989 3569 1061 3647 luit
1076 3569 1146 3646 sibi
1173 3597 1396 3675 responsum
1419 3568 1524 3675 quod
1544 3598 1620 3645 non

200 3716 296 3775 esset
309 3700 422 3777 nimis
441 3702 610 3778 curiosus
631 3703 669 3777 in
686 3701 915 3807 inquirendo
936 3702 984 3778 de
999 3700 1196 3806 predictis3
1217 3728 1304 3776 nam
1329 3728 1416 3777 cum
1438 3717 1535 3777 esset
1548 3699 1620 3776 lra-

198 3844 256 3903 ter
267 3831 442 3918 serviens,
455 3833 520 3938 qui
535 3832 737 3909 servientes
748 3831 1140 3937 contempnebantura
1154 3828 1355 3918 militibus,
1369 3830 1532 3907 debebat
1540 3858 1619 3909 esse

198 3958 353 4050 surdus,
384 3978 513 4038 mutus
541 3978 578 4038 et
601 3991 726 4052 cecus,
756 3978 794 4038 et
819 3961 921 4038 idem
947 3960 1227 4067 responderunt
1250 3960 1321 4037 sibi
1346 3959 1456 4036 multi
1482 3959 1543 4035 alii
1572 3960 1618 4036 de

198 4087 347 4177 ordine,
370 4090 466 4167 sicut
490 4091 593 4167 dixit.
618 4092 834 4198 Requisitus
855 4091 883 4168 si
904 4091 1048 4168 viderat
1074 4090 1167 4168 alios
1191 4089 1304 4195 recipi
1327 4089 1365 4165 in
1387 4089 1535 4180 ordine,
1558 4119 1617 4165 re-

195 4218 348 4323 spondit
367 4221 471 4326 quod
489 4222 559 4310 sic,
581 4219 733 4297 fratrem
754 4221 1004 4299 Guillelmum
1025 4220 1072 4298 de
1093 4220 1233 4299 Asomo
1251 4219 1473 4297 servientem
1493 4245 1617 4324 quon-

194 4346 293 4436 dam,
307 4349 622 4427 Claramontensis
632 4350 802 4442 diocesis,
815 4368 984 4457 tempore
1000 4379 1095 4458 pape
1108 4350 1256 4427 Martini
1273 4348 1406 4456 quarti,
1420 4349 1459 4423 in
1475 4346 1616 4454 capella

194 4475 331 4554 domus
342 4480 493 4585 Templi
505 4480 627 4557 Sancti
645 4481 784 4558 Mathei
801 4480 848 4556 de
859 4482 956 4558 Urbe
970 4482 1103 4567 veteri,
1117 4510 1185 4586 per
1197 4479 1350 4556 fratrem
1362 4476 1614 4556 Guillelmum

75 4598 80 4603 ¹
192 4605 388 4684 Chamerii
409 4611 652 4699 servientem,
675 4612 740 4716 qui
762 4610 882 4687 fuerat
902 4611 1073 4688 ostiarius
1094 4609 1239 4687 domini
1264 4639 1357 4715 pape
1378 4606 1515 4686 Nicolai
1542 4626 1616 4687 ter-

193 4738 504 4844 cii,presentibus
523 4740 699 4818 fratribus
714 4740 884 4819 Gerardo
897 4742 943 4819 de
959 4739 1193 4818 Boscbacelis
1204 4740 1521 4818 Claramontensis
1538 4740 1624 4817 dio--

192 4869 285 4946 cesis
298 4870 507 4976 quondam,
531 4888 569 4947 et
585 4871 814 4977 quibusdam
835 4871 916 4949 aliis
935 4871 1077 4978 ytalicis
1092 4871 1139 4947 de
1159 4898 1324 4978 quorum
1342 4869 1563 4949 nominibus
1577 4888 1614 4947 et

276 5005 384 5068 crocis
406 5027 459 5069 ors
480 5027 647 5068 murnum.
663 5027 747 5067 -ιι,
1448 5007 1485 5068 ra
