4236 5948
347 521 416 594 ms
727 496 922 589 enecas
953 512 1050 585 nes
1080 510 1386 586 annectens.

341 662 414 737 hoc
438 659 538 737 salso
564 685 624 735 me
648 685 726 734 non
745 655 957 734 interfuisse
977 654 1193 762 juramento
1217 650 1405 730 dictorum
1434 650 1588 728 fratrum
1613 653 1771 729 Bartho-

339 788 456 867 lomci
473 805 510 866 et
525 786 730 894 Radulphi,
753 815 823 863 nec
835 785 1012 891 magister
1024 783 1187 861 Anrisius
1201 782 1469 859 examinacioni
1489 781 1610 859 fratris
1631 782 1773 860 lindul-

340 921 426 1027 phi,
444 935 557 1025 prout
575 917 689 994 michi
709 917 750 993 in
764 917 866 994 dicto
882 915 966 992 loco
981 931 1020 991 et
1037 913 1278 1019 presentibus
1297 912 1521 991 retulerunt.

399 1183 487 1259 Post
507 1181 594 1266 hec,
617 1178 679 1254 die
697 1179 870 1267 Veneris,
897 1178 938 1252 in
962 1177 1166 1253 crastinum
1189 1177 1289 1255 beati
1314 1175 1496 1254 lobannis
1514 1191 1600 1251 unte
1618 1192 1769 1280 portam

343 1312 530 1400 Latinam,
556 1337 630 1415 que
651 1307 724 1385 fuit
742 1307 901 1413 septima
924 1307 1004 1384 dies
1021 1306 1160 1383 mensis
1179 1305 1287 1396 maii,
1312 1321 1570 1383 convenerunt
1587 1304 1627 1380 in
1652 1304 1769 1382 domo

342 1440 509 1548 predicta
531 1437 677 1516 domini
696 1436 797 1515 Petri
820 1437 868 1515 de
888 1436 1096 1526 sabaudia,
1118 1434 1251 1543 prefati
1272 1435 1417 1513 domini
1439 1434 1771 1513 Narbonensem

342 1571 619 1677 chiepiscopus‚
646 1567 878 1645 Mimatensis
897 1585 935 1644 et
954 1566 1230 1645 Lemovicensis
1255 1565 1435 1672 episcopi,
1458 1566 1634 1642 Matheus
1650 1581 1692 1641 et
1711 1591 1771 1641 ar-

297 1696 300 1700 *
342 1701 586 1777 chidiacoaus
602 1696 867 1789 Tridentinus,
890 1715 929 1775 et
945 1697 1101 1775 luerunt
1116 1697 1270 1773 adducti
1289 1725 1358 1803 pro
1376 1696 1537 1774 testibus
1554 1695 1602 1771 ad
1617 1722 1772 1800 presen-

342 1830 437 1906 ciam
454 1828 676 1906 eorumdem
694 1827 825 1905 fratres
839 1828 949 1934 Hugo
975 1827 1023 1904 de
1041 1830 1176 1904 Naraac
1198 1842 1395 1933 preceptor
1415 1826 1461 1903 de
1478 1825 1657 1931 Espaneis
1675 1826 1773 1900 Xan-

342 1960 533 2050 tonensis,
561 1957 791 2037 Guillelmus
816 1956 863 2033 de
882 1958 1063 2065 Sermoya
1087 1956 1400 2064 Engolismensis,
1422 1958 1555 2034 Petrus
1580 1956 1626 2032 de
1652 1954 1771 2033 Nobi·

343 2091 438 2167 liaco
455 2089 743 2177 lemovicensis,
762 2087 990 2167 Guillelmus
1008 2087 1212 2165 Audeberti
1228 2087 1551 2195 Petragoricensis,
1574 2086 1706 2163 Helias·
1719 2084 1770 2162 ds

344 2220 487 2299 Chasac
516 2218 605 2296 alias
635 2219 756 2295 dictus
788 2218 931 2311 Cotati,
959 2221 1091 2295 Petrus
1116 2218 1163 2294 de
1184 2218 1364 2310 Vernhia,
1392 2235 1428 2294 et
1455 2219 1587 2293 Petrus
1613 2215 1770 2294 Geraldi

344 2348 440 2427 alias-
449 2349 573 2427 dictus
588 2350 635 2427 de
648 2348 867 2439 Meleduno,
879 2348 1129 2425 Xautonensis
1144 2347 1362 2437 diocesium,
1374 2349 1587 2438 servientes,
1601 2347 1705 2424 missi
1721 2347 1772 2423 ad

344 2480 634 2586 requisicionem
661 2480 849 2557 dictorum
876 2479 1119 2556 dominorum
1141 2479 1483 2557 commissariorum
1507 2505 1575 2584 per
1593 2505 1771 2556 reveren·

345 2611 438 2687 dum
459 2611 499 2686 in
517 2609 666 2687 Christo
688 2627 830 2715 patrem
852 2608 1053 2686 dominum
1073 2607 1312 2700 Guidonem,
1327 2610 1399 2688 Dei
1413 2609 1535 2718 gracia
1550 2608 1772 2715 episcopu-

346 2741 643 2825 Xautonensern‚
660 2768 747 2815 cum
769 2738 851 2845 ejus
870 2737 1016 2825 litteris,
1034 2765 1198 2844 quarum
1216 2754 1327 2815 tenor
1345 2738 1502 2817 iuferius
1518 2756 1575 2817 est
1594 2740 1770 2818 insenos,

345 2870 438 2964 Qui,
456 2871 564 2947 tactis
585 2868 825 2946 sacrosanctis
838 2866 1065 2975 Evangeliis,
1077 2867 1299 2974 juraverunt
1316 2869 1441 2947 dicere
1462 2872 1502 2946 in
1519 2870 1590 2946 isto
1611 2873 1772 2978 negocio

346 2999 495 3105 plenam
516 3017 553 3076 et
576 3027 718 3075 meram
738 2999 950 3085 veritatem,
975 2998 1186 3075 secundum
1208 2997 1366 3077 sormam
1384 3001 1587 3108 juramenti
1607 3000 1770 3079 aliorum

344 3130 498 3207 testium
528 3129 702 3234 superius
729 3129 983 3236 registratam,
1017 3128 1221 3233 expositam
1251 3147 1289 3207 et
1317 3130 1581 3238 vulgarisatarn
1610 3131 1769 3209 eisdem:

345 3261 432 3352 Quo
455 3262 673 3367 juramento
700 3275 870 3363 recepto,
895 3257 1019 3334 dictus
1043 3258 1222 3336 dominus
1249 3260 1564 3366 archiepiscopus,
1593 3288 1772 3340 excusans

346 3415 385 3464 se
406 3405 448 3463 ut
468 3415 596 3492 supra,
618 3386 781 3464 recessit.
798 3388 927 3464 Tener
942 3415 1031 3465 vero
1047 3388 1233 3466 dictarum
1247 3389 1457 3466 litterarum
1474 3391 1561 3468 talis
1574 3407 1652 3467 ests
1670 3394 1773 3470 «tte-

346 3517 519 3594 verendis
539 3516 577 3592 in
597 3516 749 3594 Christo
770 3517 938 3623 patribus
963 3547 1004 3595 ac
1024 3519 1187 3596 dominis
1209 3519 1480 3625 spiritualibus,
1508 3521 1672 3597 dominis
1695 3523 1770 3600 Dei

347 3646 585 3751 providencia
614 3646 893 3754 archiepiscopo
921 3648 1175 3737 Narbonensi,
1208 3651 1463 3728 Lemovicensi
1490 3668 1527 3727 et
1553 3651 1769 3730 Mimatensi

348 3776 548 3883 episcopis,
575 3806 616 3854 ac
640 3777 803 3855 dominis
825 3779 977 3856 Matheo
1001 3780 1047 3856 de
1073 3779 1229 3887 Neapoli
1251 3781 1353 3858 sedis
1379 3781 1581 3886 apostolice
1601 3783 1770 3872 nonno,

347 3909 498 4015 majoris
522 3908 640 3987 Caleti
661 3909 973 4016 Rotbomagensis
1001 3926 1039 3987 et
1065 3911 1226 3987 lohanni
1251 3911 1301 3989 de
1325 3914 1478 3990 Mantua
1504 3913 1647 3989 domini
1671 3914 1771 4019 Pape

348 4037 539 4142 capellano
559 4039 781 4115 Tridentino
803 4039 1044 4116 ecclesiarum
1064 4040 1345 4132 archidiaconis,
1366 4041 1505 4133 Guido,
1525 4043 1593 4121 Dei
1614 4043 1773 4148 pomms·

347 4168 451 4245 sione
477 4168 629 4244 ecclesie
656 4168 905 4246 Xautonensis
930 4169 1115 4260 minister,
1137 4197 1222 4247 cum
1249 4172 1353 4248 omni
1374 4171 1594 4248 obediencia
1620 4188 1658 4248 et
1679 4172 1771 4249 sab-

343 4297 525 4402 jectione‚
552 4326 592 4374 se
620 4297 756 4402 ipsum.
792 4300 906 4385 Juxta,
929 4315 1135 4377 vestrarum
1162 4301 1298 4378 seriem
1330 4301 1558 4389 litteratum,
1591 4329 1691 4408 quas-
1708 4301 1772 4379 dis

347 4428 502 4506 Veneris
517 4445 602 4534 post
620 4429 790 4507 octabam
811 4429 948 4507 Pasche
968 4431 1185 4536 recepimus
1196 4432 1289 4508 circa
1310 4432 1399 4510 solis
1419 4459 1627 4523 occassum,
1649 4449 1771 4510 vestro

349 4557 533 4633 mittimus
552 4560 763 4636 reverencie
787 4578 931 4667 septem
953 4561 1206 4668 Templarios,
1229 4593 1325 4670 quos
1350 4564 1397 4642 de
1418 4564 1568 4669 speciali
1593 4563 1769 4640 mandato

348 4686 493 4763 domini
514 4690 629 4764 nostri
650 4692 788 4768 summi
811 4691 1000 4797 pontificis
1027 4694 1267 4783 tenebamus3
1295 4696 1372 4774 duo
1400 4722 1502 4781 vero,
1527 4694 1594 4800 qui
1621 4693 1769 4770 diucius

347 4816 488 4896 inlirmi
505 4819 731 4922 periculosse
746 4820 916 4913 luerunt,
933 4840 1087 4928 propter
1101 4823 1367 4930 impotenciam
1386 4841 1664 4912 remanserunt,
1680 4825 1769 4931 quis
