4236 5948
734 566 930 656 procas
957 583 1053 654 nas
1079 584 1380 659 inuramus.
1684 587 1757 662 aar

338 727 495 815 bruarii,
509 751 606 801 anno
616 751 693 828 quo
706 752 832 828 supra,
848 723 1100 829 peremptorie
1116 725 1264 803 duobus
1279 724 1453 803 l'ratribus
1465 726 1760 805 Predicatoribus

341 876 377 933 et
398 857 546 935 duobus
563 854 739 930 fratribus
762 854 971 932 Minoribus
1002 874 1252 932 conventuum
1282 855 1366 932 ville
1395 855 1607 960 Perpiniani
1635 875 1760 936 nostre

340 988 508 1066 Elnensis
523 984 698 1072 diocesis,
719 1013 787 1089 per
805 1002 947 1063 nostras
965 983 1103 1061 litteras
1120 986 1188 1062 sub
1205 987 1272 1062 hac
1289 985 1408 1063 forma
1425 1019 1433 1060 :

396 1118 638 1224 Raymundus
672 1115 914 1194 miseracione
953 1115 1076 1193 divina
1117 1117 1287 1193 Elnensis
1325 1117 1536 1221 episcopus,
1579 1117 1762 1225 religiosis

341 1250 426 1323 viris
445 1249 558 1353 priori
578 1246 858 1324 Predicatorum
881 1264 918 1322 et
936 1246 1111 1353 gardiano
1131 1246 1288 1324 fratrum
1312 1247 1501 1323 Minorum
1528 1246 1611 1323 ville
1635 1249 1763 1354 Perpi-

341 1379 457 1465 niani,
475 1378 632 1453 salutem
646 1377 685 1452 in
701 1377 866 1453 Domino
881 1376 1015 1463 ihesu,
1034 1404 1121 1453 cum
1136 1393 1334 1484 augurento
1350 1375 1472 1452 divine
1485 1376 1605 1481 gracie
1616 1394 1653 1453 et
1662 1404 1762 1453 amo-
1835 1430 1841 1437 -

339 1509 401 1585 ris.
419 1509 514 1587 Cum
523 1510 626 1615 juxta
641 1507 920 1585 ordinacionem
934 1508 1150 1584 sanctissimi
1162 1508 1275 1614 patris
1286 1525 1322 1584 et
1332 1505 1474 1584 domini
1490 1508 1607 1585 nostri
1617 1507 1760 1584 domini

340 1639 543 1717 Clementis
563 1668 657 1745 pape
679 1639 817 1745 quinti,
839 1656 1068 1716 sacrosancte
1092 1641 1258 1717 Romane
1290 1668 1332 1715 ac
1356 1639 1573 1715 universalis
1600 1639 1760 1715 Ecclesie

341 1771 476 1846 summi
498 1769 700 1875 pontilicis,
722 1768 941 1846 litteratorie
962 1768 1071 1845 nobis
1084 1769 1251 1856 missam,
1272 1769 1422 1845 duobus
1435 1768 1623 1846 canonicis
1636 1786 1761 1845 nostre

340 1900 510 1976 Elnensis
536 1900 709 1987 ecclesie,
727 1898 875 1976 duobus
894 1898 1196 1977 Predicatoribus
1219 1917 1256 1974 et
1277 1897 1427 1974 duobus
1446 1897 1620 1974 fratribus
1639 1899 1762 1976 Mino-

340 2029 444 2106 ribus
471 2029 672 2116 accercitis,
695 2043 822 2103 contra
849 2027 1084 2129 Templarios
1114 2042 1239 2101 nostre
1270 2024 1441 2101 Elnensis
1469 2025 1627 2102 diocesis
1652 2055 1763 2132 super·

341 2158 504 2235 articulis
524 2158 562 2231 in
582 2157 690 2232 dictis
707 2154 840 2231 litteris
858 2152 1136 2259 comprehensis
1151 2155 1341 2260 inquirere
1358 2154 1609 2243 intendamus,
1627 2183 1691 2233 vos
1704 2186 1761 2233 re-

341 2288 540 2392 quirimus,
573 2303 609 2360 et
635 2283 902 2359 nichilominus
932 2285 1148 2361 auctoritate
1176 2283 1376 2388 apostolica
1402 2283 1507 2361 vobis
1533 2285 1694 2362 dicimus
1727 2305 1763 2362 et

341 2416 559 2491 mandamus
581 2414 759 2517 quatinus
779 2429 941 2488 vestrum
961 2412 1120 2516 quilibet
1138 2441 1223 2489 cum
1243 2441 1321 2490 uno
1343 2413 1454 2490 fratre
1472 2416 1581 2491 vestri
1602 2417 1761 2505 ordinis,

341 2546 420 2620 viro
437 2544 565 2649 utique
581 2541 735 2647 provido
757 2559 793 2616 et
809 2540 848 2616 in
864 2540 1000 2617 talibus
1012 2540 1295 2644 circumspecm,
1317 2541 1377 2617 die
1393 2543 1567 2619 mercurii
1581 2547 1760 2648 proxima,

342 2676 390 2751 ad
401 2692 559 2751 castrum
571 2673 619 2749 de
631 2670 842 2757 Trullariis,
855 2697 964 2746 mane
977 2687 1062 2746 ante
1072 2670 1301 2757 terciam,ad
1312 2698 1380 2747 nos
1392 2670 1634 2777 personaliter
1646 2676 1764 2750 venia-

341 2807 405 2893 tis,
423 2807 462 2880 in
476 2803 650 2909 predictis
673 2800 869 2877 nobiscum
887 2799 1037 2887 facturi,
1052 2800 1158 2906 juxta
1173 2800 1242 2876 Dei
1253 2799 1530 2906 beneplacitum
1543 2819 1578 2880 et
1591 2803 1761 2881 traditam

296 2978 303 2987 ·
343 2935 473 3011 adicto
495 2933 646 3010 domino
667 2947 796 3008 nostro
816 2957 965 3006 summo
985 2928 1160 3035 pontifice
1180 2930 1288 3007 nobis
1307 2928 1482 3020 formam,
1502 2931 1605 3036 quod
1613 2932 1762 3037 justicia

342 3064 525 3142 suadebit.
537 3063 704 3139 lutencio
721 3062 823 3137 enim
840 3076 965 3137 nostra
980 3076 1034 3135 est
1051 3078 1270 3164 preceptum
1285 3059 1530 3165 apostolicum
1545 3060 1762 3139 litteratorie

341 3194 451 3273 nobis
463 3253 582 3269 .....
606 3194 744 3269 Datum
764 3190 935 3268 vicesima
946 3248 1067 3265 .....
1098 3189 1343 3296 [artantibusll
1360 3190 1523 3296 providis
1539 3209 1577 3269 et
1596 3192 1762 3269 discretis

344 3324 488 3429 [duobus
515 3321 728 3427 cononicisll
755 3320 926 3410 Elnensis
953 3320 1126 3409 ecclesie,
1158 3320 1331 3398 videlicet
1358 3322 1562 3398 Benedicto
1594 3324 1763 3427 Hugonis

342 3454 603 3530 archidiacono
625 3452 767 3558 [majori
786 3449 862 3556 eti]
886 3449 1106 3557 Raymundo
1131 3449 1324 3528 Guillelmi
1345 3450 1492 3528 sacrista
1513 3451 1696 3557 ejusdem.
1718 3453 1763 3527 Et

342 3583 465 3659 locum
485 3583 585 3685 apud
605 3598 765 3657 castrum
778 3583 825 3657 de
847 3580 1040 3657 Trullariis
1061 3581 1229 3686 ejusdem
1251 3580 1420 3658 Elnensis
1441 3581 1593 3659 ecclesie
1610 3583 1763 3689 propin-

342 3739 462 3814 quum
477 3707 647 3814 [domuill
661 3710 780 3787 Mansi
800 3710 871 3787 Dei
890 3710 994 3814 quod
1014 3726 1070 3785 est
1090 3710 1228 3787 milicie
1244 3709 1393 3814 Templi
1407 3710 1494 3799 Dei,
1512 3712 1550 3786 in
1565 3741 1639 3817 qua
1653 3713 1763 3788 Tem-

341 3838 446 3945 plarii
472 3839 563 3916 olim
587 3839 764 3944 degentes
787 3839 828 3913 in
848 3838 1003 3915 diversis
1030 3838 1122 3916 locis
1148 3837 1242 3914 infra
1263 3858 1427 3917 nostram
1447 3840 1643 3929 diocesim,
1659 3841 1762 3946 juxta

345 3966 600 4074 [mandatomll
622 3969 779 4074 predicti
800 3969 942 4047 domini
964 3969 1081 4048 nostri
1097 3970 1233 4047 summi
1251 3969 1455 4074 pontilicis,
1473 3969 1543 4049 sub
1559 3968 1762 4047 lidacusto-

345 4099 404 4173 dia
426 4099 651 4174 detinentur.

399 4359 545 4452 Quibus
566 4359 626 4434 die
648 4359 822 4435 mercurii
845 4375 883 4435 et
901 4359 1002 4447 loco,
1025 4358 1195 4436 videlicet
1216 4359 1389 4466 [restrui]
1412 4361 1578 4465 predicto
1594 4359 1640 4436 de
1656 4359 1763 4436 Trul-

341 4487 457 4574 lariis,
471 4517 538 4564 nos
551 4487 715 4591 prelatus
728 4489 900 4565 Elnensis
912 4491 1108 4595 episcopus
1124 4489 1288 4567 volentes
1303 4490 1491 4597 inquirere
1503 4517 1588 4566 curu
1595 4489 1763 4594 Templa-

343 4619 406 4694 riis
416 4618 593 4722 predictis
603 4648 715 4723 super
730 4618 896 4724 [articulis
908 4618 978 4724 int]
995 4620 1171 4724 predictis
1184 4620 1317 4698 litteris
1332 4619 1624 4725 comprehensis,
1636 4645 1763 4724 perso-

342 4748 474 4824 naliter
485 4748 695 4836 constituti,
708 4749 896 4827 accercitis
909 4767 945 4826 et
957 4750 1159 4828 astantibus
1172 4750 1281 4827 nobis
1292 4750 1400 4827 dictis
1415 4750 1565 4827 duobus
1577 4749 1762 4827 canonicis

343 4896 381 4955 et
401 4876 549 4982 dolebas
558 4880 728 4982 frutribus
748 4879 1075 4985 Predicoltoribus,
1097 4878 1269 4957 videlicet
1283 4879 1392 4957 lratre
1412 4878 1603 4967 Beroardo
1618 4878 1760 4957 Marchi

450 5035 554 5092 rnoclrs
571 5053 623 5093 ors
638 5052 811 5094 rrrrrrrrns.
827 5068 869 5080 -
884 5055 917 5093 rr.
1553 5033 1592 5099 bb
