4236 5948
353 546 400 615 aa
741 522 934 615 raocts
962 542 1055 613 uns
1083 539 1387 613 rnnrnrnns.

351 682 540 771 scandala,
562 683 724 789 suspicio
746 701 783 761 et
804 682 956 761 infamia
976 699 1064 759 sunt
1087 700 1228 774 exorta,
1251 700 1290 759 et
1313 699 1441 758 contra
1462 711 1575 788 quem
1604 686 1779 791 Magister

352 816 465 894 etalii
487 815 665 894 dicuntur
678 814 802 923 aliqua
818 814 931 894 luisse
948 813 1126 905 confessi3
1148 814 1197 890 ad
1207 815 1319 921 cujus
1338 812 1482 891 ordinis
1503 812 1777 893 deffensionem

353 978 391 1025 se
413 976 490 1025 non
506 946 706 1024 obtulerat.

410 1081 623 1188 Requisitus
643 1080 672 1156 si
694 1082 746 1157 sic
759 1081 986 1185 deposuerat
1006 1106 1127 1184 prece,
1140 1095 1332 1183 precepto,
1345 1076 1494 1163 timore,
1509 1107 1652 1169 amore,
1669 1078 1773 1167 odio,

350 1212 409 1288 vel
429 1211 627 1318 temporali
643 1212 804 1289 comodo
826 1211 957 1287 habito
976 1210 1032 1286 vel
1052 1202 1241 1298 habendo,
1262 1208 1459 1314 respondit
1479 1210 1583 1314 quod
1601 1239 1689 1301 non,
1710 1213 1776 1288 sed

260 1346 298 1413 ⁸·
349 1371 417 1449 pro
437 1342 589 1420 veritate
615 1343 790 1430 dicenda;
821 1344 880 1420 cui
904 1342 977 1419 luit
1000 1342 1215 1449 injunctum
1240 1340 1345 1447 quod
1370 1367 1447 1416 non
1473 1341 1654 1419 revelaret
1680 1343 1776 1420 hanc

352 1504 458 1551 suam
476 1475 774 1581 deposicionem,
790 1500 992 1581 quousque
1008 1475 1269 1551 attestaciones
1280 1471 1423 1549 luerint
1437 1471 1644 1577 pu'blicate3
1655 1493 1692 1550 et
1707 1475 1777 1552 luit

348 1622 590 1711 protestatus,
613 1607 650 1681 in
672 1606 856 1712 principio
873 1604 1125 1708 deposicionis
1144 1632 1229 1696 sue,
1251 1602 1357 1710 quod
1375 1629 1451 1679 non
1474 1603 1694 1681 intendebat
1714 1636 1774 1683 re-

349 1736 484 1812 cedere
512 1766 532 1811 a
556 1736 796 1841 deposicione
824 1764 892 1841 per
918 1763 1006 1811 eum
1031 1732 1125 1810 sacta
1152 1762 1277 1811 coram
1306 1733 1464 1810 domino
1493 1736 1773 1842 archiepiscopo

348 1884 570 1945 memorato.

404 2000 492 2074 Acta
504 1995 659 2074 luerunt
671 1998 741 2072 hec
753 1996 814 2072 die
825 2014 862 2071 et
872 1995 955 2072 loco
972 1996 1159 2099 predictis,
1174 1996 1414 2102 presentibus
1424 1996 1600 2101 magistro
1616 1995 1769 2086 Amisio,

349 2159 409 2203 me
425 2128 685 2218 Floriamonte
704 2126 919 2214 Dondedei‚
942 2144 979 2202 et
999 2125 1080 2202 aliis
1096 2127 1252 2203 notariis
1271 2155 1381 2232 supra
1397 2124 1534 2202 ultimo
1553 2127 1771 2214 nominatis,

348 2279 385 2336 et
405 2278 460 2335 est
480 2260 676 2336 sciendum
692 2259 797 2363 quod
819 2257 995 2334 dominus
1016 2256 1189 2334 llllatheus
1208 2257 1475 2361 superveniens
1499 2256 1669 2332 interfuit
1693 2286 1772 2332 exa·

347 2389 552 2465 minacioni
576 2388 732 2494 predicti
755 2388 860 2464 testis
880 2386 1017 2463 ultimo
1037 2387 1247 2462 examinati.

402 2652 492 2726 Post
509 2649 591 2737 hec,
608 2648 670 2745 die
684 2648 808 2725 Sabati
823 2650 1009 2752 sequenti,
1027 2678 1100 2756 que
1123 2650 1195 2725 luit
1210 2677 1256 2726 xx
1273 2649 1354 2725 dies
1370 2649 1460 2725 dicti
1477 2651 1614 2725 mensis
1629 2649 1768 2735 Marcii,

344 2781 417 2858 fnit
432 2780 618 2857 adductus
639 2780 686 2854 ad
706 2779 936 2884 presenciam
954 2780 1143 2856 dictorum
1160 2780 1403 2857 dominorum
1427 2781 1769 2858 commissariorum

348 2911 540 2988 etdomini
553 2908 883 2996 Mathei‚indomo
894 2910 1061 3014 predicta
1072 2910 1229 2986 fratrum
1242 2909 1573 3001 Minorum,lrater
1584 2910 1769 2989 Geraldus

345 3046 392 3119 de
415 3042 632 3147 Augnihaco
649 3038 925 3116 Lemovicensis
945 3040 1104 3117 diocesis
1129 3041 1303 3130 serviens,
1327 3058 1523 3147 preceptor
1539 3041 1766 3130 Nanatensis‚

343 3173 686 3278 quinquagenarius
711 3169 770 3245 vel
796 3171 906 3260 circa,
940 3170 1161 3249 mantellum
1193 3190 1230 3247 et
1255 3172 1410 3248 barbam
1440 3172 1637 3251 defferens.
1671 3173 1767 3263 Qui,

344 3301 619 3405 protestacione
648 3300 827 3405 premissa
854 3301 958 3403 quod
979 3330 1065 3384 ,non
1093 3302 1257 3379 intendit
1277 3301 1454 3380 recedere
1480 3334 1500 3379 a
1527 3303 1767 3409 deposicione

344 3461 411 3538 per
424 3460 512 3508 eum
532 3431 789 3507 sactaPictavis
806 3458 931 3506 coram
949 3431 1097 3510 officiali
1115 3434 1317 3510 Pictavensi
1336 3452 1372 3510 et
1388 3434 1615 3540 quibusdam
1633 3433 1730 3519 aliis,
1749 3463 1768 3506 a

342 3562 483 3667 quibus
504 3560 698 3640 absolutus
719 3577 756 3637 et
780 3562 1042 3642 reconciliatus
1063 3564 1218 3654 exstitit,
1245 3565 1350 3642 lectis
1371 3581 1408 3640 et
1434 3563 1636 3672 diligenter
1656 3590 1769 3666 expo·

343 3693 422 3767 sitis
440 3690 511 3768 sibi
532 3690 709 3767 omnibus
729 3708 768 3767 et
782 3692 938 3799 singulis
951 3694 1127 3782 articulis,
1150 3693 1345 3799 respondit
1361 3723 1400 3769 se
1416 3695 1560 3770 nescire
1579 3722 1648 3769 nec
1665 3692 1769 3767 audi-

341 3822 434 3898 visse
468 3822 542 3898 dici
570 3839 654 3898 ante
682 3823 897 3927 capcionem
929 3852 1062 3901 eorum
1094 3825 1199 3931 quod
1231 3825 1272 3928 in
1297 3825 1582 3930 recepcionibus
1609 3823 1765 3899 fratrum

342 3953 487 4028 ordinis
499 3951 558 4029 vel
572 3971 657 4057 post
671 3951 805 4030 fierent
826 3955 1107 4062 abnegaciones,
1128 3983 1196 4031 nec
1209 3955 1391 4060 vituperia
1406 3957 1536 4041 crucis,
1555 3984 1624 4031 nec
1640 3952 1766 4030 oscula

341 4083 551 4173 inhonesta,
573 4108 643 4160 nec
659 4084 763 4189 quod
783 4086 925 4160 crimen
942 4085 1209 4162 sodomiticum
1226 4087 1499 4163 concederetur
1513 4115 1582 4161 nec
1598 4083 1767 4160 commit·

339 4231 484 4289 teretur
495 4213 536 4289 in
557 4211 704 4302 ordine,
723 4242 792 4289 nec
807 4214 911 4319 quod
929 4214 1129 4291 adorarent
1149 4233 1285 4303 catum,
1304 4244 1373 4290 nec
1393 4215 1497 4320 quod
1519 4215 1654 4290 fierent
1673 4215 1767 4317 dog·

339 4343 599 4420 matizaciones
619 4361 794 4421 contente
816 4346 854 4421 in
877 4346 1053 4433 articulis,
1075 4375 1144 4422 nec
1163 4346 1269 4452 quod
1295 4363 1420 4423 essent
1440 4344 1624 4421 increduli
1649 4343 1766 4420 eccle-

339 4475 493 4550 siasticis
513 4477 771 4563 sacramentis,
794 4476 933 4582 quibus
956 4479 1034 4583 ipse
1059 4476 1252 4565 credebat,
1274 4504 1344 4553 nec
1364 4476 1469 4582 quod
1491 4503 1623 4550 eornm
1645 4501 1764 4549 sacer-

340 4602 446 4679 dotes
459 4604 707 4681 obmitterent
725 4607 836 4683 verba
856 4607 1021 4697 canonis,
1041 4635 1109 4684 nec
1122 4606 1226 4713 quod
1243 4608 1316 4683 hoc
1333 4606 1590 4711 preciperetur
1605 4604 1678 4692 eis;
1694 4632 1764 4678 nec

339 4733 444 4838 qnod
469 4761 602 4810 eorum
628 4735 708 4811 laici
730 4737 967 4815 absolverent
987 4739 1045 4813 vel
1064 4755 1218 4842 possent
1244 4736 1435 4813 absolvere
1458 4765 1477 4809 a
1501 4734 1673 4840 peccatis,
1697 4733 1763 4810 sed

321 4862 541 4970 ¹aliquando
568 4866 795 4942 remitebant
820 4867 1036 4972 disciplinas
1058 4868 1222 4952 ordinis;
1252 4894 1321 4945 nec
1346 4867 1452 4972 quod
1480 4865 1661 4943 haberent
1692 4892 1761 4941 nec
