4236 5948
734 502 932 601 raoobs
960 522 1058 596 ons
1084 523 1386 596 renarrans.
1698 530 1771 601 221

352 697 424 749 nec
437 663 624 746 audivisse
640 663 712 742 dici
729 668 776 744 de
793 665 978 744 contentis
993 665 1032 741 in
1051 665 1104 742 eis
1121 664 1192 745 nisi
1207 665 1312 772 quod
1326 663 1508 770 sequitur.
1525 663 1625 742 Dixit
1640 691 1775 773 nempe

353 822 393 879 se
412 814 452 876 et
475 796 606 874 fratres
630 795 878 874 Amblardum
899 794 1014 871 d'Aitz
1039 794 1313 872 Lemovicensis
1340 793 1520 880 diocesis,
1563 810 1712 900 captum
1737 796 1775 871 in

351 926 584 1037 Paganismo,
596 926 882 1034 etRadulphum
897 925 943 1001 de
957 923 1136 1032 Maynilio
1148 923 1467 1002 Claromontensis
1481 923 1651 1015 diocesis,
1663 951 1777 1031 quon-

353 1059 441 1159 dam
451 1057 603 1149 milites,
616 1075 654 1135 et
668 1058 879 1135 Johannem
891 1056 1002 1133 Fabri
1011 1054 1260 1161 presbiterum
1275 1054 1485 1163 quondam,
1500 1055 1776 1133 Lemovicensis

353 1190 534 1282 diocesis,
561 1187 674 1266 fuisse
697 1186 809 1265 simul
834 1205 1003 1294 receptos
1023 1187 1062 1262 in
1087 1185 1226 1292 capella
1248 1187 1385 1264 domus
1410 1183 1560 1292 Templi
1592 1185 1640 1261 de
1671 1186 1774 1263 Bella

353 1321 539 1403 Citmsana
565 1321 839 1398 Lemovicensis
874 1318 1052 1409 diocesis,
1082 1346 1151 1424 per
1175 1317 1327 1396 fratrem
1355 1319 1586 1395 Franconem
1614 1317 1660 1394 de
1686 1319 1775 1395 Bort

353 1451 514 1531 mititem
538 1451 749 1559 quondam,
769 1451 810 1525 in
829 1448 925 1526 sesto
944 1448 1043 1524 beati
1064 1448 1213 1526 Martini
1233 1447 1389 1556 yemalis
1408 1446 1575 1554 proxime
1595 1448 1773 1553 preterito

352 1580 507 1660 fuerunt
519 1581 665 1658 circiter
679 1607 748 1659 xxv
767 1580 872 1670 anni,
892 1578 1128 1685 presentibus
1143 1575 1318 1655 fratribus
1334 1571 1504 1656 Jobanne
1522 1578 1575 1653 las
1593 1577 1773 1656 Chassan·

354 1711 434 1804 das,
455 1709 630 1790 Dionisio
654 1709 701 1786 de
728 1709 884 1799 Castris,
907 1697 945 1786 et
963 1707 1135 1815 pluribus
1155 1707 1237 1786 aliis
1257 1693 1353 1814 quos
1373 1734 1504 1784 omnes
1524 1707 1618 1784 dixit
1636 1709 1772 1787 obiisse

353 1842 391 1918 in
408 1840 514 1919 bunc
527 1841 687 1918 modum
705 1870 714 1915 ε
730 1868 817 1916 nam
835 1867 922 1916 cum
940 1838 1111 1916 instructi
1128 1838 1174 1915 ab
1190 1838 1272 1919 aliis
1286 1838 1462 1916 fratribus
1475 1838 1769 1945 requisivissent,

353 1997 480 2049 amore
495 1969 590 2056 Dei,
612 1969 683 2047 sibi
704 1968 861 2046 concedi
881 1968 1116 2057 societatem,
1139 1995 1274 2075 panem
1297 1982 1335 2044 et
1355 1996 1505 2074 aquam,
1528 1986 1567 2044 et
1585 1969 1688 2073 quod
1712 1998 1771 2045 re-

353 2100 570 2208 ciperentur
586 2099 626 2174 in
637 2126 762 2177 servos
775 2097 938 2175 esclavos
955 2097 1110 2188 ordinis,
1123 2115 1160 2174 et
1168 2097 1358 2204 jurassent
1372 2095 1478 2203 quod
1492 2124 1570 2174 non
1584 2097 1773 2176 habebant

350 2229 610 2309 infirmitatem
626 2228 824 2316 latentem,
846 2258 916 2307 nec
937 2246 1043 2306 erant
1061 2229 1166 2306 alteri
1183 2228 1356 2339 religioni
1371 2228 1431 2305 vel
1446 2226 1688 2306 matrimonio
1703 2256 1773 2305 uec

351 2359 586 2470 debitisque
611 2387 687 2436 non
710 2376 864 2466 possent
887 2360 1031 2437 solvere
1056 2358 1210 2466 obligati
1234 2386 1305 2435 nec
1330 2359 1658 2447 excommunicati,
1686 2361 1772 2437 fecit

350 2518 438 2568 eum
459 2514 595 2567 vovere
613 2506 651 2566 et
665 2489 792 2596 jurare
813 2490 1039 2576 castitatem,
1065 2487 1345 2579 obedienciam,
1367 2488 1488 2565 vivere
1512 2489 1593 2566 sine
1617 2490 1770 2595 proprio

350 2638 387 2699 et
409 2648 554 2699 servare
581 2619 876 2697 consuetudines
898 2619 1061 2708 ordinis,
1089 2637 1127 2695 et
1152 2618 1255 2725 quod
1281 2646 1349 2725 pro
1372 2643 1481 2724 posse
1507 2644 1575 2695 suo
1596 2618 1771 2724 juvarent

348 2750 396 2827 ad
413 2748 686 2858 acquirendum
708 2751 865 2827 Terram
885 2766 1065 2839 sanctam,
1086 2766 1123 2826 et
1142 2749 1361 2853 acquisitam
1387 2747 1658 2825 deffenderent.
1683 2749 1769 2841 Quo

347 2880 464 2970 facto,
485 2881 667 2987 imposuit
685 2881 739 2957 eis
760 2878 977 2968 mantellos,
1000 2879 1211 2957 concedens
1231 2879 1285 2956 eis
1303 2880 1443 2957 victum
1465 2896 1502 2955 et
1520 2880 1715 2968 vestitum,
1733 2898 1770 2957 et

347 3011 427 3118 ipse
453 3029 493 3088 et
517 3027 679 3089 astantes
706 3011 863 3088 fuerunt
887 3038 951 3088 eos
977 3008 1133 3088 osculati
1160 3011 1199 3086 in
1227 3038 1304 3087 ore.
1334 3008 1482 3088 Deinde
1506 3008 1681 3086 instruxit
1703 3038 1769 3088 eos

346 3158 441 3249 quot
455 3142 571 3221 Pater
586 3156 703 3219 noster
726 3141 896 3218 dicerent
913 3170 982 3248 pro
1003 3140 1106 3218 horis
1126 3140 1220 3228 suis,
1243 3157 1280 3216 et
1300 3138 1461 3246 qualiter
1475 3166 1514 3214 se
1529 3138 1712 3217 baberent
1732 3158 1769 3216 et

345 3289 519 3380 regerent
536 3271 577 3346 in
601 3272 747 3348 ordine.
773 3273 1019 3349 Postmodum
1043 3271 1134 3348 dicti
1154 3269 1285 3347 fratres
1303 3270 1493 3347 Johannes
1518 3286 1556 3345 et
1575 3269 1769 3348 Dionisius

345 3418 568 3481 vocaverunt
584 3401 727 3478 dictum
743 3402 994 3508 presbiterum
1008 3403 1067 3479 cui
1082 3403 1207 3510 primo
1226 3399 1428 3479 mantellus
1439 3398 1560 3479 fuerat
1573 3402 1769 3508 impositus

344 3548 447 3609 retro
465 3531 599 3619 altare,
622 3549 707 3637 post
726 3533 915 3610 modicam
935 3534 1066 3610 horam
1088 3549 1313 3612 vocaverunt
1337 3531 1479 3609 dictum
1503 3529 1766 3618 Amblardum,

345 3660 533 3768 prefatum
562 3660 813 3768 presbiterum
839 3663 1087 3742 remittentes.
1114 3665 1247 3742 Postea
1274 3662 1389 3768 paulo
1417 3678 1503 3768 post
1527 3661 1769 3740 remictentes

345 3791 489 3870 dictum
508 3789 772 3881 Amblardum,
795 3811 1018 3871 vocaverunt
1037 3792 1181 3870 dictum
1196 3790 1455 3898 Radulphum,
1477 3808 1515 3870 et
1530 3793 1666 3881 nescit,
1681 3793 1769 3899 quia

345 3948 423 4001 non
446 3921 539 3999 vidit
561 3949 630 4000 nec
657 3923 814 4012 audivit,
837 3923 931 4030 quid
952 3921 1025 4001 fuit
1045 3922 1098 4000 ibi
1119 3940 1243 3999 actum
1267 3919 1324 3998 vel
1347 3919 1508 4011 dictum3
1540 3920 1607 3999 sed
1635 3949 1768 4027 parum

344 4068 429 4157 post
445 4052 685 4131 remictentes
705 4054 848 4131 dictum
868 4053 1130 4161 Radolpbum,
1151 4068 1375 4134 vocaverunt
1391 4051 1514 4158 ipsum
1534 4069 1687 4138 testem,
1711 4053 1768 4128 di-

343 4199 469 4261 ceutes
486 4183 591 4289 quod
605 4184 839 4263 consuetudo
861 4203 939 4262 erat
952 4184 992 4260 in
1009 4184 1142 4262 ordine
1162 4184 1267 4290 quod
1286 4181 1418 4259 fratres
1433 4180 1523 4258 dicti
1544 4181 1688 4263 ordinis
1702 4182 1767 4260 ab·

341 4331 523 4422 negarent
545 4316 701 4393 Jhesum
724 4317 929 4396 Christum.
946 4315 1054 4394 Unde
1075 4345 1162 4394 cum
1178 4317 1257 4423 ipse
1274 4316 1436 4423 jurasset
1450 4341 1594 4393 servare
1611 4342 1768 4393 consue-

338 4441 494 4521 tudines
520 4445 679 4534 ordinis,
711 4447 882 4552 precepit
902 4447 936 4524 ei
959 4447 1083 4525 dictus
1101 4446 1215 4525 frater
1232 4446 1423 4523 Jobannes
1443 4445 1549 4550 quod
1568 4444 1769 4554 abnegaret

339 4572 496 4651 ihesum
512 4574 725 4668 Christum,
743 4576 875 4685 etipse
891 4578 1008 4666 testis,
1023 4577 1187 4656 multum
1203 4574 1450 4682 stupefactus,
1470 4574 1665 4685 abnegavit
1680 4577 1768 4654 Jhe-

340 4731 432 4781 sum.
442 4704 640 4784 Christum
659 4735 741 4798 ore,
763 4734 841 4785 non
867 4708 997 4797 corde,
1020 4724 1064 4785 ut
1083 4707 1187 4786 dixit.
1208 4705 1439 4784 Aliaillicita
1458 4734 1536 4785 non
1556 4705 1766 4786 intervene-

341 4851 433 4913 runt
450 4835 489 4912 in
512 4836 610 4914 dicta
634 4866 700 4917 sua
722 4839 939 4945 receptione
960 4836 1020 4917 vel
1041 4857 1137 4946 post.
1165 4837 1383 4946 Requisitus
1402 4837 1432 4917 si
1454 4836 1541 4929 scit,
1566 4837 1686 4916 credit
1709 4841 1766 4917 vel
