4236 5948
475 559 551 634 aas
869 536 1188 628 rnocus‘nss
1213 550 1515 625 reuertens·

476 694 573 809 pella
585 699 686 776 dicte
699 696 975 779 domusMansi'
992 695 1079 781 Dei,
1098 694 1224 800 januis
1237 694 1390 785 clausis,
1412 693 1736 773 et-solislratribus
1751 725 1906 802 presen-

475 822 662 936 tibus'qui
677 829 719 905 in
739 827 817 934 ipsa
835 828 953 903 domo
974 842 1066 902 tuno
1086 842 1208 914 erant;
1222 825 1302 900 ‘sed
1323 853 1468 903 causam
1487 847 1602 930 quare
1626 826 1759 904 clausis
1778 830 1906 936 januis

477 962 570 1038 lacta
589 959 676 1048 fuit,
701 959 793 1035 dixit
813 987 852 1035 se
872 958 1027 1034 nescire.

535 1090 592 1166 Ad
612 1087 827 1165 xl—-lxxxru
845 1087 1021 1165 articulos
1034 1085 1228 1176 inclusive,
1245 1085 1445 1191 diligenter
1455 1102 1492 1161 et
1502 1083 1691 1193 sigillatim
1704 1088 1905 1194 interroga·

478 1214 715 1327 tussnega'rit
730 1219 830 1324 ipsos
843 1216 1065 1295 articuloset
1081 1217 1207 1294 omnia
1220 1232 1260 1292 et
1274 1214 1417 1322 'singula
1433 1233 1607 1293 contenta
1618 1217 1736 1307 ineis,
1752 1236 1905 1325 excepto

479 1349 583 1456 quod
606 1347 798 1426 confessus
821 1348 1002 1454 estquod
1026 1346 1108 1453 ipse
1127 1363 1167 1423 et
1181 1345 1308 1422 ceteri
1335 1342 1466 1422 fratres
1492 1345 1581 1423 dicti
1608 1346 1766 1437 ordinis,
1792 1366 1907 1454 prout

479 1476 615 1568 credit,
647 1495 810 1585 portant·
824 1476 1001 1555 continue
1032 1475 1178 1582 cingula
1208 1475 1282 1552 sive
1312 1475 1485 1552 cordulae
1512 1502 1627 1582 super
1655 1477 1844 1554 camisiam
1867 1480 1905 1554 in

480 1610 627 1717 signum
649 1609 824 1687 castitatis
850 1607 1045 1694 serrande3
1066 1623 1291 1682 nontamen
1316 1633 1403 1680 cum
1428 1604 1502 1682 illis
1521 1622 1723 1711 tanguntur
1744 1609 1802 1684 vel
1830 1611 1908 1684 ein-

480 1758 618 1847 guntur
635 1741 755 1846 capita
772 1730 970 1847 ydolorum
997 1730 1065 1814 nec
1080 1735 1209 1842 aliqua
1227 1735 1348 1842 ydola.
1698 1734 1701 1738 ’

537 1872 629 1947 Item
651 1868 842 1947 confessus
862 1873 924 1945 est·
937 1867 1040 1974 quod
1058 1866 1266 1972 injungitur
1285 1866 1374 1972 ipsis
1392 1864 1570 1943 fratribus
1582 1882 1754 1972 ternpore
1769 1896 1836 1946 sue
1850 1897 1908 1946 re-

483 2001 670 2106 cepcionis
688 2000 791 2106 quod
818 2024 861 2075 ea
888 2023 962 2104 que
986 1996 1083 2073 liunt
1108 1998 1146 2073 in
1167 2022 1300 2073 eorum
1329 1995 1502 2102 capitulis
1528 2024 1604 2073 non
1624 1997 1808 2089 revelent,
1837 2028 1907 2077 nee
1997 2055 2001 2060 -

482 2131 685 2235 loquentur
703 2130 820 2205 eciam
840 2156 927 2205 curn
946 2127 1029 2205 aliis
1048 2124 1225 2203 fratribus
1244 2126 1414 2233 ejusdem
1438 2125 1581 2203 ordinis
1600 2127 1665 2232 qui
1691 2156 1769 2205 non
1792 2128 1907 2207 inter-

484 2258 639 2335 iuemnt
668 2259 707 2334 in
739 2257 829 2364 ipsis
855 2257 1026 2363 capitulis
1052 2273 1221 2362 ternpore
1246 2283 1323 2362 quo
1346 2255 1506 2363 capitula
1526 2256 1581 2333 ilsi
1600 2255 1714 2349 liunt,
1735 2275 1772 2334 et
1791 2259 1822 2334 si
1841 2261 1905 2365 qui

485 2388 626 2464 inventi
652 2403 775 2464 essent
794 2389 859 2494 qui
880 2403 1020 2464 secreta
1039 2385 1191 2491 capituli
1204 2386 1450 2474 revelassent,
1471 2387 1694 2492 punirentur
1712 2389 1819 2493 penis
1839 2405 1908 2464 sta-

485 2517 575 2594 tutis
593 2517 634 2592 in
653 2516 986 2594 constitucionibus
1004 2505 1239 2594 eorumdem}

542 2645 600 2722 Ad
614 2645 878 2723 lxxrtn—-lxxxr
892 2646 1068 2723 articulos
1084 2644 1273 2736 inclusive,
1290 2645 1488 2752 diligenter
1503 2661 1540 2722 et
1554 2644 1740 2751 sigillatim
1755 2647 1908 2724 interro·

486 2795 607 2885 gatus,
628 2776 859 2883 respondens
873 2777 1019 2879 negavit
1033 2776 1133 2882 ipsos
1152 2775 1327 2854 articulos
1344 2791 1382 2852 et
1393 2777 1520 2854 omnia
1531 2791 1569 2851 et
1579 2774 1722 2883 singula
1735 2794 1907 2853 contenta

487 2910 525 2984 in
546 2908 610 2984 eis.
1986 2882 1992 2893 Ι

541 3036 648 3114 -Disit
671 3053 797 3113 umen
818 3038 922 3144 quod
941 3038 1020 3142 ipse
1040 3038 1105 3141 qui
1131 3036 1299 3143 loquitur
1317 3037 1357 3112 in
1377 3036 1505 3142 aliquo
1522 3034 1596 3112 alio
1617 3054 1799 3113 conventu
1821 3037 1908 3113 dicti

490 3165 789 3272 ordnislempli
807 3188 1002 3271 nunquam
1010 3165 1082 3243 fuit
1092 3165 1162 3243 nisi
1175 3166 1214 3242 in
1225 3182 1409 3250 conventu
1420 3165 1555 3242 domus
1570 3165 1786 3256 Mansi'Dei,
1798 3166 1909 3243 etibi·

489 3298 583 3374 dem·
591 3297 724 3374 stando
734 3288 926 3374 conlesws
935 3295 1006 3372 luit
1017 3323 1083 3373 sua
1097 3314 1245 3401 peccata
1258 3295 1359 3373 fratri
1374 3293 1565 3402 capellano
1574 3295 1745 3403 ejusdem
1761 3295 1908 3374 domus.

490 3427 700 3530 Atempore
710 3425 932 3500 tamencitra
943 3452 1019 3529 quo
1035 3444 1161 3530 captus
1176 3426 1315 3503 exstitit
1324 3427 1403 3532 ipse
1419 3443 1457 3502 et
1468 3425 1582 3502 ceteri
1592 3413 1724 3502 iratres
1741 3427 1908 3535 ejusdem

491 3554 652 3646 ordinis,
671 3552 861 3630 confessus
876 3553 1158 3661 cst-aliquando
1178 3554 1357 3632 fratribus¹
1371 3554 1582 3633 Minoribus
1602 3556 1841 3646 venientibus
1864 3559 1910 3633 ad

493 3683 630 3759 dictam
645 3682 821 3770 domum,
844 3683 997 3761 credens
1015 3685 1121 3791 quod
1134 3686 1213 3790 ipse
1229 3703 1266 3762 et
1278 3684 1391 3762 ceteri
1412 3685 1543 3760 francs
1560 3684 1653 3760 dicti
1670 3684 1813 3762 ordinis
1828 3714 1914 3793 pos·

492 3813 567 3888 sint
586 3811 856 3890 confiteri-aliis
875 3808 1091 3918 presbiteris
1109 3815 1343 3921 regularibus
1368 3834 1405 3893 et
1426 3815 1653 3893 secularibus
1675 3832 1912 3923 preterquam

491 3942 653 4049 propriis
674 3942 872 4049 capellanis
890 3961 929 4022 et
945 3944 1035 4050 ipsis
1053 3945 1170 4021 eciam
1189 3944 1365 4022 fratribus
1384 3940 1595 4052 capellanis.

548 4071 607 4148 Ad
622 4071 729 4148 lxrxu
750 4073 948 4150 articulum
970 4072 1168 4179 diligenter
1190 4076 1452 4182 interrogatus,
1476 4075 1569 4153 dixit
1587 4077 1692 4183 quod
1712 4063 1916 4152 illi-fratres

494 4200 542 4277 da
565 4201 707 4306 quibus
726 4201 766 4277 in
786 4203 943 4280 articulo
966 4201 1012 4289 fit
1034 4205 1199 4292 mentio,
1221 4206 1252 4282 si
1271 4204 1430 4283 confessi
1450 4224 1539 4284 sunt
1559 4223 1671 4311 prout
1695 4209 1734 4284 in
1760 4204 1916 4282 articulo

494 4331 718 4423 continetur,
732 4332 889 4413 confessi
905 4351 992 4411 sunt
1006 4351 1132 4412 contra
1151 4353 1297 4423 rerum,
1318 4353 1363 4412 ut
1379 4335 1472 4413 dixit
1486 4353 1532 4413 et·
1542 4337 1677 4426 credit,
1691 4353 1732 4415 et
1744 4361 1917 4443 magnam

493 4459 690 4538 falsitatun
712 4463 896 4543 dixerunt.
914 4456 934 4497 '³
1005 4508 1008 4513 ·
1388 4484 1392 4491 ’
1552 4523 1554 4528 ·

551 4590 609 4666 Ad
627 4591 1092 4684 lxxx111,lxxxurretlrxxv
1108 4595 1281 4674 articulos
1304 4596 1501 4688 inclusive,
1516 4597 1714 4704 diligenter
1728 4613 1766 4674 et
1779 4597 1919 4704 sigilla·

494 4718 563 4796 tim
579 4719 840 4830 interrogatus,
861 4726 1093 4832 respondens
1113 4727 1205 4804 dixit
1223 4727 1329 4834 quod
1344 4727 1397 4804 illi
1413 4727 1542 4806 fratres
1561 4729 1625 4834 qui
1640 4718 1808 4835 predicta
1827 4755 1918 4804 eon-

494 4848 582 4927 fessi
597 4869 684 4929 sunt
703 4852 741 4930 in
761 4857 952 4961 presencia
965 4856 1180 4934 sanctissimi
1202 4857 1345 4936 domini
1366 4860 1483 4936 nostri
1502 4886 1597 4965 pape
1618 4876 1655 4936 et
1673 4858 1916 4937 dominorum
