4236 5948
736 565 932 654 rancus
960 581 1055 655 nas
1081 580 1383 657 Tnnnmnns.
1700 585 1773 660 tas

348 724 450 798 dicto
470 719 796 799 dominoElnensi
833 723 1025 829 episcopo,
1057 739 1101 799 ut
1127 724 1299 829 superius
1329 722 1490 799 indicta
1522 726 1602 830 ejus
1629 726 1776 832 deposi-

348 854 454 929 cione
476 851 736 959 [contineturll.

403 982 461 1060 Ad
481 982 615 1060 lxx-xvu
643 998 681 1095 ot
706 983 853 1061 lxxxnu
872 1002 984 1089 atque
1005 984 1184 1061 ultimum
1208 983 1386 1062 articulos
1411 987 1643 1092 respondens
1662 989 1775 1064 inter-

345 1134 511 1222 rogatus,
535 1114 628 1191 dixit
640 1143 679 1192 se
696 1116 841 1219 nescire
854 1116 978 1222 aliqua
997 1114 1054 1191 vel
1066 1115 1208 1221 aliquid
1226 1117 1274 1193 de
1289 1116 1474 1193 contentis
1487 1116 1525 1193 in
1541 1118 1646 1222 ipsis3
1661 1146 1776 1224 super

345 1245 426 1321 aliis
440 1274 531 1322 vero
549 1246 597 1322 de
613 1246 754 1350 quibus
767 1246 972 1352 precipitur
985 1245 1066 1323 lieri
1088 1247 1286 1352 inquisicio
1307 1247 1506 1352 generalis,
1523 1265 1635 1353 prout
1653 1249 1774 1326 visum

345 1375 416 1450 fuit
443 1377 541 1453 dicto
563 1376 935 1484 dominotnpiscopo,
961 1395 998 1453 et
1018 1378 1196 1483 predictis
1223 1378 1304 1454 aliis
1332 1377 1497 1454 dominis
1522 1380 1712 1456 canonicis
1737 1397 1775 1454 et

345 1506 528 1615 religiosis
550 1507 638 1584 viris
661 1506 939 1615 inquinantibus
959 1508 1097 1614 paritor
1110 1537 1205 1585 cum
1224 1510 1378 1597 eodem,
1398 1510 1601 1615 requisitus
1620 1510 1714 1586 dixit
1734 1540 1772 1585 se

345 1637 462 1715 nichil
481 1637 643 1742 amplius
661 1637 768 1716 scire.

399 1903 459 1977 lll.
479 1904 608 1977 Frater
625 1901 876 1997 Jordanusde
889 1898 1104 1991 Pulcrovisu
1124 1902 1269 1979 ordinis
1286 1903 1376 1979 dicti
1394 1901 1560 2008 Templi,
1583 1920 1619 1979 et
1636 1905 1772 1982 domus

344 2031 462 2107 Mansi
484 2032 554 2108 Dei
574 2032 757 2137 predicte,
773 2030 935 2138 juratus,
956 2049 1001 2108 ut
1014 2031 1229 2138 principalis
1245 2031 1292 2108 de
1313 2060 1352 2109 se
1373 2031 1466 2137 ipso,
1485 2050 1521 2108 et
1539 2051 1582 2110 ut
1598 2033 1703 2109 tostis
1724 2035 1772 2111 de

343 2163 439 2252 aliis,
461 2192 575 2269 super
587 2164 761 2259 ‚articulis
774 2191 888 2269 super
908 2163 1047 2269 quibus
1066 2162 1362 2269 interrogabitur
1378 2160 1544 2268 plenam,
1566 2192 1709 2240 moram
1736 2183 1773 2240 et

342 2322 476 2398 puram
492 2292 616 2369 dicere
632 2295 841 2380 veritatem,
860 2293 953 2369 dixit
972 2311 1010 2369 et
1025 2293 1203 2398 deposuit
1220 2308 1265 2369 ut
1278 2295 1448 2398 sequitur
1465 2325 1475 2371 ε

398 2423 725 2527 Expositisprimo
743 2421 998 2499 sibitarticulis
1022 2423 1061 2498 in
1085 2422 1243 2528 vulgari,
1261 2451 1374 2528 super
1396 2426 1536 2529 primo,
1564 2453 1605 2512 u,
1624 2447 1772 2503 'ur—xv

343 2553 513 2630 articulis
527 2551 721 2641 inclusive,
743 2552 933 2658 sigillatim
949 2568 992 2628 et
1011 2551 1259 2660 singulariter,
1283 2551 1488 2657 diligenter·
1501 2555 1770 2659 interrogatus,-

343 2685 490 2788 negavit
504 2684 607 2788 ipsos
617 2683 794 2761 articulos
808 2700 846 2759 et
859 2684 1035 2758 omniaet
1053 2681 1197 2788 singula
1212 2699 1387 2760 contenta
1400 2685 1439 2759 in
1452 2684 1516 2760 eis.
1530 2683 1633 2761 Dixit
1647 2700 1772 2760 tamen

236 2803 240 2810 ¹
343 2815 485 2921 quoda
504 2833 674 2920 ternpore
697 2814 788 2890 citra
811 2840 887 2919 quo
906 2814 986 2918 ipse
1006 2810 1119 2889 frater
1131 2811 1320 2890 Jordanus
1338 2830 1376 2890 et
1394 2812 1458 2891 alii
1479 2811 1619 2890 fratres
1629 2814 1772 2903 ordinis

344 2946 431 3023 dicti
446 2945 597 3052 Templi
612 2945 783 3023 Elnensis
802 2945 961 3021 diocesis
978 2943 1132 3021 fuerunt
1142 2944 1257 3050 capti,
1275 2944 1449 3022 ocasione
1463 2945 1667 3023 criminum
1684 2972 1774 3023 con-

341 3093 534 3154 tentorum
550 3078 590 3152 in
610 3077 699 3185 ipsis
714 3075 894 3163 articulis,
910 3075 989 3181 ipse
1004 3077 1070 3181 qui
1084 3075 1255 3182 loquitur
1268 3074 1409 3153 audivit
1419 3075 1566 3183 aliquos
1576 3075 1772 3182 loquentes

342 3209 447 3313 quod
464 3237 594 3286 rumor
613 3225 652 3284 et
672 3236 843 3285 murmur
861 3208 1031 3316 gentium
1047 3207 1117 3283 luit
1137 3225 1266 3284 contra
1287 3208 1387 3311 ipsos
1410 3206 1457 3285 de
1475 3208 1671 3314 predictis,
1693 3208 1774 3284 adi-

343 3340 444 3419 ciens
463 3368 503 3416 se
526 3338 680 3415 credere
699 3337 805 3444 quod
827 3336 929 3413 idem
953 3364 1083 3413 rumor
1110 3362 1187 3415 non
1208 3338 1390 3444 processit
1407 3366 1428 3413 a
1446 3337 1636 3426 veridicis,
1663 3339 1730 3414 sed
1752 3369 1771 3412 a

341 3469 441 3546 falsis
472 3488 510 3548 et
538 3470 699 3546 inimicis
725 3468 873 3546 ordinis
888 3468 1102 3575 supradicti.
1124 3468 1228 3545 Dixit
1251 3469 1366 3545 eciam
1391 3496 1433 3546 se
1453 3497 1529 3546 non
1549 3467 1772 3547 recordaris

342 3601 481 3706 quibus
498 3600 643 3676 audiuit
655 3594 866 3704 predictum
887 3627 1063 3679 murmur
1074 3598 1162 3674 fieri
1176 3599 1252 3688 sive
1269 3599 1355 3675 dici.

400 3731 457 3807 Ad
477 3730 894 3808 xvi-xxnn-articulos
908 3729 1104 3816 inclusive,
1131 3747 1171 3807 et
1189 3758 1322 3806 eornm
1340 3730 1510 3836 singulos
1529 3730 1720 3840 sigillatim
1734 3748 1775 3806 et

343 3861 588 3967 singulariter,
607 3861 806 3965 diligenter
818 3861 1084 3966 interrogatus,
1099 3861 1247 3967 negavit
1256 3861 1381 3938 omnia
1394 3879 1431 3938 et
1443 3861 1587 3970 singula
1599 3878 1772 3938 contenta

342 3996 389 4070 in·
408 3995 478 4082 eis3
511 3992 678 4070 adiciens
700 4021 740 4069 se
761 3992 916 4069 credere
940 4009 1213 4070 sacramentum
1233 3992 1357 4069 altaris
1383 4010 1421 4069 et
1446 3993 1516 4070 alia
1545 4009 1774 4069 sacramenta

341 4126 522 4210 Ecclesiet
539 4141 653 4230 prout
672 4126 838 4201 Romana
850 4123 1226 4202 Ecclesia-hocteuet
1237 4140 1278 4199 et
1291 4122 1418 4211 doen,
1435 4140 1472 4200 et
1485 4123 1588 4199 idem
1602 4121 1708 4229 quod
1724 4122 1771 4198 de

341 4285 380 4332 se
395 4255 514 4332 credit
531 4255 580 4331 de
600 4254 835 4333 omnibus-et
853 4253 1010 4360 singulis
1029 4254 1206 4333 fratribus
1221 4246 1311 4332 dicti
1327 4252 1488 4360 Templi.

398 4385 454 4464 Ad
471 4414 554 4464 xxxx
574 4386 773 4464 anticulum
792 4386 1039 4492 respondens,
1068 4386 1162 4462 dixit
1175 4415 1215 4462 se
1231 4413 1301 4462 nec
1316 4386 1411 4461 scire
1426 4413 1496 4461 nee
1509 4383 1664 4460 credere
1681 4412 1773 4462 con-

341 4536 442 4596 tenta
463 4520 585 4607 ineo,
606 4519 704 4595 salvs
725 4520 915 4596 saunitas
941 4518 1083 4595 domini
1109 4517 1226 4596 nostri
1249 4546 1345 4624 pape
1363 4535 1404 4594 et
1423 4517 1580 4595 fratrum
1600 4516 1683 4623 ejus
1701 4518 1772 4593 ho-
1797 4619 1798 4623 Ἴ

344 4678 454 4738 nore;
484 4666 521 4726 et
548 4650 578 4724 si
606 4650 685 4756 ipse
712 4650 886 4758 Magister
914 4649 1107 4727 consessus
1132 4649 1205 4727 luit
1233 4665 1405 4726 contenta
1428 4650 1466 4724 in
1490 4649 1571 4754 ipso
1595 4647 1769 4735 articulo,

328 4776 538 4859 consessus
555 4797 613 4857 est
631 4779 724 4858 falso
738 4783 855 4860 modo
872 4798 910 4858 et
928 4781 1107 4858 mentitus
1126 4797 1199 4872 ost,
1218 4781 1318 4861 sicut
1330 4780 1424 4858 dixit
1442 4797 1481 4856 et
1498 4779 1630 4856 credit.

400 4913 457 4989 Ad
475 4939 727 4990 xxxv-xxxnn
747 4913 924 4991 articulos
944 4912 1122 4991 inclusive
1139 4912 1385 5021 respondens,
1408 4909 1644 5021 singulariter
1659 4926 1696 4986 et
1716 4909 1773 4985 di·
