4236 5948
728 548 922 640 raocns
948 567 1044 639 ors
1070 567 1368 638 rnururras.
1682 565 1755 640 aaa

341 708 502 786 Ecclesie
520 724 761 794 sacramenta,
785 724 822 782 et
841 708 880 781 in
900 705 973 782 illis
992 705 1112 782 credit
1130 706 1299 795 firmiter,
1317 733 1386 782 nec
1402 704 1545 781 dubitat
1558 703 1759 782 Christico-

341 839 460 914 larum
477 854 515 913 et
532 838 654 914 Deum
675 835 887 913 timentium
906 862 1029 911 veram
1045 861 1124 911 esse
1140 834 1308 911 salutem.

397 969 498 1045 Dixit
514 968 630 1043 eciam
653 994 691 1043 se
712 966 853 1042 nescire
875 994 942 1042 nec
963 964 1113 1043 credere
1135 964 1239 1070 quod
1257 966 1429 1070 cuiquam
1448 963 1550 1040 fratri
1572 965 1759 1070 capellano

333 1114 380 1173 et
397 1098 603 1203 presbitero
625 1097 713 1173 dicti
734 1095 892 1184 ordinis,
913 1095 1062 1200 quando
1075 1095 1270 1170 missarum
1280 1093 1501 1199 sollempnia
1515 1093 1590 1202 agit
1604 1111 1643 1170 et
1662 1093 1761 1171 cele-

342 1226 438 1315 brat,
461 1226 701 1303 interdicatur
718 1225 764 1302 ab
785 1225 910 1330 aliquo
927 1224 1139 1329 presidente
1158 1224 1227 1329 ipsi
1241 1224 1362 1300 ordini
1379 1251 1426 1300 ne
1438 1223 1600 1328 perfecte
1614 1240 1651 1299 ct
1666 1253 1763 1300 com·

343 1355 439 1460 plete
454 1355 639 1444 conficiat,
655 1382 746 1431 neve
760 1353 871 1431 verba
884 1353 1016 1430 tradita
1026 1382 1045 1430 a
1057 1353 1191 1430 sanctis
1205 1354 1369 1459 patribus
1386 1370 1424 1430 et
1439 1382 1458 1430 a
1473 1353 1635 1431 Domino
1646 1353 1762 1430 lhesu

343 1471 491 1564 Christo
505 1487 544 1562 in
554 1484 784 1562 confectione
796 1483 888 1560 sacri
900 1483 1065 1588 corporis
1079 1501 1117 1560 et
1125 1485 1284 1589 preciosi
1293 1485 1486 1591 ⁴sanguinis
1496 1485 1516 1559 J
1519 1485 1611 1561 hesu
1624 1483 1761 1562 Christi

344 1616 522 1693 dicantur.
1506 1613 1510 1620 ’

399 1745 553 1837 Addidit
576 1746 692 1822 eciam
719 1774 847 1822 verum
882 1773 959 1821 esse
990 1745 1110 1849 quod,
1143 1763 1229 1851 post
1256 1746 1514 1851 recepcionem
1538 1744 1692 1822 fratrum
1717 1745 1763 1820 ad

344 1875 486 1952 dictum
513 1875 701 1965 ordinem,
719 1874 844 1982 jurant
866 1902 904 1951 se
924 1902 1000 1951 non
1020 1874 1232 1980 relinquere
1254 1892 1466 1981 susceptum
1488 1875 1656 1952 habittun
1675 1874 1765 1949 dicti

344 2005 486 2081 ordinis
502 2032 570 2081 nec
589 2006 713 2110 ipsum
734 2004 907 2081 ordinem
926 2031 993 2109 pro
1014 2004 1160 2080 fortiori
1182 2005 1238 2081 vel
1259 2005 1433 2082 debiliori
1452 2004 1631 2110 religione
1652 2005 1766 2109 quali·

341 2135 421 2224 bet,
439 2136 509 2211 nisi
525 2136 739 2212 auctoritate
754 2135 811 2211 sui
827 2134 1029 2239 superioris
1045 2135 1117 2211 hoc
1130 2134 1309 2223 facerent,
1327 2136 1385 2210 cui
1405 2151 1502 2212 esset
1515 2135 1628 2210 dandi
1640 2153 1767 2211 aucto-

343 2266 430 2341 ritas
451 2266 489 2340 in
508 2265 729 2370 religionem
751 2263 860 2340 aliam
875 2264 1105 2340 transeundi.

402 2393 602 2470 Confessus
621 2411 677 2470 est
697 2393 812 2468 eciam
834 2393 937 2498 quod
952 2393 1077 2468 statim
1095 2393 1253 2469 habetur
1268 2421 1336 2499 pro
1353 2393 1519 2497 professo
1535 2396 1599 2499 qui
1614 2395 1661 2471 ad
1677 2424 1767 2472 eun·

346 2522 431 2598 dem
449 2523 621 2599 ordinem
642 2539 697 2597 est
713 2537 896 2626 receptus.

402 2650 459 2727 Ad
480 2651 659 2728 xl—lxxu
683 2649 858 2727 articulos
877 2649 1072 2741 inclusive,
1093 2649 1293 2757 diligenter
1313 2668 1349 2727 et
1363 2649 1551 2756 sigillatim
1565 2652 1769 2759 interroga·

346 2800 423 2870 tus,
449 2782 594 2886 negavit
621 2783 720 2887 ipsos
745 2780 920 2857 articulos
945 2798 982 2857 et
1006 2781 1129 2858 omnia
1150 2799 1186 2857 et
1205 2781 1349 2887 singula
1370 2799 1539 2858 contenta
1559 2781 1599 2856 in
1624 2782 1693 2867 eis,
1722 2810 1767 2858 eo

347 2909 444 2986 salvo
465 2911 570 3016 quod
590 2910 657 2986 scit
676 2929 714 2986 et
734 2911 853 2987 credit
872 2909 991 3014 quod,
1017 2927 1213 3015 postquam
1231 2927 1318 2985 sunt
1336 2909 1465 2987 fratres
1484 2910 1623 3014 recepti
1643 2910 1691 2986 ad
1710 2910 1768 2985 di·

312 3130 315 3136 .
349 3057 449 3116 ctum
469 3039 656 3127 ordinem,
674 3040 880 3146 injungitur
896 3039 1035 3115 eisdem
1055 3035 1311 3144 a'recipiente,
1335 3056 1372 3114 et
1392 3039 1446 3114 sic
1465 3055 1520 3114 est
1539 3039 1587 3115 de
1606 3067 1711 3116 more
1732 3057 1769 3116 et
1796 3066 1799 3073 ·

349 3170 619 3247 consuetudine
645 3169 732 3246 dicti
759 3168 916 3258 ordinis,
939 3188 982 3245 ut
1009 3169 1147 3272 recepti
1174 3186 1358 3244 assumant
1383 3185 1419 3244 et
1440 3169 1633 3272 recipiant,
1659 3187 1770 3276 prout

348 3298 486 3404 placet,
509 3299 680 3375 cordulas
693 3300 873 3406 quasdam
894 3299 940 3375 de
955 3299 1033 3375 lino
1047 3298 1105 3375 vel
1121 3300 1168 3374 de
1183 3327 1317 3404 canape
1333 3315 1397 3375 aut
1417 3298 1463 3374 de
1481 3299 1581 3388 lana,
1600 3316 1698 3376 certe
1711 3300 1769 3378 vel

348 3429 486 3505 incerte
498 3457 687 3516 mensure,
700 3428 839 3533 quibus
859 3428 919 3505 die
936 3445 1125 3533 noctuque
1138 3428 1318 3531 precincti
1334 3427 1425 3516 sint,
1443 3429 1559 3504 eciam
1576 3429 1667 3504 dum
1684 3430 1771 3507 dor·

350 3558 471 3633 miunt
484 3557 541 3633 vel
562 3557 778 3645 comedunt,
796 3558 836 3632 in
851 3558 997 3663 signum
1011 3558 1191 3661 promisse
1210 3585 1230 3632 a
1245 3586 1283 3633 se
1305 3558 1479 3636 castitatis
1493 3560 1770 3637 manutenenda
1843 3628 1848 3635 .

352 3703 388 3761 et
407 3687 584 3762 servande
605 3687 693 3763 totis
713 3685 946 3791 temporibus
967 3687 1039 3761 vite
1065 3714 1144 3761 sue.

406 3814 550 3920 Adjecit
574 3832 697 3890 tamen
724 3831 760 3889 et
784 3813 875 3890 dixit
897 3815 1108 3920 quodcum
1134 3813 1241 3890 dictis
1267 3816 1433 3893 cordulis
1460 3846 1529 3894 nec
1555 3820 1672 3923 capita
1701 3848 1771 3896 nec

349 3944 459 4052 ydola
475 3945 522 4020 de
540 3943 677 4050 quibus
697 3943 736 4019 in
751 3942 915 4020 articulis
930 3944 1051 4049 agitur
1064 3961 1267 4049 tangrmtur
1283 3973 1353 4022 nec
1372 3947 1583 4052 cinguntur,
1601 3948 1668 4023 sed
1682 3948 1772 4023 sim·

351 4076 499 4180 pliciter
525 4090 563 4151 et
589 4103 673 4149 cum
701 4101 794 4179 puro
815 4073 1006 4151 intellectu
1032 4074 1146 4149 dictas
1170 4073 1341 4150 cordulas
1365 4076 1551 4180 recipiunt
1570 4077 1666 4152 sicut
1693 4077 1771 4182 pla-

353 4221 425 4293 cet,
449 4221 486 4280 et
504 4231 564 4279 eas
583 4220 732 4309 portant
750 4204 920 4309 quandiu
941 4205 1082 4310 integre
1103 4222 1348 4310 perseverant.
1371 4206 1435 4283 Eis
1451 4223 1573 4282 autem
1593 4223 1771 4284 vetustate

351 4333 408 4410 vel
422 4333 528 4410 aliter
542 4333 740 4438 corruptis,
753 4333 906 4411 licenter
920 4333 1007 4410 alias
1023 4333 1196 4411 cordulas
1208 4336 1392 4439 recipiunt
1404 4337 1586 4444 cujusque
1599 4335 1769 4425 materie,

353 4464 470 4539 eciam
486 4463 532 4538 de
550 4463 712 4569 jonquo,
738 4464 767 4538 si
789 4465 905 4570 magis
926 4464 1086 4568 placeat;
1107 4491 1176 4540 nec
1196 4464 1236 4540 in
1256 4464 1328 4541 hoc
1346 4466 1514 4543 voluntas
1529 4465 1698 4571 specialis
1713 4494 1773 4544 re-

352 4592 514 4697 quiritur
532 4593 760 4698 preceptoris
779 4592 837 4669 vel
854 4593 1003 4670 alterius
1021 4594 1255 4699 presidentis.

408 4720 563 4797 Addidit
587 4722 703 4797 eciam
726 4723 845 4828 qnod,
873 4740 958 4828 post
977 4753 1082 4800 suam
1107 4726 1380 4830 recopcionem,
1404 4726 1612 4832 injungitur
1628 4724 1774 4806 noviter

353 4851 511 4956 receptis
538 4851 586 4928 ad
613 4852 804 4942 ordinem,
831 4852 969 4960 absque
997 4872 1225 4931 sacramento
1255 4854 1399 4962 aliquo,
1427 4884 1475 4934 ne
1493 4855 1554 4933 illa
1581 4886 1654 4963 que
1675 4874 1770 4947 acta,

439 4999 545 5058 rnocls
560 5017 613 5058 nus
628 5017 802 5059 retrectans.
813 5033 853 5047 —
867 5020 901 5059 11.
1565 5000 1602 5063 62
