4236 5948
371 524 439 596 rao
754 502 947 594 rnocts
974 522 1068 593 ons
1094 521 1396 596 rsuvmnns.

365 661 549 739 modum:
571 685 658 735 nam
679 661 804 765 petitis
824 690 918 768 pane
942 679 980 740 et
998 689 1093 767 aqua
1120 662 1265 739 ordinis
1289 681 1327 739 et
1346 662 1416 740 sibi
1438 667 1639 755 concessis,
1662 667 1784 749 dietus

363 809 535 899 receptor
553 788 641 866 fecit
662 817 749 865 eum
773 819 906 868 vovere
927 809 964 868 et
979 792 1106 899 jurare
1120 792 1344 882 castitatem,
1363 793 1642 889 obedienciam,
1663 800 1784 879 vivere

363 925 443 999 sine
465 921 636 1029 proprio,
659 938 696 995 et
712 921 888 1027 imposito
909 921 980 999 sibi
997 921 1192 1012 mantello,
1215 922 1295 1028 ipse
1320 940 1492 1028 receptor
1512 943 1548 1002 et
1569 925 1631 1002 alii
1651 927 1783 1009 fratres

363 1070 522 1131 astantes
555 1050 710 1128 luerunt
743 1080 830 1128 eum
867 1053 1023 1130 osculati
1054 1053 1093 1127 in
1127 1081 1204 1129 ore.
1245 1053 1392 1130 Deinde
1424 1053 1533 1132 allata
1564 1060 1682 1137 nescit
1717 1090 1784 1168 per

364 1213 476 1291 quem
511 1183 671 1289 quadam
693 1211 801 1260 cruce
825 1183 1018 1260 metallina
1045 1183 1082 1258 in
1113 1212 1187 1290 qua
1219 1202 1298 1261 erat
1325 1214 1458 1292 ymago
1492 1187 1686 1280 Crucifixi,
1708 1221 1782 1298 que

364 1333 442 1390 erat
462 1312 639 1390 collocata
662 1341 780 1420 prope
808 1314 940 1403 altare,
967 1313 1133 1420 precepit
1158 1313 1190 1389 ei
1222 1314 1260 1388 in
1277 1315 1469 1420 presencia
1496 1315 1655 1394 aliorum
1676 1324 1781 1428 quod

361 1447 560 1553 abnegaret
577 1441 824 1533 Crucifixum,
848 1462 886 1521 et
905 1445 1010 1550 quod
1035 1460 1187 1550 spueret
1206 1472 1320 1550 super
1343 1445 1483 1551 ipsum,
1504 1441 1682 1552 quiahoc
1702 1472 1782 1530 erat

362 1577 399 1651 in
428 1573 560 1652 ordine
593 1571 673 1648 fieri
708 1590 951 1660 consuetum,
988 1590 1025 1649 et
1049 1589 1141 1649 tunc
1173 1572 1250 1675 ipse
1279 1574 1385 1650 testis
1414 1573 1608 1682 abnegavit
1635 1579 1781 1658 dictum

361 1704 612 1790 Crucifixum,
647 1720 684 1779 et
703 1703 803 1809 spuit
828 1732 906 1780 non
930 1731 1041 1808 supra
1074 1704 1140 1815 sed
1163 1703 1267 1809 juxta
1288 1703 1422 1810 ipsam,
1445 1705 1610 1811 predicta
1643 1708 1781 1790 faciens

360 1867 425 1915 ore
445 1865 521 1912 non
557 1833 687 1923 corde,
708 1851 752 1911 ut
772 1833 874 1910 dixit.
896 1834 998 1911 Dixit
1018 1834 1172 1938 insuper
1195 1833 1228 1908 ei
1251 1834 1289 1909 in
1308 1837 1500 1941 presencia
1520 1837 1778 1943 predictorum

359 1969 483 2074 quod,
512 1965 721 2043 secundum
743 1963 880 2040 dictam
903 1962 1215 2041 consuetudinem
1243 1965 1404 2057 ordinis,
1427 1983 1573 2072 poterat
1602 1968 1684 2047 aliis
1707 1970 1780 2048 lra-

358 2096 480 2173 tribus
505 2094 649 2172 ordinis
678 2093 795 2200 ipsius
822 2093 1019 2169 carnaliter
1056 2093 1288 2170 commisceri
1318 2112 1356 2171 et
1384 2095 1454 2201 ipsi
1488 2126 1573 2172 cum
1607 2127 1676 2189 eo,
1705 2100 1779 2178 hoc

357 2244 483 2302 tamen
508 2254 583 2301 non
608 2223 697 2300 lecit
716 2252 785 2300 nec
815 2224 935 2300 credit
960 2223 1063 2329 quod
1095 2223 1134 2298 in
1159 2223 1292 2301 ordine
1319 2224 1446 2315 lieret;
1470 2226 1679 2333 dequibus
1705 2229 1779 2308 tuit

358 2353 453 2433 inlra
471 2373 547 2432 tres
571 2355 796 2460 septimanas
826 2353 1017 2431 consessus
1035 2355 1135 2459 apud
1161 2353 1339 2432 Sanctum
1355 2355 1530 2445 Florum,
1554 2359 1592 2433 in
1613 2359 1776 2465 quadam

358 2487 472 2564 domo
492 2487 625 2592 inqua
651 2484 920 2590 hospitabatur,
950 2485 1099 2561 cuidam
1131 2484 1233 2561 fratri
1263 2484 1399 2564 Minori
1427 2488 1535 2594 cujus
1568 2516 1708 2565 nomen
1739 2508 1778 2568 et

356 2646 565 2726 cognomen
600 2616 765 2723 ignorat,
803 2645 823 2691 a
856 2643 933 2721 quo
965 2614 1161 2692 absolutus
1192 2615 1347 2703 exstitit,
1380 2633 1417 2692 et
1444 2616 1628 2723 jejunavit
1654 2638 1776 2699 sextas

356 2746 464 2824 serias
488 2775 555 2853 per
581 2774 740 2831 annum,
763 2744 860 2821 sicut
887 2746 1068 2849 imposuit
1092 2745 1149 2833 ei;
1173 2761 1211 2820 et
1240 2744 1360 2820 credit
1391 2747 1495 2852 quod
1527 2747 1625 2824 dicta
1643 2748 1775 2831 illicita

353 2877 556 2956 consessata
589 2905 656 2983 per
689 2903 778 2953 eum
810 2875 1079 2953 intervenirent
1121 2874 1374 2952 communiter
1410 2876 1449 2952 in
1486 2878 1774 2984 recepcionibus

354 3009 514 3086 aliorum
540 3006 599 3082 vel
626 3023 721 3112 post.
755 3005 836 3083 Alia
863 3005 992 3081 illicita
1022 3033 1099 3081 non
1124 3005 1410 3081 intervenerunt
1435 3006 1473 3081 in
1504 3008 1602 3084 dicta
1631 3036 1696 3086 sua
1716 3038 1776 3086 re-

353 3139 528 3243 eepcione
550 3166 620 3213 nec
645 3153 741 3240 post.
765 3136 877 3221 Item,
900 3134 994 3210 dixit
1013 3162 1052 3210 se
1073 3135 1227 3211 credere
1245 3135 1349 3240 quod
1370 3132 1500 3213 fratres
1520 3137 1667 3215 ordinis
1694 3168 1773 3216 ore-

352 3269 485 3344 derent
519 3264 775 3342 ecciesiasticis
803 3264 1059 3352 sacramentis,
1091 3263 1230 3369 quibus
1259 3264 1337 3369 ipse
1376 3263 1475 3341 bene
1508 3268 1704 3357 credebat,
1736 3287 1775 3345 et

352 3396 458 3501 quod
479 3423 614 3473 eorum
634 3394 848 3472 sacerdotes
868 3394 997 3470 debite
1017 3393 1262 3470 celebrarent.
1285 3394 1398 3480 ltem,
1417 3394 1510 3471 dixit
1528 3424 1567 3473 se
1586 3397 1774 3476 audivisse

352 3525 425 3601 dici
445 3555 465 3601 a
485 3523 660 3601 fratribus
680 3524 841 3614 ordinis,
864 3540 950 3600 ante
969 3524 1187 3630 capcionem
1208 3550 1358 3610 eorum,
1373 3524 1478 3629 quod
1493 3525 1576 3603 laici
1597 3542 1773 3604 tenentes

350 3656 524 3762 capitulia
555 3657 593 3731 in
623 3683 755 3735 eorum
783 3655 1054 3732 terminacione
1075 3653 1253 3732 dicebant
1283 3654 1322 3730 in
1352 3654 1488 3732 effectu
1519 3656 1608 3732 talia
1629 3658 1768 3735 verba:

350 3789 432 3864 «De
454 3787 620 3894 hiisque
642 3786 845 3865 obmisistis
865 3786 989 3862 dicere
1011 3802 1166 3892 propter
1185 3787 1364 3863 timorem
1390 3786 1588 3891 discipline
1609 3787 1768 3875 ordinis,

348 3945 416 3995 nos
436 3917 664 3994 absolvimus
684 3947 748 3995 vos
767 3945 812 3993 ex
830 3916 894 3992 tali
915 3932 1099 4022 potestate
1119 3914 1269 4021 qualem
1292 3904 1488 3992 habemus.
1506 3951 1518 3981 »
1539 3917 1621 3993 Non
1640 3934 1768 3994 tamen

346 4048 477 4125 recolit
501 4077 522 4124 a
546 4047 687 4156 quibus
723 4047 881 4133 audivit,
910 4073 979 4123 nec
1005 4045 1125 4122 credit
1154 4046 1257 4152 quod
1286 4062 1441 4150 propter
1467 4047 1539 4123 hoc
1570 4045 1770 4125 crederent

345 4181 476 4257 fratres
493 4179 637 4257 ordinis
652 4176 817 4255 absoluti
840 4204 919 4255 esse
941 4175 1147 4281 apeccatis.
1168 4175 1349 4253 Jurabant
1364 4176 1537 4252 ordinem
1558 4204 1634 4252 non
1651 4177 1765 4254 exire.

343 4309 477 4387 Statim
498 4336 566 4416 pro
590 4308 765 4416 professis
792 4305 1039 4383 habebantur.
1063 4304 1303 4382 Clandestine
1331 4305 1618 4411 recipiebantur,
1648 4306 1767 4384 nullis

342 4439 580 4545 presentibus
598 4439 667 4517 nisi
681 4438 857 4516 fratribus
879 4436 1037 4525 ordinis,
1066 4465 1109 4513 ex
1130 4465 1208 4541 quo
1228 4437 1348 4514 credit
1361 4437 1467 4544 quod
1486 4452 1583 4513 esset
1600 4437 1765 4542 suspicio

343 4588 468 4647 contra
501 4598 575 4647 eos.
603 4568 781 4647 Cordulis
805 4567 908 4644 unde
938 4565 1117 4644 volebant
1139 4566 1339 4672 assumptis
1374 4566 1622 4674 cingebantur
1650 4595 1767 4672 super

341 4699 509 4776 camisias
524 4728 612 4777 cum
630 4699 770 4805 quibus
788 4699 975 4807 jacebant.
997 4697 1150 4775 Audivit
1174 4697 1249 4774 dici
1277 4726 1297 4773 a
1324 4696 1502 4775 fratribus
1522 4695 1684 4783 ordinis,
1714 4695 1764 4774 de

340 4828 479 4935 quibus
501 4828 711 4905 nonhabet
735 4829 972 4920 memoriam,
1001 4828 1106 4932 quod
1137 4844 1352 4905 recusantes
1382 4826 1502 4903 lacere
1530 4825 1658 4902 illicita
1677 4853 1765 4902 con·
