<?xml version="1.0" encoding="UTF-8"?>
<!DOCTYPE html PUBLIC "-//W3C//DTD XHTML 1.0 Transitional//EN"
    "http://www.w3.org/TR/xhtml1/DTD/xhtml1-transitional.dtd">
<html xmlns="http://www.w3.org/1999/xhtml" xml:lang="en" lang="en">
 <head>
  <title>
</title>
<meta http-equiv="Content-Type" content="text/html;charset=utf-8" />
  <meta name='ocr-system' content='tesseract 3.04.00' />
  <meta name='ocr-capabilities' content='ocr_page ocr_carea ocr_par ocr_line ocrx_word'/>
</head>
<body>
  <div class='ocr_page' id='page_1' title='image "./procsdestemplie00defegoog/procsdestemplie00defegoog_0193.png"; bbox 0 0 4236 5948; ppageno 0'>
   <div class='ocr_carea' id='block_1_1' title="bbox 728 515 1758 613">
    <p class='ocr_par' dir='ltr' id='par_1_1' title="bbox 728 515 1758 613">
     <span class='ocr_line' id='line_1_1' title="bbox 728 515 1758 613; baseline 0.001 -3"><span class='ocrx_word' id='word_1_1' title='bbox 728 515 923 613; x_wconf 71' lang='lat' dir='ltr'>procas</span> <span class='ocrx_word' id='word_1_2' title='bbox 950 539 1045 610; x_wconf 87' lang='lat' dir='ltr'>ons</span> <span class='ocrx_word' id='word_1_3' title='bbox 1072 534 1374 611; x_wconf 71' lang='lat' dir='ltr'>reverteas.</span> <span class='ocrx_word' id='word_1_4' title='bbox 1692 524 1758 613; x_wconf 81' lang='lat'>1&#39;71</span> 
     </span>
    </p>
   </div>
   <div class='ocr_carea' id='block_1_2' title="bbox 341 674 1766 915">
    <p class='ocr_par' dir='ltr' id='par_1_2' title="bbox 341 674 1766 915">
     <span class='ocr_line' id='line_1_2' title="bbox 342 674 1766 789; baseline 0.004 -36"><span class='ocrx_word' id='word_1_5' title='bbox 342 708 409 789; x_wconf 79' lang='lat' dir='ltr'>pm</span> <span class='ocrx_word' id='word_1_6' title='bbox 439 681 591 757; x_wconf 89' lang='lat' dir='ltr'>veritate</span> <span class='ocrx_word' id='word_1_7' title='bbox 617 677 795 767; x_wconf 71' lang='lat' dir='ltr'>dicenda,</span> <span class='ocrx_word' id='word_1_8' title='bbox 819 677 880 756; x_wconf 92' lang='lat' dir='ltr'>cui</span> <span class='ocrx_word' id='word_1_9' title='bbox 906 676 978 757; x_wconf 84' lang='lat' dir='ltr'>fuit</span> <span class='ocrx_word' id='word_1_10' title='bbox 1000 676 1212 787; x_wconf 91' lang='lat' dir='ltr'>injunctum</span> <span class='ocrx_word' id='word_1_11' title='bbox 1231 674 1338 785; x_wconf 89' lang='lat' dir='ltr'>quod</span> <span class='ocrx_word' id='word_1_12' title='bbox 1363 704 1440 754; x_wconf 88' lang='lat' dir='ltr'>non</span> <span class='ocrx_word' id='word_1_13' title='bbox 1462 676 1642 755; x_wconf 80' lang='lat' dir='ltr'>revelaret</span> <span class='ocrx_word' id='word_1_14' title='bbox 1669 681 1766 758; x_wconf 87' lang='lat' dir='ltr'>hanc</span> 
     </span>
     <span class='ocr_line' id='line_1_3' title="bbox 341 806 1641 915; baseline -0.005 -26"><span class='ocrx_word' id='word_1_15' title='bbox 341 839 445 889; x_wconf 86' lang='lat' dir='ltr'>suam</span> <span class='ocrx_word' id='word_1_16' title='bbox 466 808 767 915; x_wconf 89' lang='lat' dir='ltr'>deposicionem,</span> <span class='ocrx_word' id='word_1_17' title='bbox 789 835 988 915; x_wconf 78' lang='lat' dir='ltr'>quousque</span> <span class='ocrx_word' id='word_1_18' title='bbox 1005 807 1268 887; x_wconf 87' lang='lat' dir='ltr'>attestaciones</span> <span class='ocrx_word' id='word_1_19' title='bbox 1285 806 1426 887; x_wconf 85' lang='lat' dir='ltr'>fuerint</span> <span class='ocrx_word' id='word_1_20' title='bbox 1439 806 1641 912; x_wconf 88' lang='lat' dir='ltr'>publicate.</span> 
     </span>
    </p>
   </div>
   <div class='ocr_carea' id='block_1_3' title="bbox 343 1038 1788 4046">
    <p class='ocr_par' dir='ltr' id='par_1_3' title="bbox 343 1038 1788 4046">
     <span class='ocr_line' id='line_1_4' title="bbox 396 1038 1788 1177; baseline -0.001 -30"><span class='ocrx_word' id='word_1_21' title='bbox 396 1071 527 1148; x_wconf 84' lang='lat' dir='ltr'>Frater</span> <span class='ocrx_word' id='word_1_22' title='bbox 548 1068 791 1148; x_wconf 80' lang='lat' dir='ltr'>Audebertus</span> <span class='ocrx_word' id='word_1_23' title='bbox 817 1069 863 1146; x_wconf 93' lang='lat' dir='ltr'>de</span> <span class='ocrx_word' id='word_1_24' title='bbox 885 1070 993 1147; x_wconf 88' lang='lat' dir='ltr'>Porta</span> <span class='ocrx_word' id='word_1_25' title='bbox 1024 1071 1204 1160; x_wconf 86' lang='lat' dir='ltr'>serviens,</span> <span class='ocrx_word' id='word_1_26' title='bbox 1233 1086 1432 1177; x_wconf 79' lang='lat' dir='ltr'>preceptor</span> <span class='ocrx_word' id='word_1_27' title='bbox 1463 1069 1600 1148; x_wconf 87' lang='lat' dir='ltr'>domus</span> <span class='ocrx_word' id='word_1_28' title='bbox 1618 1038 1788 1176; x_wconf 64' lang='lat' dir='ltr'>Templi</span> 
     </span>
     <span class='ocr_line' id='line_1_5' title="bbox 343 1201 1766 1310; baseline -0.002 -30"><span class='ocrx_word' id='word_1_29' title='bbox 343 1205 389 1280; x_wconf 89' lang='lat' dir='ltr'>de</span> <span class='ocrx_word' id='word_1_30' title='bbox 419 1203 548 1279; x_wconf 88' lang='lat' dir='ltr'>Auson</span> <span class='ocrx_word' id='word_1_31' title='bbox 574 1201 798 1278; x_wconf 84' lang='lat' dir='ltr'>Pietavensis</span> <span class='ocrx_word' id='word_1_32' title='bbox 823 1201 1001 1287; x_wconf 87' lang='lat' dir='ltr'>diocesis,</span> <span class='ocrx_word' id='word_1_33' title='bbox 1027 1201 1131 1277; x_wconf 89' lang='lat' dir='ltr'>testis</span> <span class='ocrx_word' id='word_1_34' title='bbox 1160 1228 1273 1305; x_wconf 78' lang='lat' dir='ltr'>supra</span> <span class='ocrx_word' id='word_1_35' title='bbox 1295 1201 1457 1308; x_wconf 80' lang='lat' dir='ltr'>juratus,</span> <span class='ocrx_word' id='word_1_36' title='bbox 1485 1201 1766 1310; x_wconf 78' lang='lat' dir='ltr'>quinquagena·</span> 
     </span>
     <span class='ocr_line' id='line_1_6' title="bbox 343 1328 1768 1438; baseline -0.001 -30"><span class='ocrx_word' id='word_1_37' title='bbox 343 1334 420 1408; x_wconf 91' lang='lat' dir='ltr'>rius</span> <span class='ocrx_word' id='word_1_38' title='bbox 439 1331 496 1407; x_wconf 91' lang='lat' dir='ltr'>vel</span> <span class='ocrx_word' id='word_1_39' title='bbox 520 1331 630 1418; x_wconf 91' lang='lat' dir='ltr'>circa,</span> <span class='ocrx_word' id='word_1_40' title='bbox 653 1359 729 1407; x_wconf 92' lang='lat' dir='ltr'>non</span> <span class='ocrx_word' id='word_1_41' title='bbox 751 1330 937 1407; x_wconf 78' lang='lat' dir='ltr'>defferens</span> <span class='ocrx_word' id='word_1_42' title='bbox 956 1330 1180 1407; x_wconf 89' lang='lat' dir='ltr'>mantellum</span> <span class='ocrx_word' id='word_1_43' title='bbox 1208 1331 1367 1419; x_wconf 86' lang='lat' dir='ltr'>ordinis,</span> <span class='ocrx_word' id='word_1_44' title='bbox 1389 1331 1478 1438; x_wconf 91' lang='lat' dir='ltr'>quia</span> <span class='ocrx_word' id='word_1_45' title='bbox 1503 1331 1628 1438; x_wconf 85' lang='lat' dir='ltr'>ipsum</span> <span class='ocrx_word' id='word_1_46' title='bbox 1655 1328 1768 1407; x_wconf 87' lang='lat' dir='ltr'>dimi·</span> 
     </span>
     <span class='ocr_line' id='line_1_7' title="bbox 344 1460 1770 1568; baseline -0.003 -28"><span class='ocrx_word' id='word_1_47' title='bbox 344 1479 440 1541; x_wconf 85' lang='lat' dir='ltr'>serat</span> <span class='ocrx_word' id='word_1_48' title='bbox 462 1479 546 1568; x_wconf 92' lang='lat' dir='ltr'>post</span> <span class='ocrx_word' id='word_1_49' title='bbox 573 1461 775 1538; x_wconf 89' lang='lat' dir='ltr'>concilium</span> <span class='ocrx_word' id='word_1_50' title='bbox 808 1462 1045 1548; x_wconf 88' lang='lat' dir='ltr'>Senonense,</span> <span class='ocrx_word' id='word_1_51' title='bbox 1066 1478 1104 1537; x_wconf 89' lang='lat' dir='ltr'>et</span> <span class='ocrx_word' id='word_1_52' title='bbox 1131 1461 1211 1537; x_wconf 88' lang='lat' dir='ltr'>radi</span> <span class='ocrx_word' id='word_1_53' title='bbox 1240 1461 1376 1538; x_wconf 85' lang='lat' dir='ltr'>lecerat</span> <span class='ocrx_word' id='word_1_54' title='bbox 1395 1462 1465 1539; x_wconf 91' lang='lat' dir='ltr'>sibi</span> <span class='ocrx_word' id='word_1_55' title='bbox 1486 1460 1658 1547; x_wconf 89' lang='lat' dir='ltr'>barbam,</span> <span class='ocrx_word' id='word_1_56' title='bbox 1680 1487 1770 1538; x_wconf 89' lang='lat' dir='ltr'>cum</span> 
     </span>
     <span class='ocr_line' id='line_1_8' title="bbox 345 1589 1770 1700; baseline -0.001 -29"><span class='ocrx_word' id='word_1_57' title='bbox 345 1620 421 1700; x_wconf 90' lang='lat' dir='ltr'>quo</span> <span class='ocrx_word' id='word_1_58' title='bbox 457 1591 681 1699; x_wconf 90' lang='lat' dir='ltr'>inquisitum</span> <span class='ocrx_word' id='word_1_59' title='bbox 716 1589 857 1681; x_wconf 83' lang='lat' dir='ltr'>suerat,</span> <span class='ocrx_word' id='word_1_60' title='bbox 890 1590 1085 1668; x_wconf 89' lang='lat' dir='ltr'>absolutus</span> <span class='ocrx_word' id='word_1_61' title='bbox 1116 1608 1153 1666; x_wconf 91' lang='lat' dir='ltr'>et</span> <span class='ocrx_word' id='word_1_62' title='bbox 1184 1591 1445 1668; x_wconf 89' lang='lat' dir='ltr'>reconciliatus</span> <span class='ocrx_word' id='word_1_63' title='bbox 1470 1620 1539 1698; x_wconf 91' lang='lat' dir='ltr'>per</span> <span class='ocrx_word' id='word_1_64' title='bbox 1572 1589 1770 1669; x_wconf 85' lang='lat' dir='ltr'>officialem</span> 
     </span>
     <span class='ocr_line' id='line_1_9' title="bbox 343 1720 1770 1827; baseline -0.001 -28"><span class='ocrx_word' id='word_1_65' title='bbox 343 1723 616 1813; x_wconf 88' lang='lat' dir='ltr'>Pictavensem,</span> <span class='ocrx_word' id='word_1_66' title='bbox 638 1721 911 1827; x_wconf 85' lang='lat' dir='ltr'>protestacione</span> <span class='ocrx_word' id='word_1_67' title='bbox 937 1721 1116 1826; x_wconf 91' lang='lat' dir='ltr'>premissa</span> <span class='ocrx_word' id='word_1_68' title='bbox 1144 1721 1249 1827; x_wconf 90' lang='lat' dir='ltr'>quod</span> <span class='ocrx_word' id='word_1_69' title='bbox 1274 1750 1350 1798; x_wconf 92' lang='lat' dir='ltr'>non</span> <span class='ocrx_word' id='word_1_70' title='bbox 1371 1721 1534 1798; x_wconf 81' lang='lat' dir='ltr'>intendit</span> <span class='ocrx_word' id='word_1_71' title='bbox 1555 1720 1770 1798; x_wconf 77' lang='lat' dir='ltr'>recederes</span> 
     </span>
     <span class='ocr_line' id='line_1_10' title="bbox 345 1850 1769 1959; baseline -0.003 -29"><span class='ocrx_word' id='word_1_72' title='bbox 345 1851 586 1959; x_wconf 87' lang='lat' dir='ltr'>deposicione</span> <span class='ocrx_word' id='word_1_73' title='bbox 606 1879 674 1959; x_wconf 88' lang='lat' dir='ltr'>per</span> <span class='ocrx_word' id='word_1_74' title='bbox 698 1879 786 1927; x_wconf 89' lang='lat' dir='ltr'>eum</span> <span class='ocrx_word' id='word_1_75' title='bbox 808 1851 901 1928; x_wconf 84' lang='lat' dir='ltr'>sacta</span> <span class='ocrx_word' id='word_1_76' title='bbox 921 1879 1045 1928; x_wconf 88' lang='lat' dir='ltr'>coram</span> <span class='ocrx_word' id='word_1_77' title='bbox 1073 1851 1173 1929; x_wconf 89' lang='lat' dir='ltr'>dicto</span> <span class='ocrx_word' id='word_1_78' title='bbox 1199 1850 1363 1939; x_wconf 84' lang='lat' dir='ltr'>officiali,</span> <span class='ocrx_word' id='word_1_79' title='bbox 1385 1851 1490 1928; x_wconf 89' lang='lat' dir='ltr'>lectis</span> <span class='ocrx_word' id='word_1_80' title='bbox 1511 1867 1548 1928; x_wconf 91' lang='lat' dir='ltr'>et</span> <span class='ocrx_word' id='word_1_81' title='bbox 1569 1851 1769 1958; x_wconf 89' lang='lat' dir='ltr'>diligenter</span> 
     </span>
     <span class='ocr_line' id='line_1_11' title="bbox 346 1979 1764 2088; baseline -0.001 -30"><span class='ocrx_word' id='word_1_82' title='bbox 346 1981 522 2087; x_wconf 79' lang='lat' dir='ltr'>expositis</span> <span class='ocrx_word' id='word_1_83' title='bbox 546 1980 618 2057; x_wconf 84' lang='lat' dir='ltr'>sibi</span> <span class='ocrx_word' id='word_1_84' title='bbox 646 1979 825 2059; x_wconf 90' lang='lat' dir='ltr'>omnibus</span> <span class='ocrx_word' id='word_1_85' title='bbox 851 1998 890 2057; x_wconf 89' lang='lat' dir='ltr'>et</span> <span class='ocrx_word' id='word_1_86' title='bbox 918 1980 1075 2088; x_wconf 81' lang='lat' dir='ltr'>singulis</span> <span class='ocrx_word' id='word_1_87' title='bbox 1104 1980 1283 2068; x_wconf 79' lang='lat' dir='ltr'>articulis,</span> <span class='ocrx_word' id='word_1_88' title='bbox 1313 1981 1509 2088; x_wconf 83' lang='lat' dir='ltr'>respondit</span> <span class='ocrx_word' id='word_1_89' title='bbox 1540 2008 1579 2058; x_wconf 86' lang='lat' dir='ltr'>se</span> <span class='ocrx_word' id='word_1_90' title='bbox 1604 1980 1764 2070; x_wconf 88' lang='lat' dir='ltr'>nescire,</span> 
     </span>
     <span class='ocr_line' id='line_1_12' title="bbox 345 2109 1769 2216; baseline -0.001 -28"><span class='ocrx_word' id='word_1_91' title='bbox 345 2140 414 2190; x_wconf 90' lang='lat' dir='ltr'>nec</span> <span class='ocrx_word' id='word_1_92' title='bbox 432 2112 602 2199; x_wconf 87' lang='lat' dir='ltr'>credere,</span> <span class='ocrx_word' id='word_1_93' title='bbox 630 2138 698 2187; x_wconf 90' lang='lat' dir='ltr'>nec</span> <span class='ocrx_word' id='word_1_94' title='bbox 724 2109 909 2189; x_wconf 83' lang='lat' dir='ltr'>audivisse</span> <span class='ocrx_word' id='word_1_95' title='bbox 930 2111 1003 2188; x_wconf 90' lang='lat' dir='ltr'>dici</span> <span class='ocrx_word' id='word_1_96' title='bbox 1026 2112 1072 2188; x_wconf 93' lang='lat' dir='ltr'>de</span> <span class='ocrx_word' id='word_1_97' title='bbox 1094 2112 1279 2189; x_wconf 87' lang='lat' dir='ltr'>contentis</span> <span class='ocrx_word' id='word_1_98' title='bbox 1296 2112 1335 2186; x_wconf 92' lang='lat' dir='ltr'>in</span> <span class='ocrx_word' id='word_1_99' title='bbox 1356 2111 1409 2186; x_wconf 92' lang='lat' dir='ltr'>eis</span> <span class='ocrx_word' id='word_1_100' title='bbox 1427 2110 1497 2186; x_wconf 92' lang='lat' dir='ltr'>nisi</span> <span class='ocrx_word' id='word_1_101' title='bbox 1517 2111 1623 2216; x_wconf 88' lang='lat' dir='ltr'>quod</span> <span class='ocrx_word' id='word_1_102' title='bbox 1643 2110 1769 2216; x_wconf 89' lang='lat' dir='ltr'>sequi·</span> 
     </span>
     <span class='ocr_line' id='line_1_13' title="bbox 345 2236 1770 2347; baseline -0.004 -26"><span class='ocrx_word' id='word_1_103' title='bbox 345 2259 419 2322; x_wconf 88' lang='lat' dir='ltr'>tur.</span> <span class='ocrx_word' id='word_1_104' title='bbox 438 2242 539 2319; x_wconf 83' lang='lat' dir='ltr'>Dixit</span> <span class='ocrx_word' id='word_1_105' title='bbox 559 2240 660 2317; x_wconf 89' lang='lat' dir='ltr'>eni-m</span> <span class='ocrx_word' id='word_1_106' title='bbox 681 2268 721 2317; x_wconf 87' lang='lat' dir='ltr'>se</span> <span class='ocrx_word' id='word_1_107' title='bbox 739 2236 854 2318; x_wconf 84' lang='lat' dir='ltr'>luisse</span> <span class='ocrx_word' id='word_1_108' title='bbox 874 2257 1086 2347; x_wconf 89' lang='lat' dir='ltr'>receptum,</span> <span class='ocrx_word' id='word_1_109' title='bbox 1110 2241 1148 2317; x_wconf 94' lang='lat' dir='ltr'>in</span> <span class='ocrx_word' id='word_1_110' title='bbox 1169 2241 1319 2317; x_wconf 84' lang='lat' dir='ltr'>instanti</span> <span class='ocrx_word' id='word_1_111' title='bbox 1340 2239 1479 2346; x_wconf 85' lang='lat' dir='ltr'>vigillis</span> <span class='ocrx_word' id='word_1_112' title='bbox 1499 2240 1637 2318; x_wconf 87' lang='lat' dir='ltr'>Pascbe</span> <span class='ocrx_word' id='word_1_113' title='bbox 1657 2257 1770 2318; x_wconf 89' lang='lat' dir='ltr'>erunt</span> 
     </span>
     <span class='ocr_line' id='line_1_14' title="bbox 346 2369 1769 2478; baseline -0.001 -28"><span class='ocrx_word' id='word_1_114' title='bbox 346 2372 495 2450; x_wconf 88' lang='lat' dir='ltr'>circiter</span> <span class='ocrx_word' id='word_1_115' title='bbox 518 2371 670 2478; x_wconf 84' lang='lat' dir='ltr'>triginta</span> <span class='ocrx_word' id='word_1_116' title='bbox 699 2370 868 2477; x_wconf 87' lang='lat' dir='ltr'>quinque</span> <span class='ocrx_word' id='word_1_117' title='bbox 892 2371 995 2463; x_wconf 87' lang='lat' dir='ltr'>anni,</span> <span class='ocrx_word' id='word_1_118' title='bbox 1019 2371 1057 2448; x_wconf 92' lang='lat' dir='ltr'>in</span> <span class='ocrx_word' id='word_1_119' title='bbox 1078 2370 1218 2478; x_wconf 88' lang='lat' dir='ltr'>capella</span> <span class='ocrx_word' id='word_1_120' title='bbox 1242 2369 1377 2448; x_wconf 89' lang='lat' dir='ltr'>domus</span> <span class='ocrx_word' id='word_1_121' title='bbox 1397 2370 1547 2476; x_wconf 88' lang='lat' dir='ltr'>Templi</span> <span class='ocrx_word' id='word_1_122' title='bbox 1575 2371 1624 2447; x_wconf 94' lang='lat' dir='ltr'>de</span> <span class='ocrx_word' id='word_1_123' title='bbox 1651 2373 1769 2448; x_wconf 88' lang='lat' dir='ltr'>Dom-</span> 
     </span>
     <span class='ocr_line' id='line_1_15' title="bbox 347 2499 1767 2608; baseline -0.003 -28"><span class='ocrx_word' id='word_1_124' title='bbox 347 2502 450 2608; x_wconf 91' lang='lat' dir='ltr'>pubo</span> <span class='ocrx_word' id='word_1_125' title='bbox 469 2501 720 2579; x_wconf 87' lang='lat' dir='ltr'>Xantonensis</span> <span class='ocrx_word' id='word_1_126' title='bbox 745 2499 923 2590; x_wconf 91' lang='lat' dir='ltr'>diocesis,</span> <span class='ocrx_word' id='word_1_127' title='bbox 943 2528 1013 2608; x_wconf 90' lang='lat' dir='ltr'>per</span> <span class='ocrx_word' id='word_1_128' title='bbox 1036 2499 1189 2578; x_wconf 82' lang='lat' dir='ltr'>fratrem</span> <span class='ocrx_word' id='word_1_129' title='bbox 1210 2500 1386 2579; x_wconf 89' lang='lat' dir='ltr'>Odonem</span> <span class='ocrx_word' id='word_1_130' title='bbox 1415 2499 1575 2577; x_wconf 86' lang='lat' dir='ltr'>Borrelli</span> <span class='ocrx_word' id='word_1_131' title='bbox 1606 2500 1767 2578; x_wconf 90' lang='lat' dir='ltr'>militem</span> 
     </span>
     <span class='ocr_line' id='line_1_16' title="bbox 345 2628 1767 2740; baseline -0.001 -30"><span class='ocrx_word' id='word_1_132' title='bbox 345 2632 553 2740; x_wconf 82' lang='lat' dir='ltr'>quondam,</span> <span class='ocrx_word' id='word_1_133' title='bbox 570 2630 809 2739; x_wconf 88' lang='lat' dir='ltr'>presentibus</span> <span class='ocrx_word' id='word_1_134' title='bbox 825 2628 1004 2709; x_wconf 78' lang='lat' dir='ltr'>fratribus</span> <span class='ocrx_word' id='word_1_135' title='bbox 1019 2632 1189 2709; x_wconf 82' lang='lat' dir='ltr'>lohanne</span> <span class='ocrx_word' id='word_1_136' title='bbox 1203 2633 1383 2708; x_wconf 90' lang='lat' dir='ltr'>Bormant</span> <span class='ocrx_word' id='word_1_137' title='bbox 1395 2630 1594 2720; x_wconf 85' lang='lat' dir='ltr'>serviente,</span> <span class='ocrx_word' id='word_1_138' title='bbox 1613 2630 1767 2709; x_wconf 89' lang='lat' dir='ltr'>detento</span> 
     </span>
     <span class='ocr_line' id='line_1_17' title="bbox 345 2760 1769 2868; baseline 0.002 -30"><span class='ocrx_word' id='word_1_139' title='bbox 345 2762 443 2868; x_wconf 79' lang='lat' dir='ltr'>apud</span> <span class='ocrx_word' id='word_1_140' title='bbox 472 2762 618 2839; x_wconf 89' lang='lat' dir='ltr'>Loches</span> <span class='ocrx_word' id='word_1_141' title='bbox 645 2760 878 2839; x_wconf 86' lang='lat' dir='ltr'>Turonensis</span> <span class='ocrx_word' id='word_1_142' title='bbox 899 2760 1082 2849; x_wconf 89' lang='lat' dir='ltr'>diocesis,</span> <span class='ocrx_word' id='word_1_143' title='bbox 1102 2763 1272 2837; x_wconf 82' lang='lat' dir='ltr'>lohanne</span> <span class='ocrx_word' id='word_1_144' title='bbox 1301 2761 1378 2837; x_wconf 90' lang='lat' dir='ltr'>deu</span> <span class='ocrx_word' id='word_1_145' title='bbox 1408 2761 1477 2837; x_wconf 85' lang='lat' dir='ltr'>Sao</span> <span class='ocrx_word' id='word_1_146' title='bbox 1504 2777 1543 2836; x_wconf 89' lang='lat' dir='ltr'>et</span> <span class='ocrx_word' id='word_1_147' title='bbox 1562 2761 1769 2841; x_wconf 87' lang='lat' dir='ltr'>Guillelmo</span> 
     </span>
     <span class='ocr_line' id='line_1_18' title="bbox 347 2890 1769 2998; baseline 0.001 -29"><span class='ocrx_word' id='word_1_148' title='bbox 347 2892 490 2969; x_wconf 89' lang='lat' dir='ltr'>Bocuni</span> <span class='ocrx_word' id='word_1_149' title='bbox 522 2890 786 2980; x_wconf 83' lang='lat' dir='ltr'>servientibus,</span> <span class='ocrx_word' id='word_1_150' title='bbox 814 2890 1037 2981; x_wconf 77' lang='lat' dir='ltr'>deffunctis‚</span> <span class='ocrx_word' id='word_1_151' title='bbox 1062 2890 1100 2965; x_wconf 91' lang='lat' dir='ltr'>in</span> <span class='ocrx_word' id='word_1_152' title='bbox 1128 2891 1230 2966; x_wconf 89' lang='lat' dir='ltr'>hunc</span> <span class='ocrx_word' id='word_1_153' title='bbox 1255 2890 1414 2966; x_wconf 88' lang='lat' dir='ltr'>modum</span> <span class='ocrx_word' id='word_1_154' title='bbox 1439 2920 1448 2964; x_wconf 71' lang='grc' dir='ltr'><strong>ε</strong></span> <span class='ocrx_word' id='word_1_155' title='bbox 1473 2917 1559 2964; x_wconf 87' lang='lat' dir='ltr'>nam</span> <span class='ocrx_word' id='word_1_156' title='bbox 1587 2918 1673 2967; x_wconf 93' lang='lat' dir='ltr'>cum</span> <span class='ocrx_word' id='word_1_157' title='bbox 1705 2921 1769 2998; x_wconf 82' lang='lat' dir='ltr'>pe-</span> 
     </span>
     <span class='ocr_line' id='line_1_19' title="bbox 348 3000 1771 3130; baseline 0.002 -33"><span class='ocrx_word' id='word_1_158' title='bbox 348 3021 470 3099; x_wconf 82' lang='lat' dir='ltr'>riisset</span> <span class='ocrx_word' id='word_1_159' title='bbox 489 3049 626 3128; x_wconf 87' lang='lat' dir='ltr'>panem</span> <span class='ocrx_word' id='word_1_160' title='bbox 645 3037 684 3099; x_wconf 90' lang='lat' dir='ltr'>et</span> <span class='ocrx_word' id='word_1_161' title='bbox 703 3048 839 3130; x_wconf 88' lang='lat' dir='ltr'>aquam</span> <span class='ocrx_word' id='word_1_162' title='bbox 855 3037 892 3099; x_wconf 89' lang='lat' dir='ltr'>et</span> <span class='ocrx_word' id='word_1_163' title='bbox 918 3000 1133 3099; x_wconf 84' lang='lat' dir='ltr'>societatem</span> <span class='ocrx_word' id='word_1_164' title='bbox 1154 3020 1314 3110; x_wconf 90' lang='lat' dir='ltr'>ordinis,</span> <span class='ocrx_word' id='word_1_165' title='bbox 1338 3036 1376 3096; x_wconf 90' lang='lat' dir='ltr'>et</span> <span class='ocrx_word' id='word_1_166' title='bbox 1395 3020 1430 3096; x_wconf 90' lang='lat' dir='ltr'>ei</span> <span class='ocrx_word' id='word_1_167' title='bbox 1451 3020 1692 3099; x_wconf 87' lang='lat' dir='ltr'>concessisset</span> <span class='ocrx_word' id='word_1_168' title='bbox 1711 3051 1771 3100; x_wconf 85' lang='lat' dir='ltr'>re·</span> 
     </span>
     <span class='ocr_line' id='line_1_20' title="bbox 348 3150 1770 3259; baseline 0.003 -31"><span class='ocrx_word' id='word_1_169' title='bbox 348 3169 485 3258; x_wconf 88' lang='lat' dir='ltr'>ceptor,</span> <span class='ocrx_word' id='word_1_170' title='bbox 506 3153 596 3259; x_wconf 84' lang='lat' dir='ltr'>quia</span> <span class='ocrx_word' id='word_1_171' title='bbox 615 3151 771 3230; x_wconf 88' lang='lat' dir='ltr'>dederat</span> <span class='ocrx_word' id='word_1_172' title='bbox 786 3152 909 3230; x_wconf 89' lang='lat' dir='ltr'>ordini</span> <span class='ocrx_word' id='word_1_173' title='bbox 929 3152 1061 3230; x_wconf 85' lang='lat' dir='ltr'>decem</span> <span class='ocrx_word' id='word_1_174' title='bbox 1085 3151 1199 3230; x_wconf 89' lang='lat' dir='ltr'>libras</span> <span class='ocrx_word' id='word_1_175' title='bbox 1219 3150 1466 3239; x_wconf 88' lang='lat' dir='ltr'>reddituales,</span> <span class='ocrx_word' id='word_1_176' title='bbox 1486 3151 1646 3231; x_wconf 85' lang='lat' dir='ltr'>credens</span> <span class='ocrx_word' id='word_1_177' title='bbox 1665 3154 1770 3258; x_wconf 87' lang='lat' dir='ltr'>quod</span> 
     </span>
     <span class='ocr_line' id='line_1_21' title="bbox 348 3281 1771 3389; baseline 0.004 -31"><span class='ocrx_word' id='word_1_178' title='bbox 348 3282 455 3360; x_wconf 82' lang='lat' dir='ltr'>aliter</span> <span class='ocrx_word' id='word_1_179' title='bbox 477 3298 553 3360; x_wconf 85' lang='lat' dir='ltr'>non</span> <span class='ocrx_word' id='word_1_180' title='bbox 572 3282 775 3388; x_wconf 88' lang='lat' dir='ltr'>recepisset</span> <span class='ocrx_word' id='word_1_181' title='bbox 791 3281 974 3369; x_wconf 72' lang='lat' dir='ltr'>eundem</span> <span class='ocrx_word' id='word_1_182' title='bbox 997 3300 1035 3360; x_wconf 90' lang='lat' dir='ltr'>et</span> <span class='ocrx_word' id='word_1_183' title='bbox 1054 3281 1200 3360; x_wconf 85' lang='lat' dir='ltr'>fecisset</span> <span class='ocrx_word' id='word_1_184' title='bbox 1220 3311 1309 3359; x_wconf 92' lang='lat' dir='ltr'>eum</span> <span class='ocrx_word' id='word_1_185' title='bbox 1332 3310 1462 3359; x_wconf 90' lang='lat' dir='ltr'>vovere</span> <span class='ocrx_word' id='word_1_186' title='bbox 1494 3299 1532 3359; x_wconf 93' lang='lat' dir='ltr'>et</span> <span class='ocrx_word' id='word_1_187' title='bbox 1553 3282 1683 3389; x_wconf 85' lang='lat' dir='ltr'>jurare</span> <span class='ocrx_word' id='word_1_188' title='bbox 1712 3313 1771 3363; x_wconf 88' lang='lat' dir='ltr'>ca·</span> 
     </span>
     <span class='ocr_line' id='line_1_22' title="bbox 347 3413 1771 3520; baseline 0.001 -30"><span class='ocrx_word' id='word_1_189' title='bbox 347 3413 535 3502; x_wconf 87' lang='lat' dir='ltr'>stitatem,</span> <span class='ocrx_word' id='word_1_190' title='bbox 559 3413 839 3501; x_wconf 85' lang='lat' dir='ltr'>obedienciam,</span> <span class='ocrx_word' id='word_1_191' title='bbox 865 3430 904 3491; x_wconf 87' lang='lat' dir='ltr'>et</span> <span class='ocrx_word' id='word_1_192' title='bbox 930 3413 1053 3490; x_wconf 88' lang='lat' dir='ltr'>vivere</span> <span class='ocrx_word' id='word_1_193' title='bbox 1088 3414 1168 3490; x_wconf 90' lang='lat' dir='ltr'>sine</span> <span class='ocrx_word' id='word_1_194' title='bbox 1199 3413 1369 3519; x_wconf 85' lang='lat' dir='ltr'>proprio,</span> <span class='ocrx_word' id='word_1_195' title='bbox 1401 3430 1439 3489; x_wconf 88' lang='lat' dir='ltr'>et</span> <span class='ocrx_word' id='word_1_196' title='bbox 1471 3413 1576 3520; x_wconf 86' lang='lat' dir='ltr'>quod</span> <span class='ocrx_word' id='word_1_197' title='bbox 1608 3431 1771 3492; x_wconf 78' lang='lat' dir='ltr'>servaret</span> 
     </span>
     <span class='ocr_line' id='line_1_23' title="bbox 345 3540 1773 3649; baseline 0.001 -29"><span class='ocrx_word' id='word_1_198' title='bbox 345 3540 473 3620; x_wconf 87' lang='lat' dir='ltr'>bonos</span> <span class='ocrx_word' id='word_1_199' title='bbox 489 3571 580 3620; x_wconf 89' lang='lat' dir='ltr'>usus</span> <span class='ocrx_word' id='word_1_200' title='bbox 597 3560 636 3619; x_wconf 88' lang='lat' dir='ltr'>et</span> <span class='ocrx_word' id='word_1_201' title='bbox 654 3542 774 3620; x_wconf 87' lang='lat' dir='ltr'>bonas</span> <span class='ocrx_word' id='word_1_202' title='bbox 794 3542 1088 3623; x_wconf 90' lang='lat' dir='ltr'>consuetudines</span> <span class='ocrx_word' id='word_1_203' title='bbox 1111 3543 1272 3630; x_wconf 86' lang='lat' dir='ltr'>ordinis,</span> <span class='ocrx_word' id='word_1_204' title='bbox 1303 3561 1341 3620; x_wconf 90' lang='lat' dir='ltr'>et</span> <span class='ocrx_word' id='word_1_205' title='bbox 1365 3542 1470 3649; x_wconf 90' lang='lat' dir='ltr'>quod</span> <span class='ocrx_word' id='word_1_206' title='bbox 1486 3570 1565 3621; x_wconf 84' lang='lat' dir='ltr'>non</span> <span class='ocrx_word' id='word_1_207' title='bbox 1589 3543 1773 3621; x_wconf 83' lang='lat' dir='ltr'>revelaret</span> 
     </span>
     <span class='ocr_line' id='line_1_24' title="bbox 347 3668 1773 3780; baseline 0.001 -30"><span class='ocrx_word' id='word_1_208' title='bbox 347 3691 487 3750; x_wconf 86' lang='lat' dir='ltr'>secreta</span> <span class='ocrx_word' id='word_1_209' title='bbox 508 3673 777 3780; x_wconf 88' lang='lat' dir='ltr'>capitulorum,</span> <span class='ocrx_word' id='word_1_210' title='bbox 800 3691 837 3750; x_wconf 91' lang='lat' dir='ltr'>et</span> <span class='ocrx_word' id='word_1_211' title='bbox 854 3673 1096 3780; x_wconf 86' lang='lat' dir='ltr'>imposuisset</span> <span class='ocrx_word' id='word_1_212' title='bbox 1115 3675 1150 3752; x_wconf 95' lang='lat' dir='ltr'>ei</span> <span class='ocrx_word' id='word_1_213' title='bbox 1166 3674 1407 3765; x_wconf 87' lang='lat' dir='ltr'>mantellum,</span> <span class='ocrx_word' id='word_1_214' title='bbox 1431 3692 1469 3751; x_wconf 87' lang='lat' dir='ltr'>et</span> <span class='ocrx_word' id='word_1_215' title='bbox 1492 3675 1573 3780; x_wconf 89' lang='lat' dir='ltr'>ipse</span> <span class='ocrx_word' id='word_1_216' title='bbox 1594 3691 1632 3751; x_wconf 92' lang='lat' dir='ltr'>et</span> <span class='ocrx_word' id='word_1_217' title='bbox 1652 3668 1773 3753; x_wconf 74' lang='lat' dir='ltr'>asan</span> 
     </span>
     <span class='ocr_line' id='line_1_25' title="bbox 348 3802 1772 3910; baseline 0.003 -32"><span class='ocrx_word' id='word_1_218' title='bbox 348 3819 406 3878; x_wconf 89' lang='lat' dir='ltr'>tes</span> <span class='ocrx_word' id='word_1_219' title='bbox 443 3803 598 3881; x_wconf 88' lang='lat' dir='ltr'>osculati</span> <span class='ocrx_word' id='word_1_220' title='bbox 629 3802 789 3881; x_wconf 86' lang='lat' dir='ltr'>fuissent</span> <span class='ocrx_word' id='word_1_221' title='bbox 826 3802 1004 3880; x_wconf 90' lang='lat' dir='ltr'>eumdem</span> <span class='ocrx_word' id='word_1_222' title='bbox 1036 3803 1076 3878; x_wconf 92' lang='lat' dir='ltr'>in</span> <span class='ocrx_word' id='word_1_223' title='bbox 1110 3832 1193 3890; x_wconf 91' lang='lat' dir='ltr'>ore,</span> <span class='ocrx_word' id='word_1_224' title='bbox 1230 3821 1269 3880; x_wconf 88' lang='lat' dir='ltr'>et</span> <span class='ocrx_word' id='word_1_225' title='bbox 1298 3804 1532 3882; x_wconf 83' lang='lat' dir='ltr'>instruxisset</span> <span class='ocrx_word' id='word_1_226' title='bbox 1564 3831 1654 3881; x_wconf 89' lang='lat' dir='ltr'>eum</span> <span class='ocrx_word' id='word_1_227' title='bbox 1676 3822 1772 3910; x_wconf 91' lang='lat' dir='ltr'>quot</span> 
     </span>
     <span class='ocr_line' id='line_1_26' title="bbox 345 3933 1772 4046; baseline 0 -34"><span class='ocrx_word' id='word_1_228' title='bbox 345 3933 461 4012; x_wconf 83' lang='lat' dir='ltr'>Pater</span> <span class='ocrx_word' id='word_1_229' title='bbox 477 3950 593 4012; x_wconf 85' lang='lat' dir='ltr'>noster</span> <span class='ocrx_word' id='word_1_230' title='bbox 610 3934 753 4011; x_wconf 88' lang='lat' dir='ltr'>diceret</span> <span class='ocrx_word' id='word_1_231' title='bbox 781 3961 850 4040; x_wconf 91' lang='lat' dir='ltr'>pro</span> <span class='ocrx_word' id='word_1_232' title='bbox 870 3933 974 4011; x_wconf 89' lang='lat' dir='ltr'>boris</span> <span class='ocrx_word' id='word_1_233' title='bbox 993 3933 1088 4025; x_wconf 89' lang='lat' dir='ltr'>suis,</span> <span class='ocrx_word' id='word_1_234' title='bbox 1109 3951 1148 4010; x_wconf 93' lang='lat' dir='ltr'>et</span> <span class='ocrx_word' id='word_1_235' title='bbox 1167 3934 1272 4041; x_wconf 89' lang='lat' dir='ltr'>quod</span> <span class='ocrx_word' id='word_1_236' title='bbox 1295 3935 1437 4043; x_wconf 85' lang='lat' dir='ltr'>jaceret</span> <span class='ocrx_word' id='word_1_237' title='bbox 1463 3962 1550 4011; x_wconf 91' lang='lat' dir='ltr'>cum</span> <span class='ocrx_word' id='word_1_238' title='bbox 1570 3935 1704 4041; x_wconf 79' lang='lat' dir='ltr'>pannis</span> <span class='ocrx_word' id='word_1_239' title='bbox 1725 3934 1772 4046; x_wconf 86' lang='lat' dir='ltr'>li-</span> 
     </span>
    </p>
   </div>
   <div class='ocr_carea' id='block_1_4' title="bbox 347 4061 1902 4183">
    <p class='ocr_par' dir='ltr' id='par_1_4' title="bbox 347 4061 1902 4183">
     <span class='ocr_line' id='line_1_27' title="bbox 347 4061 1902 4183; baseline 0 -42"><span class='ocrx_word' id='word_1_240' title='bbox 347 4061 444 4149; x_wconf 84' lang='lat' dir='ltr'>neis,</span> <span class='ocrx_word' id='word_1_241' title='bbox 464 4091 538 4140; x_wconf 85' lang='lat' dir='ltr'>una</span> <span class='ocrx_word' id='word_1_242' title='bbox 557 4063 710 4142; x_wconf 88' lang='lat' dir='ltr'>cordula</span> <span class='ocrx_word' id='word_1_243' title='bbox 731 4063 835 4141; x_wconf 83' lang='lat' dir='ltr'>unde</span> <span class='ocrx_word' id='word_1_244' title='bbox 857 4061 970 4141; x_wconf 87' lang='lat' dir='ltr'>vellet</span> <span class='ocrx_word' id='word_1_245' title='bbox 993 4081 1182 4170; x_wconf 83' lang='lat' dir='ltr'>assumpta</span> <span class='ocrx_word' id='word_1_246' title='bbox 1203 4064 1361 4152; x_wconf 86' lang='lat' dir='ltr'>cinctus,</span> <span class='ocrx_word' id='word_1_247' title='bbox 1383 4078 1421 4141; x_wconf 90' lang='lat' dir='ltr'>et</span> <span class='ocrx_word' id='word_1_248' title='bbox 1439 4063 1601 4169; x_wconf 85' lang='lat' dir='ltr'>qualiter</span> <span class='ocrx_word' id='word_1_249' title='bbox 1624 4079 1773 4171; x_wconf 77' lang='lat' dir='ltr'>regeret</span> <span class='ocrx_word' id='word_1_250' title='bbox 1896 4168 1902 4183; x_wconf 26' lang='grc' dir='ltr'>ι</span> 
     </span>
    </p>
   </div>
   <div class='ocr_carea' id='block_1_5' title="bbox 347 4191 1775 4951">
    <p class='ocr_par' dir='ltr' id='par_1_5' title="bbox 347 4191 1775 4951">
     <span class='ocr_line' id='line_1_28' title="bbox 348 4191 1772 4284; baseline 0.002 -17"><span class='ocrx_word' id='word_1_251' title='bbox 348 4192 447 4268; x_wconf 89' lang='lat' dir='ltr'>sein</span> <span class='ocrx_word' id='word_1_252' title='bbox 467 4193 621 4284; x_wconf 89' lang='lat' dir='ltr'>ordine,</span> <span class='ocrx_word' id='word_1_253' title='bbox 644 4210 895 4281; x_wconf 85' lang='lat' dir='ltr'>recesserunt,</span> <span class='ocrx_word' id='word_1_254' title='bbox 917 4210 956 4271; x_wconf 87' lang='lat' dir='ltr'>et</span> <span class='ocrx_word' id='word_1_255' title='bbox 974 4192 1083 4271; x_wconf 82' lang='lat' dir='ltr'>nulla</span> <span class='ocrx_word' id='word_1_256' title='bbox 1110 4193 1239 4270; x_wconf 89' lang='lat' dir='ltr'>illicita</span> <span class='ocrx_word' id='word_1_257' title='bbox 1259 4191 1316 4271; x_wconf 91' lang='lat' dir='ltr'>vel</span> <span class='ocrx_word' id='word_1_258' title='bbox 1339 4193 1536 4270; x_wconf 85' lang='lat' dir='ltr'>inhonesta</span> <span class='ocrx_word' id='word_1_259' title='bbox 1562 4194 1772 4270; x_wconf 84' lang='lat' dir='ltr'>intervene-</span> 
     </span>
     <span class='ocr_line' id='line_1_29' title="bbox 348 4323 1772 4432; baseline 0.001 -33"><span class='ocrx_word' id='word_1_260' title='bbox 348 4341 438 4400; x_wconf 89' lang='lat' dir='ltr'>runt</span> <span class='ocrx_word' id='word_1_261' title='bbox 460 4324 499 4399; x_wconf 90' lang='lat' dir='ltr'>in</span> <span class='ocrx_word' id='word_1_262' title='bbox 519 4324 617 4402; x_wconf 88' lang='lat' dir='ltr'>dieta</span> <span class='ocrx_word' id='word_1_263' title='bbox 633 4354 701 4403; x_wconf 88' lang='lat' dir='ltr'>sua</span> <span class='ocrx_word' id='word_1_264' title='bbox 721 4324 940 4432; x_wconf 80' lang='lat' dir='ltr'>recepcione</span> <span class='ocrx_word' id='word_1_265' title='bbox 968 4326 1026 4402; x_wconf 91' lang='lat' dir='ltr'>vel</span> <span class='ocrx_word' id='word_1_266' title='bbox 1046 4340 1144 4430; x_wconf 89' lang='lat' dir='ltr'>post,</span> <span class='ocrx_word' id='word_1_267' title='bbox 1167 4352 1236 4402; x_wconf 90' lang='lat' dir='ltr'>nec</span> <span class='ocrx_word' id='word_1_268' title='bbox 1261 4325 1345 4415; x_wconf 89' lang='lat' dir='ltr'>scit,</span> <span class='ocrx_word' id='word_1_269' title='bbox 1368 4353 1437 4402; x_wconf 88' lang='lat' dir='ltr'>nec</span> <span class='ocrx_word' id='word_1_270' title='bbox 1462 4323 1597 4412; x_wconf 88' lang='lat' dir='ltr'>credit,</span> <span class='ocrx_word' id='word_1_271' title='bbox 1617 4351 1686 4400; x_wconf 88' lang='lat' dir='ltr'>nee</span> <span class='ocrx_word' id='word_1_272' title='bbox 1705 4353 1772 4401; x_wconf 87' lang='lat' dir='ltr'>au·</span> 
     </span>
     <span class='ocr_line' id='line_1_30' title="bbox 350 4451 1770 4560; baseline 0.004 -33"><span class='ocrx_word' id='word_1_273' title='bbox 350 4451 440 4529; x_wconf 92' lang='lat' dir='ltr'>divit</span> <span class='ocrx_word' id='word_1_274' title='bbox 470 4454 542 4530; x_wconf 89' lang='lat' dir='ltr'>dici</span> <span class='ocrx_word' id='word_1_275' title='bbox 568 4456 671 4560; x_wconf 90' lang='lat' dir='ltr'>quod</span> <span class='ocrx_word' id='word_1_276' title='bbox 705 4455 974 4532; x_wconf 87' lang='lat' dir='ltr'>intervenirent</span> <span class='ocrx_word' id='word_1_277' title='bbox 1001 4455 1039 4531; x_wconf 90' lang='lat' dir='ltr'>in</span> <span class='ocrx_word' id='word_1_278' title='bbox 1067 4454 1351 4560; x_wconf 90' lang='lat' dir='ltr'>recepcionibus</span> <span class='ocrx_word' id='word_1_279' title='bbox 1378 4455 1540 4532; x_wconf 87' lang='lat' dir='ltr'>aliorum</span> <span class='ocrx_word' id='word_1_280' title='bbox 1571 4455 1629 4531; x_wconf 90' lang='lat' dir='ltr'>vel</span> <span class='ocrx_word' id='word_1_281' title='bbox 1656 4472 1770 4560; x_wconf 89' lang='lat' dir='ltr'>post:</span> 
     </span>
     <span class='ocr_line' id='line_1_31' title="bbox 347 4583 1775 4692; baseline 0.003 -34"><span class='ocrx_word' id='word_1_282' title='bbox 347 4583 437 4688; x_wconf 90' lang='lat' dir='ltr'>quia</span> <span class='ocrx_word' id='word_1_283' title='bbox 467 4583 611 4661; x_wconf 89' lang='lat' dir='ltr'>viderat</span> <span class='ocrx_word' id='word_1_284' title='bbox 645 4586 758 4692; x_wconf 92' lang='lat' dir='ltr'>recipi</span> <span class='ocrx_word' id='word_1_285' title='bbox 785 4614 853 4692; x_wconf 89' lang='lat' dir='ltr'>per</span> <span class='ocrx_word' id='word_1_286' title='bbox 876 4586 1056 4664; x_wconf 91' lang='lat' dir='ltr'>eumdem</span> <span class='ocrx_word' id='word_1_287' title='bbox 1081 4586 1240 4661; x_wconf 87' lang='lat' dir='ltr'>modum</span> <span class='ocrx_word' id='word_1_288' title='bbox 1265 4583 1417 4662; x_wconf 81' lang='lat' dir='ltr'>fratrem</span> <span class='ocrx_word' id='word_1_289' title='bbox 1446 4585 1680 4691; x_wconf 82' lang='lat' dir='ltr'>Stephanum</span> <span class='ocrx_word' id='word_1_290' title='bbox 1705 4585 1775 4662; x_wconf 84' lang='lat' dir='ltr'>An·</span> 
     </span>
     <span class='ocr_line' id='line_1_32' title="bbox 348 4710 1770 4821; baseline 0.001 -33"><span class='ocrx_word' id='word_1_291' title='bbox 348 4710 451 4817; x_wconf 83' lang='lat' dir='ltr'>glici,</span> <span class='ocrx_word' id='word_1_292' title='bbox 475 4714 512 4789; x_wconf 90' lang='lat' dir='ltr'>in</span> <span class='ocrx_word' id='word_1_293' title='bbox 535 4714 631 4791; x_wconf 89' lang='lat' dir='ltr'>dicta</span> <span class='ocrx_word' id='word_1_294' title='bbox 650 4714 789 4820; x_wconf 86' lang='lat' dir='ltr'>capella</span> <span class='ocrx_word' id='word_1_295' title='bbox 810 4714 857 4792; x_wconf 91' lang='lat' dir='ltr'>de</span> <span class='ocrx_word' id='word_1_296' title='bbox 878 4715 1022 4801; x_wconf 84' lang='lat' dir='ltr'>Auson,</span> <span class='ocrx_word' id='word_1_297' title='bbox 1045 4714 1110 4821; x_wconf 90' lang='lat' dir='ltr'>qui</span> <span class='ocrx_word' id='word_1_298' title='bbox 1127 4712 1319 4791; x_wconf 86' lang='lat' dir='ltr'>detinetur</span> <span class='ocrx_word' id='word_1_299' title='bbox 1337 4714 1509 4806; x_wconf 86' lang='lat' dir='ltr'>Pictavis,</span> <span class='ocrx_word' id='word_1_300' title='bbox 1532 4733 1622 4792; x_wconf 86' lang='lat' dir='ltr'>sunt</span> <span class='ocrx_word' id='word_1_301' title='bbox 1641 4742 1663 4793; x_wconf 95' lang='lat' dir='ltr'>v</span> <span class='ocrx_word' id='word_1_302' title='bbox 1684 4717 1770 4791; x_wconf 90' lang='lat' dir='ltr'>anni</span> 
     </span>
     <span class='ocr_line' id='line_1_33' title="bbox 349 4843 1773 4951; baseline -0.001 -31"><span class='ocrx_word' id='word_1_303' title='bbox 349 4843 405 4921; x_wconf 87' lang='lat' dir='ltr'>vel</span> <span class='ocrx_word' id='word_1_304' title='bbox 435 4844 546 4937; x_wconf 85' lang='lat' dir='ltr'>circa,</span> <span class='ocrx_word' id='word_1_305' title='bbox 577 4875 645 4950; x_wconf 90' lang='lat' dir='ltr'>per</span> <span class='ocrx_word' id='word_1_306' title='bbox 668 4844 821 4922; x_wconf 78' lang='lat' dir='ltr'>fratrem</span> <span class='ocrx_word' id='word_1_307' title='bbox 853 4847 1062 4921; x_wconf 85' lang='lat' dir='ltr'>lobannem</span> <span class='ocrx_word' id='word_1_308' title='bbox 1093 4844 1139 4921; x_wconf 88' lang='lat' dir='ltr'>de</span> <span class='ocrx_word' id='word_1_309' title='bbox 1172 4848 1307 4922; x_wconf 86' lang='lat' dir='ltr'>Sancto</span> <span class='ocrx_word' id='word_1_310' title='bbox 1337 4845 1541 4922; x_wconf 77' lang='lat' dir='ltr'>¹benedicto</span> <span class='ocrx_word' id='word_1_311' title='bbox 1557 4846 1773 4951; x_wconf 83' lang='lat' dir='ltr'>quondam,</span> 
     </span>
    </p>
   </div>
   <div class='ocr_carea' id='block_1_6' title="bbox 1575 5000 1625 5039">
    <p class='ocr_par' dir='ltr' id='par_1_6' title="bbox 1575 5000 1625 5039">
     <span class='ocr_line' id='line_1_34' title="bbox 1575 5000 1625 5039; baseline -0.02 0"><span class='ocrx_word' id='word_1_312' title='bbox 1575 5000 1625 5039; x_wconf 77' lang='lat'>22.</span> 
     </span>
    </p>
   </div>
   <div class='ocr_carea' id='block_1_7' title="bbox 0 0 2134 5940">
    <p class='ocr_par' dir='ltr' id='par_1_7' title="bbox 0 0 2134 5940">
     <span class='ocr_line' id='line_1_35' title="bbox 0 0 2134 5940; baseline 0 0"><span class='ocrx_word' id='word_1_313' title='bbox 0 0 2134 5940; x_wconf 95' lang='lat' dir='ltr'> </span> 
     </span>
    </p>
   </div>
  </div>
 </body>
</html>
