4236 5948
733 537 930 630 esoces
956 556 1052 628 nns
1078 556 1374 630 retunsus.
1689 565 1762 635 aas

344 698 566 784 tinenciam,
593 696 705 772 dabat
732 697 784 773 eis
809 697 1002 774 licenciam
1026 695 1267 803 refrigerandi
1293 728 1331 775 se
1362 728 1445 774 cum
1472 699 1552 774 aliis
1577 701 1762 779 fratribus.
1848 784 1856 793 ,

344 830 444 908 Dixit
456 846 584 904 tamen
601 827 706 933 quod
721 856 797 905 nen
811 827 1038 934 precipiebat
1053 829 1106 905 eis
1124 831 1290 935 predicta
1305 831 1439 918 corde,
1461 830 1527 907 sed
1547 860 1611 908 ore
1626 833 1763 910 solum.

345 959 558 1069 Requisitus
579 986 621 1035 ex
646 986 722 1063 quo
742 958 910 1064 predicta
935 988 1012 1035 non
1037 960 1268 1065 precipiebat
1295 961 1408 1037 corde
1434 962 1500 1036 sed
1526 990 1592 1039 ore
1619 965 1763 1052 solum,

342 1120 457 1199 quare
477 1093 550 1170 hoc
562 1090 735 1178 iaciebat,
758 1090 951 1196 respondit
969 1120 1037 1196 per
1046 1093 1304 1197 juramentum
1320 1120 1432 1168 suum
1450 1092 1553 1199 quod
1567 1093 1640 1171 hoc
1657 1094 1766 1171 facie-

342 1223 422 1310 bat,
444 1223 533 1328 quia
556 1250 644 1297 usus
665 1238 743 1296 erat
762 1221 810 1298 de
830 1222 976 1299 statutis
995 1221 1150 1299 ordinis.
1167 1223 1383 1327 Requisitus
1401 1238 1530 1298 utrum
1553 1223 1606 1299 illi
1621 1227 1686 1330 qui
1709 1254 1766 1301 re-

343 1354 439 1458 cepti
456 1353 609 1430 luerunt
629 1352 675 1428 de
692 1351 867 1429 mandato
887 1380 956 1429 suo
970 1380 1037 1457 per
1054 1351 1160 1441 alios,
1182 1353 1319 1429 eodem
1334 1353 1450 1429 modo
1465 1382 1659 1459 perquem
1673 1355 1765 1432 dixit

343 1512 383 1561 se
404 1484 496 1560 alios
516 1483 700 1587 recepisse
725 1484 865 1588 recepti
886 1481 1055 1570 luerunt,
1085 1483 1278 1588 respondit
1298 1483 1403 1589 quod
1422 1485 1558 1572 nescit,
1592 1489 1683 1591 quia
1701 1485 1764 1561 illa

343 1642 418 1719 que
439 1612 534 1691 liunt
550 1615 587 1689 in
603 1613 772 1717 capitulis
792 1614 1049 1719 aliquomodo
1070 1642 1146 1690 non
1167 1631 1324 1719 possunt
1335 1613 1490 1691 revelari
1510 1615 1669 1721 illisqui
1687 1645 1761 1692 non

343 1744 494 1821 fuerunt
514 1761 717 1849 presentes,
734 1770 803 1819 nec
818 1744 902 1819 sciri
918 1744 965 1820 ab
981 1745 1050 1829 eis,
1072 1761 1110 1819 et
1127 1743 1213 1818 ideo
1232 1744 1350 1818 nescit
1364 1744 1394 1818 si
1409 1744 1459 1818 ita
1474 1745 1761 1850 recipiebantur.

342 1875 555 1981 Requisitus
573 1891 701 1950 utrum
717 1872 886 1950 crederet
903 1874 1007 1979 quod
1021 1901 1150 1949 omnes
1164 1873 1295 1950 fratres
1309 1873 1397 1949 dicti
1414 1872 1558 1949 ordinis
1575 1902 1642 1979 per
1658 1875 1764 1952 illum

342 2006 500 2083 modum
525 2006 598 2082 sint
623 2004 780 2109 recepti,
809 2004 1002 2109 respondit
1027 2006 1131 2109 quod
1161 2032 1236 2080 non
1266 2004 1451 2081 credebat.
1485 2006 1614 2080 Postea
1642 2024 1763 2082 tamen

342 2135 437 2211 dicta
458 2134 518 2210 die
539 2134 579 2208 in
600 2135 688 2210 dicti
710 2134 969 2223 commissarii,
986 2153 1157 2212 nostrum
1175 2136 1406 2212 notariorum
1429 2152 1466 2209 et
1480 2135 1631 2223 testium
1655 2136 1766 2211 111111-

343 2266 564 2370 scriptorum
580 2292 816 2369 comparens,
839 2265 932 2341 dixit
950 2265 1053 2369 quod
1072 2265 1170 2341 male
1191 2264 1424 2341 intellexerat
1443 2282 1480 2339 et
1496 2265 1590 2340 mele
1611 2294 1766 2371 respon-

344 2395 468 2483 derat,
493 2413 530 2471 et
559 2394 650 2470 dixit
667 2423 736 2499 per
749 2395 1005 2500 juramentum
1034 2424 1146 2471 suum
1172 2395 1276 2501 quod
1304 2395 1441 2471 melius
1463 2396 1639 2472 credebat
1662 2397 1765 2500 quod

344 2554 476 2603 omnes
493 2526 746 2630 reciperentur
761 2553 828 2630 per
846 2524 955 2600 illum
977 2525 1134 2602 modum
1155 2553 1268 2629 quam
1281 2552 1349 2629 per
1369 2524 1501 2610 alium,
1524 2541 1561 2599 et
1581 2525 1655 2600 hoc
1669 2526 1767 2602 dice·

342 2654 407 2731 bat
425 2684 537 2732 sunm
557 2655 699 2731 dictum
721 2654 960 2762 corrigeudO,
990 2672 1027 2730 et
1050 2683 1099 2731 ne
1119 2655 1324 2760 degereret.
1340 2655 1554 2759 Requisitus
1574 2656 1621 2731 de
1647 2657 1764 2761 capito

343 2785 483 2891 dequo
496 2815 607 2890 supra
622 2785 665 2861 fit
677 2786 840 2874 mencio,
857 2785 1030 2890 dixitper
1040 2785 1293 2890 juramentum
1310 2813 1421 2860 suum
1435 2785 1539 2890 quod
1553 2784 1649 2861 illud
1664 2786 1767 2861 vide-

342 2932 414 3002 ret,
439 2931 609 2992 tenuerat
637 2931 673 2990 et
699 2915 907 3020 palpaverat
934 2916 1034 3018 apud
1065 2915 1489 3020 Montempessulanum,
1532 2915 1569 2989 in
1600 2915 1764 3019 quodam

344 3046 519 3152 capitulo,
547 3062 584 3121 et
612 3045 689 3149 ipse
718 3044 844 3121 etalii
873 3045 1006 3120 fratres
1042 3062 1233 3148 presentes
1264 3043 1365 3127 illud¹
1387 3045 1637 3121 adoraverant.
1666 3046 1766 3120 Dixit

226 3212 240 3233 .
342 3191 467 3253 tamen
483 3175 588 3281 quod
612 3203 677 3251 ore
695 3189 733 3250 et
749 3173 926 3280 fingendo
944 3176 1173 3263 adoraverat,
1196 3193 1234 3250 et
1252 3202 1327 3250 non
1348 3174 1484 3252 corde:
1505 3173 1624 3250 nescit
1641 3191 1764 3250 tamen

344 3307 374 3381 si
387 3305 450 3381 alii
468 3304 597 3382 fratres
613 3304 816 3381 adorabant
837 3305 962 3383 corde.
983 3306 1196 3412 Requisitue
1214 3303 1360 3391 ubisit,
1390 3305 1482 3380 dixit
1500 3305 1605 3409 quod
1625 3303 1767 3381 dimisit

344 3434 439 3511 illud
455 3434 559 3513 fratri
581 3438 688 3511 Petro
704 3436 927 3513 Alemaudin
945 3437 1153 3541 preceptori
1173 3437 1308 3511 domus
1327 3435 1672 3539 Montispessulani,
1699 3435 1767 3511 sed

344 3567 458 3643 nescit
480 3584 607 3642 utrum
626 3584 753 3669 gentes
774 3567 872 3670 regis
895 3565 992 3642 illud
1011 3567 1229 3642 invenerint.
1250 3566 1351 3642 Dixit
1369 3567 1476 3671 quod
1498 3565 1639 3642 dictum
1656 3582 1767 3671 caput

341 3695 503 3773 habebat
519 3710 678 3800 quatuor
696 3695 827 3797 pedes,
849 3695 944 3772 duos
965 3714 1049 3771 ante
1068 3725 1110 3770 ex
1129 3714 1232 3799 parte
1248 3694 1371 3782 laciei,
1394 3713 1432 3770 et
1449 3696 1546 3771 duos
1560 3715 1671 3772 retro.
1694 3699 1763 3771 Re·

341 3826 500 3932 quisitus
510 3826 838 3930 perjuramentum
849 3853 961 3901 suum
968 3843 1097 3902 utrum
1107 3824 1221 3911 vi,vel
1230 3843 1332 3902 metu
1339 3842 1614 3902 tormentorum
1624 3827 1681 3900 vel
1694 3853 1767 3901 car·

342 3959 452 4044 ceris,
464 3985 531 4033 seu
546 3955 616 4030 alia
631 3955 678 4032 de
691 3983 817 4042 causa,
829 3955 989 4060 aliquam
1008 3954 1204 4031 salsitatem
1214 3955 1366 4032 dixisset
1375 3955 1710 4031 autimmiscuisset
1726 3953 1763 4026 in

343 4114 411 4164 sna
430 4087 686 4192 deposicione,
704 4103 768 4162 aut
784 4085 974 4162 veritatem
993 4085 1179 4171 tacuisset,
1204 4084 1297 4160 dixit
1310 4112 1378 4189 per
1383 4085 1639 4190 juramentum
1654 4110 1764 4158 suum

343 4216 448 4321 quod
462 4245 557 4305 n0n;
577 4218 694 4292 immo
709 4244 841 4320 puram
861 4217 940 4290 sine
961 4216 1088 4321 aliquo
1105 4215 1300 4291 mendacio
1316 4213 1456 4291 dixerat
1475 4213 1676 4290 veritatem.

399 4476 491 4551 ltem
505 4474 619 4551 freter
642 4474 861 4581 badulphus
881 4476 928 4552 de
951 4477 1039 4582 Gysi
1067 4493 1238 4581 receptor
1256 4474 1447 4580 quondam
1461 4473 1769 4579 Campanie'·,eta·

342 4605 389 4681 tis
408 4606 678 4713 quinquaginta
702 4634 901 4694 annorum,
920 4609 1067 4713 juratus
1086 4607 1224 4684 eodem
1246 4606 1360 4683 modo
1392 4622 1428 4681 et
1450 4605 1697 4710 interrogatus
1718 4601 1768 4678 de

343 4750 513 4840 tempore
536 4753 573 4812 et
592 4736 707 4813 modo
727 4765 792 4814 sue
809 4738 1055 4843 reeepcionis,
1073 4738 1165 4814 dixit
1184 4765 1251 4841 per
1265 4736 1523 4842 juramentum
1536 4763 1647 4812 suum
1665 4733 1769 4840 quod

343 4866 471 4974 viginti
493 4867 570 4945 duo
586 4869 672 4945 anni
692 4886 779 4944 sunt
792 4868 849 4945 vel
868 4869 962 4947 circa
981 4868 1086 4977 quod
1106 4868 1178 4946 fuit
1193 4886 1365 4974 receptus
1384 4869 1425 4945 in
1445 4869 1561 4946 domo
1580 4868 1627 4944 de
1644 4866 1769 4945 Valeia

1550 5016 1599 5082 tt.
