4236 5948
347 544 421 614 arr
733 523 928 615 enocts
954 541 1049 612 nus
1075 539 1372 612 rennuens.

402 686 443 759 In
464 681 601 759 Christi
619 680 771 757 nomine
793 709 912 756 amen.
926 680 1034 755 Anno
1047 680 1215 785 ejusdem
1225 680 1378 758 Domini
1396 677 1597 755 millesimo
1616 696 1760 756 trecen·

344 815 480 889 tesimo
501 813 675 917 septimo,
700 811 886 886 indicione
907 828 1023 899 sexta,
1042 839 1170 888 mense
1188 811 1414 897 novembris,
1434 809 1605 917 ejusdem
1624 811 1763 886 mensis

346 943 407 1018 (116
421 943 578 1031 decima,
592 939 828 1045 pontificatus
841 940 1058 1017 sanctissimi
1072 942 1185 1046 patris
1196 960 1233 1018 61
1245 940 1389 1017 domini
1404 939 1547 1017 domini
1558 937 1762 1017 Clementis

345 1074 466 1149 divina
485 1069 721 1175 providencia
741 1099 834 1174 pape
854 1071 974 1176 quinti
998 1099 1095 1147 anno
1115 1071 1295 1161 secundo,
1313 1071 1351 1145 in
1370 1068 1533 1178 religiosi
1548 1070 1615 1146 viri
1636 1088 1672 1146 61
1693 1070 1763 1147 bo·

344 1204 436 1278 nesti
457 1202 577 1277 fratris
596 1199 787 1277 Guillelmi
805 1202 850 1275 de
872 1200 1031 1275 Parisius
1051 1201 1194 1277 ordinis
1214 1201 1505 1287 Predicatorum,
1527 1187 1760 1306 inquisitoris

346 1332 507 1407 heretice
535 1330 719 1433 pravitatis
740 1330 955 1404 auctoritate
986 1328 1185 1432 apostolica
1213 1329 1393 1432 deputati,
1420 1329 1457 1402 in
1483 1329 1595 1405 domo
1621 1328 1759 1406 milicie

343 1459 491 1566 Templi
510 1461 685 1546 Parisius,
707 1486 775 1563 pro
797 1459 1022 1563 inquirendo
1047 1476 1173 1535 contra
1196 1458 1373 1563 quasdam
1393 1486 1569 1564 personas
1590 1460 1679 1535 dicti
1701 1488 1761 1536 or·
1868 1543 1873 1561 Ι

344 1592 441 1666 dinis
462 1592 585 1667 eidem
604 1590 743 1665 delatas
762 1618 874 1694 super
893 1588 991 1663 dicto
1013 1588 1165 1663 crimine
1187 1589 1389 1675 existentis,
1414 1605 1581 1665 nostrum
1601 1591 1761 1666 notario-

343 1750 428 1796 rum
453 1720 688 1825 publicorum
721 1735 758 1793 et
785 1716 1103 1822 infrascriptarum
1130 1717 1276 1791 testium
1302 1718 1492 1820 presencia
1519 1718 1762 1823 personaliter

343 1850 564 1927 constitutus
584 1849 696 1925 frater
715 1848 886 1923 blatbeus
900 1847 947 1922 dc
969 1846 1175 1936 Attrebato,
1202 1847 1306 1923 etatis
1333 1846 1575 1954 quadraginta
1601 1867 1760 1953 quatuor

342 2010 524 2057 annorum
539 1979 597 2055 vel
610 1981 721 2063 circa,
735 1979 880 2083 juratus
901 1977 947 2053 ad
968 1995 1089 2053 sancta
1104 1977 1176 2053 Dei
1197 1977 1393 2083 Evangelia
1403 1977 1449 2053 ab
1461 2004 1505 2053 eo
1520 1977 1761 2082 corporaliter

343 2127 437 2186 tacta
461 2111 626 2187 incausa
646 2107 734 2182 fidei
757 2108 802 2181 (16
827 2135 865 2181 se
890 2123 925 2180 et
951 2106 1030 2181 aliis
1055 2107 1177 2183 dicare
1197 2108 1407 2194 veritatem,
1435 2125 1473 2184 61
1491 2108 1692 2212 requisitus
1713 2109 1760 2185 de

341 2257 511 2344 temporo
528 2257 563 2315 et
583 2238 696 2313 modo
718 2265 783 2314 suc
804 2236 1049 2340 recepcionis‚
1068 2235 1158 2311 dixit
1176 2266 1243 2341 per
1251 2236 1505 2341 juramentum
1528 2266 1639 2313 suum
1655 2239 1760 2342 quod

328 2385 514 2472 receptus
528 2367 600 2442 luit
608 2365 808 2442 duodecim
819 2366 904 2440 anni
916 2383 1003 2440 sunt
1014 2366 1210 2442 Dominica
1222 2383 1305 2442 ante
1321 2365 1457 2442 festum
1469 2366 1568 2443 beati
1581 2367 1761 2445 lobannis

341 2498 501 2602 Baptista
527 2496 661 2573 ultimo
684 2495 922 2601 preteritum,
952 2496 990 2570 in
1021 2496 1135 2573 domo
1163 2496 1210 2572 de
1237 2496 1486 2584 Saraincourt,
1517 2524 1585 2603 per
1608 2496 1761 2574 fratrem

341 2628 577 2703 Thierricum
603 2627 649 2702 (16
670 2627 795 2703 Boscis
820 2643 1075 2732 preceptorem
1097 2625 1260 2703 baillivie
1281 2628 1328 2702 (16
1349 2627 1558 2714 Μ6116666,
1580 2631 1763 2735 presenti-

341 2758 411 2834 bus
439 2757 613 2834 lratribus
642 2757 810 2832 lohanne
833 2756 879 2831 de
900 2755 1004 2832 Cella
1023 2774 1059 2831 et
1078 2757 1245 2833 Tierrico
1267 2758 1313 2832 de
1334 2757 1454 2833 Mares
1479 2775 1515 2834 et
1534 2757 1760 2863 quibusdam

342 2887 421 2962 aliis
442 2888 489 2963 de
509 2886 900 2991 quorumnominibus
915 2915 990 2963 non
1006 2886 1147 2963 recolit.
1170 2886 1270 2963 Dixit
1286 2887 1402 2962 eciam
1423 2915 1489 2991 per
1504 2889 1762 2993 juramentum

342 3046 451 3093 suum
473 3018 595 3123 quod,
615 3034 698 3120 post
717 3015 851 3093 multas
873 3017 1136 3121 promissiones
1151 3016 1198 3092 de
1216 3017 1360 3092 statutis
1381 3035 1418 3093 61
1432 3018 1582 3094 secretis
1600 3019 1690 3096 dicti
1708 3048 1763 3095 or-

343 3147 441 3222 dinis
461 3144 699 3222 observandis
720 3145 765 3221 ab
787 3174 831 3221 eo
853 3145 980 3232 factas,
999 3164 1035 3221 et
1054 3145 1232 3223 mantello
1253 3146 1301 3223 ad
1321 3146 1461 3224 collum
1476 3148 1617 3256 posito,
1641 3148 1762 3226 dictus

341 3275 524 3380 recipiens
545 3276 749 3378 apportavit
763 3275 952 3378 quoddam
965 3276 1111 3352 missale
1123 3277 1247 3382 inquo
1264 3292 1341 3351 erat
1353 3278 1497 3382 depicta
1505 3306 1637 3383 ymago
1647 3278 1762 3356 Jhesu

344 3401 525 3489 crucifixi,
549 3421 585 3477 et
607 3403 698 3477 dixit
724 3402 792 3478 sibi
819 3405 922 3509 quod
948 3405 1143 3508 oportebat
1164 3407 1267 3510 quod
1286 3406 1365 3510 ipse
1386 3406 1586 3513 abnegaret
1605 3408 1760 3485 Jhesum

343 3532 549 3618 Christum,
573 3548 611 3608 et
630 3551 779 3637 spueret
799 3562 908 3637 supra
929 3562 1093 3623 crucem,
1121 3534 1207 3638 quia
1233 3535 1294 3611 alii
1315 3537 1367 3610 sic
1394 3534 1587 3612 faciebant.
1610 3539 1657 3613 Et
1682 3539 1760 3641 ipse

343 3679 433 3739 tunc
452 3662 603 3750 invitus,
627 3690 690 3737 ore
713 3681 748 3737 et
768 3691 841 3739 non
863 3664 989 3751 corde,
1008 3665 1163 3741 Jhesum
1176 3665 1367 3742 Christum
1378 3658 1587 3772 abnegavit,
1606 3684 1643 3744 61
1658 3666 1765 3745 finxit

344 3791 448 3896 quod
467 3810 617 3895 spueret
635 3811 692 3867 ter
710 3822 819 3897 supra
839 3821 997 3870 crucem.
1020 3796 1269 3900 Interrogatus
1287 3796 1333 3870 (16
1350 3795 1493 3885 osculo,
1518 3796 1607 3872 dixit
1622 3826 1690 3901 per
1698 3798 1762 3902 ju-

343 3939 553 3997 ramentum
583 3951 693 3997 suum
721 3923 824 4026 quod
851 3923 971 3997 dictus
996 3924 1179 4028 recipiens
1202 3927 1340 4000 iterum
1368 3926 1533 4030 precepit
1562 3926 1631 4002 sibi
1658 3928 1762 4032 quod

344 4051 576 4127 oscularetur
596 4081 682 4127 eum
705 4052 837 4127 1611116
858 4053 963 4157 spine
984 4053 1084 4129 dorsi
1106 4054 1200 4129 6116
1221 4054 1417 4143 umbilico;
1444 4073 1484 4164 ¹et
1513 4057 1591 4162 ipse
1618 4055 1762 4164 lingens

343 4209 382 4256 se
403 4179 578 4267 osculari,
601 4181 726 4284 posuit
739 4209 870 4286 genam
886 4200 1039 4258 suamet
1053 4211 1129 4258 non
1141 4211 1182 4260 os
1198 4185 1245 4260 ad
1260 4184 1360 4259 illam
1373 4202 1518 4290 partem
1531 4186 1760 4263 inferiorem.

343 4310 444 4386 Dixit
462 4310 579 4385 eciam
599 4338 666 4414 per
684 4311 940 4416 juramentum
961 4341 1071 4388 suum
1097 4314 1200 4417 quod
1226 4314 1346 4390 dictus
1366 4315 1551 4420 recipiens
1576 4316 1668 4392 dixit
1692 4318 1761 4393 sibi

342 4440 447 4544 quod
466 4440 621 4515 omnino
642 4438 843 4515 abstineret
854 4469 892 4515 se
908 4440 1178 4531 mulieribus,
1195 4459 1233 4518 et
1248 4444 1276 4517 si
1292 4442 1391 4520 calor
1408 4445 1585 4521 naturalis
1600 4465 1764 4523 moveret
1848 4493 1855 4502 ·

345 4594 449 4654 eum,
463 4568 565 4673 quod
577 4568 836 4646 commisceret
854 4598 893 4644 se
913 4599 998 4645 cum
1019 4571 1194 4649 fratribus
1207 4573 1295 4649 dicti
1312 4573 1471 4662 ordinis,
1490 4592 1527 4651 61
1541 4576 1614 4651 boc
1626 4576 1763 4651 dealiis

344 4712 541 4799 pateretur.
560 4697 659 4773 Dixit
680 4697 793 4773 eciam
815 4727 881 4804 per
898 4700 1154 4804 juramentum
1175 4730 1285 4803 suum
1306 4702 1409 4807 quod
1430 4704 1572 4808 pluries
1592 4704 1705 4811 peciit
1729 4722 1764 4780 61

344 4825 419 4928 peti
439 4825 524 4900 16611
539 4855 557 4900 a
571 4828 742 4930 Magistro
763 4827 850 4903 dicti
874 4830 1031 4920 ordinis,
1056 4849 1092 4907 et
1112 4831 1199 4909 16611
1219 4833 1296 4937 peti
1317 4833 1510 4911 licenciam
1524 4863 1592 4941 per
1611 4832 1761 4912 lratrem
