4236 5948
343 541 417 615 sot
731 521 925 614 moces
955 540 1050 612 nes
1076 536 1374 610 raurmans.

342 711 429 762 eum
456 682 671 789 abnegaret,
694 700 730 759 et
749 700 901 788 spueret
920 711 1032 789 supra
1051 682 1169 787 ipsam
1193 680 1403 786 ymaginem
1429 697 1497 757 ter.
1518 679 1567 757 Et
1586 709 1672 758 cum
1693 682 1767 761 hoc

341 816 461 893 lacere
476 831 678 902 recusaret,
701 813 830 890 fratres
851 813 1007 920 predicti
1025 811 1167 890 ordinis
1182 828 1372 917 presentes
1388 810 1561 888 dixerunt
1576 811 1646 889 sibi
1663 814 1768 919 quod

342 945 537 1052 oportebat
551 941 654 1050 quod
671 943 742 1020 hoc
760 942 969 1035 laceretaet
986 961 1075 1019 tunc
1090 944 1187 1049 ipse,
1210 941 1299 1019 lieet
1311 941 1465 1032 invitus,
1480 941 1677 1049 abnegavit
1695 959 1765 1034 ter,

343 1094 380 1153 et
405 1075 571 1183 qualibet
594 1075 672 1150 vice
691 1076 792 1179 spuit
814 1104 924 1182 supra
946 1102 1110 1162 crucem;
1137 1073 1204 1149 sed
1224 1073 1298 1150 hoc
1317 1100 1394 1149 non
1413 1070 1502 1150 lecit
1529 1072 1658 1160 corde,
1681 1073 1769 1152 licet

266 1237 272 1248 ·
343 1236 424 1294 ore,
445 1223 487 1282 ut
503 1206 606 1283 dixit.

397 1340 491 1415 ltem
511 1337 602 1413 dixit
616 1365 684 1440 per
692 1336 948 1444 juramentum
963 1336 1066 1441 quod
1083 1335 1268 1439 recipiens
1287 1334 1452 1441 precepit
1471 1333 1543 1411 sibi
1563 1337 1669 1442 quod
1685 1337 1768 1414 abs-

342 1471 478 1546 tineret
495 1497 515 1545 a
534 1467 773 1556 mulieribus,
792 1486 829 1544 et
848 1466 997 1573 quodsi
1013 1467 1145 1572 aliquis
1164 1466 1321 1543 fratrum
1340 1464 1453 1542 vellet
1469 1493 1508 1542 se
1525 1466 1767 1544 commiscere

342 1629 427 1676 cum
445 1626 508 1686 eu,
531 1597 636 1704 quod
655 1597 728 1675 boc
748 1599 995 1703 permitteret,
1018 1615 1056 1673 et
1074 1599 1233 1703 ipsemet
1253 1597 1705 1675 similitercommisoeret
1729 1626 1767 1673 se

343 1757 425 1804 erun
444 1730 514 1816 eis,
531 1730 561 1805 si
577 1729 701 1816 vellet,
720 1746 757 1806 et
772 1757 884 1834 super
899 1729 971 1806 hoe
986 1727 1098 1805 dabat
1112 1729 1144 1805 ei
1162 1728 1375 1818 licenciam
1397 1727 1525 1805 dicens
1545 1728 1650 1834 quod
1666 1727 1769 1804 ‹lixe-

341 1876 430 1936 runt
447 1858 516 1936 sibi
538 1856 642 1965 qdod
660 1876 839 1937 statutum
860 1843 917 1936 est
937 1888 1056 1935 tinum
1079 1859 1166 1935 dicti
1189 1858 1347 1947 ordinis,
1370 1858 1524 1965 quodsi
1544 1858 1680 1964 aliquis
1695 1857 1768 1934 fra-

341 2008 441 2066 trum
467 1990 634 2096 ipsorum
663 1991 802 2066 revelat
833 1990 945 2066 alicui
962 1990 1032 2066 alii
1060 2006 1245 2066 secretum
1274 2007 1468 2094 peccatum
1493 2017 1562 2067 seu
1587 1988 1769 2066 delictum

342 2122 496 2199 alterius
509 2121 631 2198 fratris
644 2120 701 2199 sui
717 2120 788 2197 sibi
804 2121 850 2199 ab
862 2151 907 2200 eo
924 2120 1147 2209 revelatum,
1163 2120 1241 2226 ipse
1252 2120 1408 2225 punitur
1418 2136 1456 2196 et
1467 2119 1623 2196 sustinet
1631 2147 1769 2225 penam

342 2280 454 2358 quam
470 2252 696 2358 delinquens
711 2251 776 2357 qui
797 2251 867 2329 sibi
887 2252 960 2329 boc
979 2250 1153 2328 revelavit
1173 2251 1356 2328 sustinere
1382 2249 1550 2327 deberet.

398 2383 491 2458 ltem
511 2381 602 2457 dixit
620 2409 687 2486 per
704 2383 962 2489 juramentum
984 2363 1111 2471 surim,
1134 2381 1255 2458 adhuc
1275 2412 1297 2459 a
1317 2380 1417 2458 dicto
1440 2380 1595 2458 domino
1616 2381 1769 2488 inquisi-

341 2530 423 2589 tore
443 2512 645 2617 repetitum
665 2527 702 2588 et
716 2512 914 2617 prestitum
924 2510 971 2589 ab
987 2512 1121 2590 eodem
1135 2511 1247 2589 lratre
1260 2511 1482 2619 Hymberto,
1505 2511 1609 2617 quod
1622 2512 1703 2619 ipse
1716 2512 1766 2599 vi,

342 2642 399 2719 vel
418 2658 523 2720 metu
542 2642 698 2719 carceris
718 2643 775 2720 vel
792 2643 987 2731 tormenti,
1009 2670 1088 2719 non
1110 2642 1202 2719 dixit
1217 2642 1318 2720 aliud
1342 2670 1454 2748 quam
1474 2642 1684 2732 veritatem,
1701 2670 1769 2719 nec

342 2773 533 2877 premissis
561 2772 765 2850 immiscuit
789 2774 950 2880 aliquam
975 2773 1187 2862 falsitatem,
1214 2773 1282 2852 sed
1305 2801 1439 2879 puram
1464 2772 1659 2851 veritatem
1677 2773 1769 2852 dixit

343 2932 410 3009 pro
430 2903 545 2983 salute
567 2904 691 2981 anime
707 2931 786 2981 sue.

399 3169 508 3244 Facte
524 3185 650 3244 autem
664 3184 752 3243 sunt
768 3166 837 3244 bec
850 3167 1102 3245 consessiones
1113 3184 1151 3244 et
1164 3168 1422 3274 deposiciones
1437 3166 1579 3244 edictis
1593 3165 1769 3243 fratribus

343 3295 546 3376 Guillelmo
567 3315 605 3374 et
623 3295 828 3403 Hymberto
854 3297 995 3375 ordinis
1021 3297 1158 3375 milicie
1176 3298 1344 3406 Templi,
1360 3297 1586 3405 juramentis
1608 3297 1655 3374 ab
1671 3298 1770 3403 ipso-

343 3456 429 3504 rum
446 3427 630 3534 quolibet,
650 3444 692 3503 ut
707 3427 948 3532 premittitur,
965 3430 1144 3534 prestitis,
1163 3429 1339 3517 Parisius,
1356 3429 1396 3505 in
1416 3428 1592 3506 domibus
1610 3427 1768 3504 fratrum

343 3557 639 3647 predicatorum,
659 3559 698 3634 in
723 3559 930 3664 presencia,
959 3577 1000 3636 ut
1019 3560 1260 3665 premittitur,
1289 3576 1326 3637 et
1352 3587 1495 3636 camera
1517 3559 1604 3636 dicti
1627 3558 1767 3636 domini

212 3679 215 3686 ¹
344 3688 589 3794 inquisitoris,
611 3716 728 3777 anno,
752 3688 956 3778 indicione,
980 3689 1214 3795 pontificatu,
1232 3718 1330 3767 anno
1348 3708 1386 3767 et
1402 3689 1462 3768 die
1479 3689 1673 3796 predictis,
1690 3717 1769 3794 pre-

343 3817 512 3896 sentibus
527 3818 694 3897 discretis
711 3837 748 3896 et
766 3820 949 3926 religiosis
965 3821 1050 3897 viris
1069 3821 1194 3926 priore
1210 3821 1301 3898 dicti
1317 3821 1407 3910 loci,
1425 3820 1601 3898 fratribus
1616 3821 1763 3897 Herveo

342 3948 478 4026 uastis
502 3949 678 4055 magistro
697 3950 738 4025 in
755 3928 962 4055 theologia,
983 3951 1093 4027 reus
1109 3950 1156 4026 ee
1174 3949 1362 4040 condeto,
1386 3950 1592 4060 saginata>
1616 3949 1663 4026 ae
1679 3948 1767 4026 oe-

341 4078 445 4158 dolio
471 4096 509 4157 et
525 4080 694 4157 iohanne
719 4079 767 4157 de
792 4081 928 4159 Sancto
948 4081 1148 4161 Vincencio
1168 4081 1327 4188 predicti
1348 4079 1490 4158 ordinis
1506 4079 1664 4158 fratrum
1687 4080 1770 4156 Pre-

343 4209 571 4299 dicatorum,
591 4211 750 4289 testibus
767 4212 815 4288 ad
830 4211 901 4289 hec
919 4213 1056 4290 vocatis
1077 4230 1114 4289 et
1134 4213 1285 4321 rogatis.

399 4474 446 4551 Et
465 4500 534 4580 ego
554 4472 716 4551 Amisius
737 4474 782 4551 de
797 4472 998 4552 Aureliano
1015 4474 1135 4552 dictus
1147 4475 1183 4552 le
1199 4473 1313 4566 Ratis,
1337 4474 1516 4561 clericus,
1539 4488 1768 4550 sacrosancte

342 4606 509 4681 Romane
529 4605 683 4682 ecclesie
703 4607 920 4683 auctoritate
940 4606 1106 4684 notarius
1124 4606 1311 4712 publicus,
1332 4605 1522 4712 premissis
1535 4605 1771 4712 juramento-

342 4763 428 4818 rum
448 4736 742 4838 prestacionibus
765 4754 802 4814 et
823 4737 1121 4816 confessionibus
1142 4755 1180 4815 et
1205 4738 1383 4816 omnibus
1412 4737 1495 4814 aliis
1526 4753 1564 4813 et
1593 4733 1767 4842 singulis,

343 4882 454 4972 prout
473 4865 512 4942 in
533 4884 630 4944 carta
649 4896 715 4945 seu
730 4869 835 4974 pecia
853 4870 1017 4973 presenti
1034 4888 1071 4947 et
1088 4868 1380 4975 precedentibus
1399 4869 1506 4977 signo
1519 4894 1607 4945 meo
1621 4864 1770 4974 signatis
