4236 5948
742 500 934 591 Procas
961 518 1057 589 nos
1085 518 1381 593 ratramnus.
1701 527 1772 598 ns

351 659 578 739 teruenirent
592 656 720 735 illicita
739 657 942 737 confessam
964 686 1032 764 per
1052 685 1151 735 eum.
1174 661 1390 767 Requisitus
1411 662 1441 739 si
1462 661 1605 738 viderat
1626 661 1772 768 aliquos

351 788 464 895 recipi
480 789 518 865 in
537 787 687 877 ordine,
704 788 898 895 respondit
911 789 1017 896 quod
1034 789 1175 867 multos
1194 790 1338 869 viderat
1355 791 1490 897 recipi,
1509 817 1672 897 quorum
1693 819 1771 869 non

351 919 512 999 habebat
529 919 723 1007 noticiam,
746 921 785 996 in
802 948 966 1026 quorum
983 920 1269 1025 reoepcionibus
1283 921 1341 999 vel
1358 940 1443 1029 post
1462 921 1578 999 nichil
1593 922 1686 999 vidit
1702 950 1773 1001 nec

350 1051 452 1128 scivit
471 1050 554 1127 fieri
575 1049 767 1139 illicitum
794 1050 914 1128 credit
937 1067 1064 1126 tamen
1082 1051 1187 1157 quod
1206 1069 1292 1158 post
1303 1051 1382 1130 luit
1402 1052 1541 1130 lactum
1561 1068 1600 1129 et
1627 1053 1772 1131 dictum

350 1181 452 1288 quod
475 1181 649 1287 deposuit
669 1209 708 1258 se
723 1179 853 1258 fecisse
869 1198 906 1258 et
919 1180 990 1258 sibi
1008 1182 1151 1258 dictam
1172 1181 1298 1259 luisse.
1321 1185 1434 1272 ltem,
1451 1183 1544 1261 dixit
1557 1211 1596 1260 se
1617 1187 1771 1262 credere

349 1310 450 1416 quod
468 1309 601 1387 [ratres
615 1310 760 1387 ordinis
777 1310 974 1388 crederent
993 1308 1250 1389 ecclesiasticis
1266 1312 1522 1402 sacramentis,
1536 1312 1679 1417 quibus
1691 1315 1770 1418 ipse

349 1440 482 1530 credit,
502 1457 541 1516 et
557 1440 664 1544 quod
679 1467 813 1517 eorum
828 1440 1040 1518 sacerdotes
1056 1440 1182 1517 debite
1199 1441 1445 1520 celebrarent.
1466 1440 1647 1518 Iurabant
1668 1444 1771 1519 ordi·

348 1598 433 1648 nem
458 1598 537 1647 non
559 1569 671 1647 exire.
692 1569 933 1647 Clandestine
965 1569 1261 1675 recipiebantur,
1286 1570 1403 1649 nullis
1432 1570 1669 1677 presentibus
1698 1574 1768 1648 nisi
1851 1550 1855 1557 ⁵

348 1697 525 1778 fratribus
546 1699 706 1789 ordinis,
725 1728 769 1777 ex
789 1728 866 1806 quo
886 1700 1005 1777 credit
1022 1700 1128 1806 quod
1148 1718 1245 1778 esset
1262 1702 1426 1807 suspicio
1447 1719 1574 1778 contra
1599 1730 1673 1778 eos.
1700 1704 1769 1779 Su-

348 1858 413 1936 per
432 1831 601 1909 camisias
617 1860 702 1908 cum
726 1831 865 1937 quibus
880 1830 1055 1939 jacebant
1075 1831 1322 1937 cingebantur
1340 1833 1507 1911 cordulis
1526 1833 1766 1938 supradictis,

348 1962 449 2039 unde
479 1962 654 2039 valebant
681 1962 908 2068 assumptis,
925 1960 1223 2039 Deffendebatur
1248 1963 1302 2039 eis
1330 1990 1398 2069 per
1422 1980 1698 2040 sacramentum
1720 1992 1768 2040 ne
1828 1995 1833 2003 ·

347 2091 552 2169 revelarent
564 2090 816 2196 capitulorum
833 2108 974 2169 secreta
995 2090 1501 2198 necrecepcionismodum,
1517 2110 1555 2169 et
1578 2095 1643 2198 qui
1666 2123 1768 2172 reve-

346 2221 483 2300 lassent
498 2222 658 2330 graviter
677 2220 801 2325 puniti
824 2220 992 2298 fuissent.
1015 2223 1165 2299 Fratres
1185 2221 1346 2299 scientes
1364 2249 1511 2299 errores
1530 2221 1686 2300 luerunt
1705 2253 1770 2302 ne-

346 2352 525 2462 gligentes
558 2352 754 2458 quianon
782 2367 1025 2431 concremat
1052 2379 1117 2428 eos
1146 2379 1215 2430 nec
1245 2352 1568 2430 denunciavenmt
1593 2354 1764 2432 Ecclesia.

345 2481 536 2559 Decimam
555 2497 700 2586 partem
721 2497 759 2559 et
772 2480 871 2558 ultra
885 2480 991 2586 panis
1009 2479 1149 2557 dabant
1163 2508 1292 2558 amors
1313 2482 1401 2572 Dei,
1424 2499 1462 2558 at
1482 2481 1707 2560 elemosinas
1729 2501 1770 2560 et

344 2609 635 2717 hospitalitatem
650 2610 745 2688 vidit
764 2611 1031 2688 convenienter
1047 2608 1130 2687 fieri
1152 2628 1190 2687 ct
1208 2611 1345 2687 servari
1361 2612 1401 2687 in
1425 2611 1603 2688 domibus
1624 2613 1768 2687 ordinis

344 2741 533 2848 inquibus
550 2741 688 2818 exstitit
701 2757 966 2818 commoratus.
984 2739 1172 2846 Capitolia
1185 2740 1385 2846 singularia
1398 2742 1493 2819 vidit
1506 2743 1627 2818 teneri
1640 2742 1766 2820 clauso

343 2871 454 2959 ostio,
476 2869 592 2947 nullis
613 2870 852 2975 presentibus
871 2869 944 2946 nisi
964 2869 1142 2948 fratribus
1166 2869 1326 2959 ordinis3
1353 2871 1393 2946 in
1411 2897 1489 2973 quo
1513 2888 1652 2946 servata
1675 2871 1766 2947 bris-

345 3017 425 3076 sent
443 2999 546 3077 licita
559 3028 627 3105 per
641 3000 860 3108 Magistrum
886 3028 974 3076 cum
995 3015 1185 3076 conventu
1202 2999 1390 3089 ordinatam
1413 3016 1543 3075 contra
1567 3027 1682 3104 quem
1707 3029 1768 3076 or·

345 3128 472 3206 dinem
488 3157 591 3206 nunc
607 3129 762 3236 grandia
782 3113 974 3217 scandala,
992 3127 1155 3235 suspicio
1168 3144 1208 3205 et
1223 3126 1376 3205 infamia
1392 3144 1481 3206 sunt
1500 3147 1643 3219 exorta;
1659 3133 1766 3237 cujus

343 3258 521 3336 fratribus
535 3258 655 3337 credit
669 3258 784 3337 luisse
803 3277 892 3338 nota
913 3238 1044 3336 illicita
1055 3287 1124 3366 per
1143 3287 1232 3335 eum
1253 3256 1468 3336 confessata.

397 3388 614 3494 Requisitus
626 3390 655 3467 si
665 3389 718 3466 sic
735 3389 961 3495 deposuerat
975 3417 1102 3496 prece,
1120 3407 1315 3495 precepto,
1328 3389 1482 3477 timore,
1496 3417 1639 3476 amore,
1654 3393 1763 3478 odio,

343 3515 397 3592 vel
417 3518 617 3623 temporali
636 3519 799 3595 comodo
820 3519 951 3597 habito
966 3520 1025 3597 vel
1042 3519 1232 3609 habendo,
1248 3520 1446 3625 rospondit
1462 3519 1567 3626 quod
1583 3518 1676 3607 noir,
1699 3521 1767 3598 sed

343 3646 582 3750 proceritate
606 3647 783 3738 dicenda3
805 3649 865 3726 cui
886 3649 959 3727 luit
982 3650 1193 3758 injunctum
1224 3650 1329 3756 quod
1350 3677 1426 3726 non
1451 3649 1649 3728 revellaret
1672 3651 1766 3727 hanc

342 3805 447 3854 suam
477 3778 774 3884 deposicioaem,
801 3807 1002 3886 quormque
1031 3780 1292 3857 attestaciones
1321 3779 1463 3856 luerint
1492 3779 1697 3884 publicate;
1728 3798 1766 3857 et

342 3934 418 3983 non
439 3906 630 3985 obtulerat
650 3937 690 3985 se
710 3908 759 3984 ad
779 3907 1053 3985 deffensionem
1076 3909 1230 3987 ordinis.

396 4169 525 4274 Frater
532 4168 726 4274 Philippus
741 4168 910 4248 Grisselli
923 4171 1087 4248 serviens
1099 4230 1107 4259 ,
1121 4169 1380 4248 Noviomensis
1392 4167 1567 4258 diocesis,
1578 4169 1683 4245 testis
1703 4199 1766 4245 su·

342 4325 406 4401 pra
419 4298 587 4403 juratuS,
603 4327 695 4380 mv
711 4328 898 4379 annorum
912 4299 970 4379 vel
986 4300 1100 4391 circa,
1116 4301 1202 4407 qui,
1219 4315 1418 4406 postquam
1435 4297 1630 4377 absolutus
1650 4316 1688 4374 et
1707 4327 1766 4373 re-
1899 4356 1903 4362 .

341 4427 558 4507 conciliatus
571 4429 643 4508 luit
653 4460 720 4536 per
737 4430 934 4509 dominum
952 4430 1171 4539 episcopum
1188 4429 1455 4518 Parisiensam,
1470 4426 1692 4506 mantellum
1709 4428 1765 4502 di·

341 4556 492 4636 miserat
506 4577 545 4636 et
561 4561 641 4638 radi
663 4561 801 4640 [eoerm
815 4561 887 4639 sibi
902 4561 1079 4652 barbam,
1096 4559 1203 4639 lectis
1221 4577 1260 4636 et
1276 4557 1479 4665 diligenter
1498 4557 1672 4664 expositis
1693 4556 1764 4634 sibi

343 4686 519 4765 omnibns
529 4707 567 4766 et
577 4690 737 4797 singulis
745 4690 935 4780 articulis,
946 4691 1104 4797 repetita
1112 4686 1501 4797 protestacionequod
1514 4715 1592 4766 non
1603 4687 1766 4764 intendit

343 4819 520 4898 recedere
538 4849 559 4897 a
578 4819 821 4926 deposicioue
841 4849 909 4927 per
929 4849 1016 4899 eum
1035 4821 1128 4899 lacta
1147 4847 1272 4898 coram
1292 4817 1395 4896 dicto
1415 4818 1572 4896 domino
1589 4823 1763 4924 episcopo
