4236 5948
735 498 931 593 ruoctis
962 516 1059 590 nus
1090 516 1395 591 iuuentutis.
1700 520 1777 592 rso

350 688 441 766 pum
456 657 719 750 Parisiensem,
732 658 838 736 lectis
850 677 890 736 et
904 656 1106 765 diligenter
1116 657 1372 762 expositissibi
1384 656 1564 735 omnibns
1573 658 1778 765 etsingulis

348 791 533 880 articulis,
551 791 746 895 respondit
766 791 869 896 quod
888 817 1083 895 nunqnam
1109 788 1251 867 viderat
1274 787 1440 895 aliquem
1459 786 1577 865 alium
1603 789 1718 894 recipi
1740 788 1778 863 in

349 921 501 1010 ordine,
521 918 625 998 unde
638 920 844 1008 nesciebat,
866 948 936 996 nee
955 918 1152 1008 credebat,
1171 947 1241 995 nec
1260 918 1451 995 audiverat
1471 918 1547 994 diei
1564 916 1613 995 de
1631 935 1781 994 conten·

348 1052 395 1129 tis
411 1053 449 1128 in
466 1053 520 1129 eis
540 1052 611 1128 nisi
626 1052 732 1157 quod
747 1051 919 1158 sequitur
935 1084 944 1128 z
963 1050 1139 1128 videlicet
1153 1053 1275 1156 quod,
1294 1049 1362 1126 illo
1380 1077 1480 1127 anno
1496 1078 1572 1154 quo
1588 1048 1690 1127 ileon
1707 1049 1780 1129 luit

348 1184 566 1288 perditum,
595 1183 673 1287 ipse
697 1182 803 1258 testis
829 1181 901 1258 luit
928 1198 1100 1287 receptus
1129 1182 1226 1258 ultra
1255 1209 1377 1270 mare,
1406 1178 1617 1285 in.capella
1642 1180 1779 1257 domus

350 1312 506 1418 Templi
537 1313 583 1389 de
607 1312 777 1419 Sydona,
804 1341 871 1416 per
900 1312 1053 1388 fratrem
1083 1311 1312 1390 Ademerum
1347 1311 1394 1388 de
1427 1313 1582 1387 Perussa
1614 1309 1776 1401 militem
1852 1326 1857 1333 '

351 1443 561 1549 quondam,
579 1442 816 1548 presentibus
838 1443 985 1519 circiter
1004 1469 1050 1520 xi
1070 1442 1263 1532 fratribus,
1285 1443 1383 1518 inter
1400 1469 1497 1547 quos
1518 1457 1623 1517 erant
1645 1439 1778 1519 [ratres

350 1574 530 1649 Ricardus
543 1589 581 1649 et
592 1573 836 1679 Raymundus
849 1573 1048 1679 Stephani,
1066 1572 1297 1650 Guillelmus
1308 1573 1355 1649 de
1368 1574 1517 1676 Ruppe,
1533 1570 1777 1676 Raymundus

351 1704 600 1808 d’Espinasses
615 1702 774 1790 milites,
789 1706 923 1781 Petrus
937 1706 1143 1781 Tarassone
1166 1705 1213 1782 de
1232 1688 1571 1809 Lingua'Occitana
1593 1702 1774 1788 serviens,

350 1863 446 1941 quos
466 1835 586 1911 credit
605 1864 685 1912 esse
705 1836 744 1910 in
765 1836 919 1941 Chipro.
941 1836 1071 1940 Aque
1091 1852 1300 1941 receptore,
1318 1864 1403 1910 cum
1425 1836 1504 1939 ipse
1519 1834 1624 1910 testis
1645 1831 1778 1911 suisset

350 1966 569 2072 peregrinus
586 1966 685 2044 ultra
705 1994 807 2043 mare
832 1984 870 2043 et
891 1965 1111 2044 defficerent
1131 1964 1203 2042 sibi
1230 1993 1405 2070 expense,
1429 1963 1622 2070 requisivit
1645 1991 1713 2068 per
1736 1991 1775 2039 se

353 2112 389 2172 et
403 2124 472 2202 per
482 2096 621 2172 amicos
632 2124 720 2172 suos
733 2124 772 2173 se
783 2096 831 2173 ad
847 2097 989 2174 dictum
1007 2098 1180 2175 ordinem
1198 2096 1332 2201 recipi3
1349 2111 1484 2172 etcum
1501 2095 1534 2171 ei
1553 2121 1775 2200 responsum

350 2225 481 2302 luisset
499 2226 603 2330 quod
619 2224 717 2300 bene
735 2223 978 2312 deliberaret,
994 2226 1079 2331 quia
1097 2243 1289 2332 oporteret
1308 2254 1429 2301 cuma
1445 2253 1485 2301 se
1500 2225 1672 2301 abdicare
1689 2254 1776 2331 pro·

350 2356 466 2461 priam
482 2354 732 2442 voluntatem,
755 2371 792 2430 et
810 2353 929 2431 multa
946 2357 1039 2432 dura
1053 2373 1091 2441 et
1105 2384 1232 2460 aspera
1248 2356 1450 2447 sustinere,
1477 2373 1514 2432 et
1529 2357 1607 2461 ipse
1620 2383 1776 2463 respon·

350 2485 464 2562 disset
479 2486 583 2592 quod
597 2484 694 2562 bene
713 2485 839 2561 omnia
859 2486 1079 2576 sustineret,
1103 2486 1284 2562 concessit
1300 2486 1423 2563 dictus
1439 2503 1625 2591 receptor,
1647 2487 1695 2561 de
1713 2515 1775 2563 vo·

350 2615 491 2693 luntate
511 2615 689 2704 aliorum,
709 2615 814 2720 quod
825 2615 1011 2721 reciperet
1024 2617 1298 2721 eum,prestito
1316 2616 1419 2721 prius
1432 2644 1499 2721 per
1513 2616 1773 2721 juramentum

349 2743 458 2822 abeo
478 2745 581 2850 quod
601 2760 680 2821 erat
696 2742 821 2820 bonus
836 2745 1084 2836 Christianus,
1102 2763 1140 2822 et
1157 2745 1262 2852 quod
1280 2774 1357 2822 non
1378 2760 1457 2822 erat
1476 2747 1775 2822 excommunica-

348 2891 426 2967 tus,
446 2903 516 2952 nec
527 2876 689 2953 habebat
701 2875 958 2953 infirmitatem
969 2877 1168 2968 latentem,
1190 2905 1259 2954 nec
1275 2894 1354 2954 erat
1368 2877 1474 2953 alteri
1490 2876 1683 2983 religioni,
1699 2906 1773 2954 ma-

348 3006 527 3083 trimonio
538 3034 608 3082 nec
617 3006 755 3084 debitis
768 3036 841 3112 que
852 3035 930 3084 non
941 3026 1068 3113 posset
1078 3009 1223 3086 solvere
1235 3009 1434 3116 obligatus,
1450 3026 1488 3084 et
1498 3007 1591 3084 dixit
1605 3007 1639 3083 ei
1652 3009 1768 3113 quod,

348 3136 378 3211 si
396 3135 600 3242 aliquidex
617 3138 796 3244 predictis
816 3138 1097 3245 impedimentis
1117 3169 1159 3217 ex
1179 3140 1378 3247 postfacto
1398 3140 1628 3246 reperiretur
1646 3140 1685 3216 in
1705 3168 1768 3227 eo,

217 3272 223 3277 ’
346 3266 594 3371 expelleretur
607 3268 656 3343 de
667 3267 801 3345 ordine
812 3269 1036 3374 supradicto.
1050 3271 1139 3347 Post
1153 3298 1227 3378 que
1242 3270 1331 3347 lecit
1345 3299 1432 3347 cum
1448 3297 1580 3346 vovere
1596 3287 1634 3346 et
1643 3272 1770 3377 jurare

346 3397 567 3488 castitatem,
590 3396 864 3488 obedienciam,
886 3400 1007 3477 vivere
1028 3401 1107 3477 sine
1127 3402 1297 3507 proprio,
1320 3428 1463 3478 servare
1483 3400 1606 3478 bonos
1625 3429 1714 3477 usus
1732 3418 1771 3479 et

344 3525 461 3603 bonas
476 3526 855 3634 consuetudinesque
870 3545 960 3605 tunc
973 3548 1078 3606 erant
1092 3531 1131 3607 in
1150 3531 1283 3607 ordine
1300 3548 1337 3607 ct
1353 3560 1426 3636 que
1441 3532 1481 3607 in
1496 3548 1690 3636 posterum
1706 3532 1771 3607 im-

344 3659 876 3765 ponerenturperMagistrum
886 3689 973 3737 cum
990 3661 1147 3739 consilio
1159 3661 1456 3768 presbiterorum
1472 3662 1626 3751 ordinis,
1641 3680 1679 3738 et
1691 3691 1769 3741 non

345 3788 526 3867 revelaret
543 3808 683 3868 secreta
699 3791 980 3897 capituliorum,
1003 3791 1051 3868 de
1067 3792 1184 3871 modo
1198 3793 1428 3897 recepcionis
1441 3793 1589 3899 speciali
1610 3822 1687 3871 non
1704 3794 1769 3870 ha·

347 3918 423 3997 bita
442 3922 712 4010 mencione3et
727 3922 904 4028 imposito
922 3922 992 4000 sibi
1011 3922 1209 4013 mantello,
1227 3941 1400 4030 receptor
1415 3942 1454 4001 et
1465 3941 1627 4000 astantes
1638 3923 1769 4000 fratres

344 4049 390 4125 de
411 4051 554 4157 Lingua
572 4052 747 4130 Occitana
767 4052 921 4129 luerunt
937 4053 975 4129 in
991 4080 1057 4131 ore
1072 4053 1228 4130 osculati
1243 4055 1432 4131 eumdem.
1451 4055 1625 4158 Postque
1647 4053 1768 4129 dictus

348 4199 517 4286 receptor
527 4183 701 4261 instruxit
714 4212 801 4260 eum
813 4201 906 4289 quot
918 4184 1304 4262 Puterrtosterdiceret
1316 4185 1498 4289 proberis
1508 4182 1599 4273 suis,
1609 4182 1769 4288 etquali-

344 4327 403 4388 ter
411 4330 556 4418 regeret
568 4342 607 4391 se
624 4317 663 4392 in
679 4315 825 4392 ordine.
842 4316 930 4408 Quo
945 4315 1052 4405 lacto,
1067 4314 1181 4392 frater
1193 4316 1397 4422 Raynerius
1410 4315 1547 4421 Lorgni
1564 4311 1673 4389 miles
1687 4311 1768 4390 Gal-

342 4440 483 4519 licanus
498 4461 537 4519 et
551 4461 627 4521 tres
642 4444 774 4522 fratres
788 4445 1008 4539 servientes,
1026 4473 1189 4552 quorum
1198 4445 1355 4522 uomina
1371 4463 1410 4521 et
1424 4444 1647 4551 cognomina
1660 4445 1766 4552 igno·

340 4590 406 4662 rat,
422 4575 598 4655 dixerunt
613 4576 737 4652 eidem
751 4576 836 4653 testi
847 4577 992 4653 sedenti
1003 4605 1128 4655 coram
1140 4576 1240 4653 dicto
1248 4594 1455 4681 receptore,
1468 4569 1573 4681 quod
1583 4592 1764 4680 surgeret,

343 4703 427 4807 quia
444 4706 626 4783 ducerent
642 4736 730 4784 eum
748 4707 796 4783 ad
812 4707 1052 4785 induendum
1070 4725 1189 4786 vestes
1201 4707 1405 4815 religionis,
1422 4725 1460 4784 et
1474 4735 1559 4784 cum
1577 4705 1766 4782 duxissent
1855 4740 1857 4746 ‘

342 4861 427 4911 eum
439 4839 486 4913 ad
497 4840 699 4916 sacristiam
707 4839 958 4946 propinquam
968 4839 1067 4918 dicte
1081 4839 1246 4929 ecclesie,
1265 4855 1303 4914 et
1312 4839 1495 4916 induisset
1506 4837 1621 4921 dictas
1633 4853 1763 4924 vestes,
1825 4932 1830 4941 Ι

1562 4955 1610 5015 33.
