4236 5948
613 535 809 627 euooss
836 554 932 627 ons
957 554 1261 628 rnuetrnus.
1300 608 1303 622 .
1576 558 1648 632 aar

227 695 423 783 umbilico,
447 712 484 773 et
509 711 637 800 postea
661 696 699 770 in
720 723 802 784 ore,
819 713 868 773 -et
891 713 1056 801 aportata
1081 725 1208 784 cruce,
1235 695 1324 773 lecit
1353 724 1440 772 eum
1469 699 1651 804 abnegare

227 854 306 904 eam
331 845 400 917 ter,
427 843 463 903 et
487 822 677 904 Christum
697 827 763 933 qui
789 828 827 903 in
849 855 891 905 ea
911 856 1039 933 passus
1059 827 1197 916 fuerat,
1221 844 1258 906 et
1277 829 1445 935 precepit
1460 827 1531 905 sibi
1548 829 1653 935 quod

226 987 300 1036 non
323 957 480 1036 haberet
503 985 582 1035 rem
610 985 696 1034 cum
720 959 960 1047 mulieribus,
982 958 1112 1035 dicens
1137 959 1206 1035 sibi
1234 958 1338 1066 quod
1360 958 1446 1035 satis
1472 977 1579 1038 erant
1603 961 1652 1038 de

225 1090 458 1178 hominibus,
485 1088 610 1167 dando
640 1088 710 1166 sibi
738 1090 949 1177 licenciam,
983 1070 1192 1167 secundum
1219 1090 1325 1196 quod
1344 1089 1414 1168 sibi
1443 1089 1649 1180 videbatur,

225 1222 326 1327 quod
347 1221 503 1298 haberet
517 1248 596 1298 rem
617 1221 813 1299 carnaliter
832 1250 919 1299 cum
940 1221 1169 1299 hominibus.

279 1353 493 1460 Requisitus
512 1381 580 1458 per
594 1354 852 1461 juramentum
878 1384 992 1432 suum·
1008 1373 1135 1433 utrum
1159 1356 1209 1444 vi,
1235 1353 1292 1430 vel
1314 1369 1418 1429 metu
1444 1370 1651 1430 tormento-

165 1532 170 1544 ·
225 1510 322 1572 rum,
335 1482 393 1560 vel
408 1485 545 1561 timore
563 1484 720 1592 alicujus
731 1514 843 1591 pene,
862 1515 929 1563 sen
943 1484 1015 1563 alia
1032 1512 1267 1594 quacumque
1280 1485 1328 1562 de
1343 1513 1466 1574 causa,
1484 1484 1649 1590 aliquam

224 1613 417 1691 falsitatem
432 1614 599 1704 dixisset,
610 1614 667 1694 vel
679 1616 869 1693 veritatem
887 1616 1075 1705 tacuisset,
1086 1616 1178 1694 dixit
1190 1642 1257 1721 per
1263 1614 1521 1722 juramentum
1536 1641 1648 1692 suum

225 1744 326 1850 quod
344 1773 436 1835 non,
460 1747 576 1822 immo
596 1774 739 1822 meram
763 1765 800 1824 et
826 1775 956 1854 puram
976 1747 1169 1825 veritatem
1190 1744 1298 1833 dixit,
1320 1763 1473 1850 propter
1491 1746 1646 1823 salutem

225 1904 343 1952 anime
367 1905 445 1953 sue.

277 2138 370 2216 ltem
381 2168 493 2229 anno,
509 2141 717 2229 indicione,
732 2168 876 2228 mense,
893 2142 978 2233 die,
1000 2141 1220 2247 pontificatu
1231 2158 1269 2218 et
1282 2168 1381 2217 anno
1397 2139 1590 2246 predictis,
1609 2143 1648 2216 in

222 2269 377 2375 predicti
398 2271 643 2378 inquisitoris,
665 2287 834 2348 nostrum
852 2272 1083 2349 notariorum
1105 2288 1142 2347 et
1156 2273 1309 2348 testium
1330 2269 1647 2376 infrascriptorum

220 2401 410 2504 presencia
435 2401 677 2508 personaliter
701 2404 925 2479 constitutus
950 2400 1062 2479 srate'r
1086 2403 1272 2479 lohannes
1301 2400 1348 2477 de
1376 2403 1513 2479 Sancto
1540 2404 1648 2509 Lupo

221 2532 394 2638 magister
413 2532 548 2609 domus
568 2532 616 2608 de
637 2533 801 2611 Soisiaco
817 2533 920 2639 juxta
940 2532 1226 2621 Taverniacum‚
1243 2532 1512 2638 quinquaginta
1532 2560 1648 2610 anno·

220 2687 302 2737 rum
317 2661 375 2738 vel
394 2663 508 2751 circa,
534 2679 577 2739 ut
597 2662 760 2750 dicebat,
786 2662 919 2739 eodem
939 2662 1059 2748 modo¹
1070 2663 1216 2767 juratus
1240 2663 1365 2738 dicere
1384 2662 1431 2737 de
1453 2679 1547 2738 sect
1566 2662 1646 2740 aliis

220 2792 257 2867 in
279 2819 386 2870 causa
406 2792 496 2870 fidei
515 2822 648 2899 puram
668 2813 704 2870 et
726 2792 908 2900 integram
928 2794 1135 2883 veritatem,
1159 2809 1197 2870 et
1215 2795 1464 2899 interrogatus
1482 2792 1529 2868 de
1549 2809 1647 2870 tem-

219 2951 309 3026 pore
326 2941 363 3001 et
378 2924 494 3002 modo
514 2925 743 3030 receptionis
763 2953 828 3002 sue
850 2925 888 3001 in
909 2926 1042 3003 ordine
1062 2924 1377 3031 Templariorum,
1395 2923 1486 3000 dixit
1505 2951 1573 3029 per
1582 2925 1646 3030 ju-

219 3071 428 3130 ramentum
455 3082 564 3130 suum
590 3055 695 3160 quod
718 3055 845 3161 viginti
871 3057 957 3132 anni
985 3072 1074 3132 sunt
1103 3055 1216 3163 elapsi
1242 3054 1348 3162 quod
1374 3071 1546 3159 receptus
1575 3052 1645 3131 luit

219 3183 317 3288 apud
337 3184 589 3291 Latigniacum
607 3186 773 3275 Siccum,
795 3210 863 3292 per
885 3187 1090 3294 quemdam
1115 3187 1265 3265 fratrem
1291 3185 1378 3262 dicti
1405 3184 1550 3262 ordinis
1577 3184 1643 3290 qui

218 3313 415 3391 vocabatur
436 3316 550 3393 frater
573 3317 746 3394 Nicolaus
772 3318 1006 3428 Flamingus,
1034 3335 1072 3395 et
1094 3316 1166 3394 fuit
1190 3333 1362 3422 receptus
1391 3314 1438 3392 de
1467 3315 1643 3394 mandato

217 3445 337 3522 fratris
356 3447 536 3525 lobannis
551 3447 599 3524 de
615 3450 745 3526 Turno
760 3466 851 3526 tunc
864 3449 1087 3528 thesaurarii
1102 3448 1281 3537 Parisios,
1302 3446 1540 3555 presentibus
1553 3464 1644 3524 tunc

216 3575 395 3655 fratribus
414 3578 614 3685 Radulpho
635 3580 683 3656 de
698 3580 941 3672 Hardeviller‚
960 3600 997 3660 et
1011 3581 1124 3659 fratre
1144 3581 1335 3668 Deodat0,
1358 3596 1396 3655 et
1414 3577 1643 3687 quibusdem

217 3705 295 3785 aliis
311 3707 486 3786 fratribus
504 3708 593 3786 dicti
615 3711 773 3800 ordinis,
791 3712 839 3788 de
860 3741 1022 3819 quorum
1036 3712 1253 3790 nominibus
1271 3738 1347 3789 non
1363 3710 1591 3800 recordatur,
1605 3728 1645 3788 et
1735 3754 1736 3758 =

216 3838 287 3916 fuit
306 3868 391 3917 curn
410 3869 458 3919 eo
479 3859 651 3949 receptus
670 3843 784 3921 frater
800 3845 991 3924 lohannes
1016 3845 1063 3921 de
1082 3844 1291 3922 Balemont.
1312 3843 1414 3920 Dixit
1438 3842 1555 3919 eciam
1575 3871 1644 3948 per

210 3970 467 4073 juramentum
486 4001 598 4051 suum
614 3974 735 4080 quod,
762 3993 847 4080 post
873 3974 1010 4054 multas
1030 3974 1298 4082 promissiones
1314 3973 1361 4051 ab
1379 3972 1469 4079 ipsis
1483 3974 1642 4078 receptis

215 4098 341 4189 lactas,
372 4122 486 4208 super
517 4104 743 4211 quibusdam
771 4105 1018 4184 observanciis
1051 4106 1159 4196 dieti,
1173 4096 1330 4208 ordiale,
1359 4104 1432 4180 luit
1460 4101 1640 4178 traditaun

215 4231 431 4309 mantellum
450 4234 508 4311 illi
529 4235 594 4341 qui
615 4235 791 4342 loquitur,
809 4252 846 4312 et
861 4254 987 4341 postea
1001 4235 1073 4313 luit
1084 4221 1158 4343 pei
1177 4235 1273 4313 duos
1292 4233 1422 4312 fratres
1443 4234 1577 4310 ductus
1592 4233 1641 4310 ad

215 4379 374 4464 partem,
392 4382 429 4440 et
449 4364 522 4443 luit
540 4366 757 4472 compulsus
777 4395 845 4473 per
864 4395 928 4445 eos
948 4368 1132 4473 abnegare
1150 4367 1306 4444 lhesum
1327 4366 1520 4444 Christum
1534 4365 1641 4471 cujus

214 4518 343 4599 ymago
370 4512 448 4572 erat
472 4496 618 4603 depicta
645 4497 682 4573 in
705 4498 868 4603 quadam
895 4527 1003 4575 cruce
1034 4525 1108 4604 que
1137 4498 1334 4575 tenebatur
1360 4524 1484 4574 coram
1512 4522 1573 4581 eo,
1604 4512 1641 4572 et

213 4648 346 4726 spuere
372 4627 488 4703 semel
512 4656 623 4735 supra
642 4657 791 4706 crucem
809 4629 1026 4734 predictam.
1049 4629 1150 4705 Dixit
1169 4628 1640 4734 eciam-perjuramentum

213 4780 322 4829 suum
343 4756 447 4862 quod
465 4756 537 4835 fuit
559 4759 629 4835 sihi
650 4759 859 4866 injunctum
887 4788 956 4867 per
976 4788 1041 4837 eos
1058 4759 1163 4866 quod
1181 4785 1257 4836 non
1277 4757 1433 4836 baberet
1452 4780 1533 4834 rem
1553 4782 1638 4834 curn

214 4883 451 4975 mulieribus,
477 4889 546 4965 sed
569 4889 600 4967 si
627 4890 818 4967 continere
844 4917 918 4970 non
943 4909 1086 4997 posset,
1113 4889 1371 4970 commisceret
1388 4915 1429 4968 se
1445 4887 1638 4967 carnaliter
