<?xml version="1.0" encoding="UTF-8"?>
<!DOCTYPE html PUBLIC "-//W3C//DTD XHTML 1.0 Transitional//EN"
    "http://www.w3.org/TR/xhtml1/DTD/xhtml1-transitional.dtd">
<html xmlns="http://www.w3.org/1999/xhtml" xml:lang="en" lang="en">
 <head>
  <title>
</title>
<meta http-equiv="Content-Type" content="text/html;charset=utf-8" />
  <meta name='ocr-system' content='tesseract 3.04.00' />
  <meta name='ocr-capabilities' content='ocr_page ocr_carea ocr_par ocr_line ocrx_word'/>
</head>
<body>
  <div class='ocr_page' id='page_1' title='image "./procsdestemplie00defegoog/procsdestemplie00defegoog_0222.png"; bbox 0 0 4236 5948; ppageno 0'>
   <div class='ocr_carea' id='block_1_1' title="bbox 347 503 1391 597">
    <p class='ocr_par' dir='ltr' id='par_1_1' title="bbox 347 503 1391 597">
     <span class='ocr_line' id='line_1_1' title="bbox 347 503 1391 597; baseline -0.003 -3"><span class='ocrx_word' id='word_1_1' title='bbox 347 527 422 597; x_wconf 80' lang='lat'><strong>200</strong></span> <span class='ocrx_word' id='word_1_2' title='bbox 727 503 926 593; x_wconf 75' lang='lat' dir='ltr'><strong>procus</strong></span> <span class='ocrx_word' id='word_1_3' title='bbox 956 519 1053 592; x_wconf 82' lang='lat' dir='ltr'><strong>nas</strong></span> <span class='ocrx_word' id='word_1_4' title='bbox 1085 519 1391 593; x_wconf 74' lang='lat' dir='ltr'><strong>inuramus</strong></span> 
     </span>
    </p>
   </div>
   <div class='ocr_carea' id='block_1_2' title="bbox 118 657 1772 767">
    <p class='ocr_par' dir='ltr' id='par_1_2' title="bbox 118 657 1772 767">
     <span class='ocr_line' id='line_1_2' title="bbox 118 657 1772 767; baseline 0.002 -28"><span class='ocrx_word' id='word_1_5' title='bbox 118 672 123 687; x_wconf 84' lang='lat'>&#39;</span> <span class='ocrx_word' id='word_1_6' title='bbox 218 735 221 741; x_wconf 87' lang='lat'>.</span> <span class='ocrx_word' id='word_1_7' title='bbox 346 691 427 750; x_wconf 83' lang='lat' dir='ltr'><strong>suo,</strong></span> <span class='ocrx_word' id='word_1_8' title='bbox 448 680 484 738; x_wconf 89' lang='lat' dir='ltr'><strong>et</strong></span> <span class='ocrx_word' id='word_1_9' title='bbox 499 659 707 741; x_wconf 84' lang='lat' dir='ltr'><strong>Guillelmo</strong></span> <span class='ocrx_word' id='word_1_10' title='bbox 723 660 888 767; x_wconf 84' lang='lat' dir='ltr'><strong>Bergerii</strong></span> <span class='ocrx_word' id='word_1_11' title='bbox 910 658 1102 765; x_wconf 90' lang='lat' dir='ltr'><strong>quondam</strong></span> <span class='ocrx_word' id='word_1_12' title='bbox 1132 657 1392 747; x_wconf 89' lang='lat' dir='ltr'><strong>servientibus,</strong></span> <span class='ocrx_word' id='word_1_13' title='bbox 1416 659 1454 734; x_wconf 93' lang='lat' dir='ltr'><strong>in</strong></span> <span class='ocrx_word' id='word_1_14' title='bbox 1471 660 1574 738; x_wconf 91' lang='lat' dir='ltr'><strong>hunc</strong></span> <span class='ocrx_word' id='word_1_15' title='bbox 1588 664 1772 742; x_wconf 88' lang='lat' dir='ltr'><strong>modum:</strong></span> 
     </span>
    </p>
   </div>
   <div class='ocr_carea' id='block_1_3' title="bbox 342 789 1783 4939">
    <p class='ocr_par' dir='ltr' id='par_1_3' title="bbox 342 789 1783 4939">
     <span class='ocr_line' id='line_1_3' title="bbox 346 789 1773 900; baseline 0.004 -31"><span class='ocrx_word' id='word_1_16' title='bbox 346 823 431 870; x_wconf 89' lang='lat' dir='ltr'><strong>nam</strong></span> <span class='ocrx_word' id='word_1_17' title='bbox 454 822 541 870; x_wconf 91' lang='lat' dir='ltr'><strong>cum</strong></span> <span class='ocrx_word' id='word_1_18' title='bbox 562 793 767 870; x_wconf 91' lang='lat' dir='ltr'><strong>instructus</strong></span> <span class='ocrx_word' id='word_1_19' title='bbox 786 791 960 898; x_wconf 89' lang='lat' dir='ltr'><strong>peciisset</strong></span> <span class='ocrx_word' id='word_1_20' title='bbox 978 806 1037 866; x_wconf 91' lang='lat' dir='ltr'><strong>ter</strong></span> <span class='ocrx_word' id='word_1_21' title='bbox 1058 818 1144 865; x_wconf 91' lang='lat' dir='ltr'><strong>cum</strong></span> <span class='ocrx_word' id='word_1_22' title='bbox 1165 789 1346 866; x_wconf 76' lang='lat' dir='ltr'><strong>instancia</strong></span> <span class='ocrx_word' id='word_1_23' title='bbox 1363 790 1437 888; x_wconf 70' lang='lat' dir='ltr'><strong>⁴sibi</strong></span> <span class='ocrx_word' id='word_1_24' title='bbox 1459 792 1615 870; x_wconf 90' lang='lat' dir='ltr'><strong>concedi</strong></span> <span class='ocrx_word' id='word_1_25' title='bbox 1634 823 1773 900; x_wconf 89' lang='lat' dir='ltr'><strong>panem</strong></span> 
     </span>
     <span class='ocr_line' id='line_1_4' title="bbox 346 912 1774 1031; baseline 0.001 -31"><span class='ocrx_word' id='word_1_26' title='bbox 346 943 383 1000; x_wconf 89' lang='lat' dir='ltr'><strong>et</strong></span> <span class='ocrx_word' id='word_1_27' title='bbox 405 952 560 1031; x_wconf 91' lang='lat' dir='ltr'><strong>aquam,</strong></span> <span class='ocrx_word' id='word_1_28' title='bbox 576 921 792 998; x_wconf 88' lang='lat' dir='ltr'><strong>societatem</strong></span> <span class='ocrx_word' id='word_1_29' title='bbox 813 937 851 997; x_wconf 90' lang='lat' dir='ltr'><strong>et</strong></span> <span class='ocrx_word' id='word_1_30' title='bbox 870 920 1046 998; x_wconf 89' lang='lat' dir='ltr'><strong>vestitum</strong></span> <span class='ocrx_word' id='word_1_31' title='bbox 1067 917 1227 1010; x_wconf 86' lang='lat' dir='ltr'>ordinis,</span> <span class='ocrx_word' id='word_1_32' title='bbox 1246 937 1283 996; x_wconf 93' lang='lat' dir='ltr'><strong>et</strong></span> <span class='ocrx_word' id='word_1_33' title='bbox 1302 919 1425 997; x_wconf 90' lang='lat' dir='ltr'><strong>dictus</strong></span> <span class='ocrx_word' id='word_1_34' title='bbox 1444 940 1617 1028; x_wconf 89' lang='lat' dir='ltr'><strong>receptor</strong></span> <span class='ocrx_word' id='word_1_35' title='bbox 1629 925 1664 1001; x_wconf 87' lang='lat' dir='ltr'><strong>ei</strong></span> <span class='ocrx_word' id='word_1_36' title='bbox 1682 912 1774 1004; x_wconf 87' lang='lat' dir='ltr'><strong>con·</strong></span> 
     </span>
     <span class='ocr_line' id='line_1_5' title="bbox 346 1051 1774 1162; baseline 0.001 -30"><span class='ocrx_word' id='word_1_37' title='bbox 346 1056 528 1143; x_wconf 82' lang='lat' dir='ltr'>cessisset,</span> <span class='ocrx_word' id='word_1_38' title='bbox 551 1052 641 1130; x_wconf 82' lang='lat' dir='ltr'><strong>fecit</strong></span> <span class='ocrx_word' id='word_1_39' title='bbox 660 1080 748 1127; x_wconf 90' lang='lat' dir='ltr'><strong>eum</strong></span> <span class='ocrx_word' id='word_1_40' title='bbox 769 1079 900 1129; x_wconf 90' lang='lat' dir='ltr'><strong>vovere</strong></span> <span class='ocrx_word' id='word_1_41' title='bbox 922 1068 960 1128; x_wconf 90' lang='lat' dir='ltr'><strong>et</strong></span> <span class='ocrx_word' id='word_1_42' title='bbox 978 1051 1107 1158; x_wconf 88' lang='lat' dir='ltr'><strong>jurare</strong></span> <span class='ocrx_word' id='word_1_43' title='bbox 1131 1078 1244 1155; x_wconf 91' lang='lat' dir='ltr'><strong>super</strong></span> <span class='ocrx_word' id='word_1_44' title='bbox 1269 1051 1472 1156; x_wconf 87' lang='lat' dir='ltr'><strong>quemdam</strong></span> <span class='ocrx_word' id='word_1_45' title='bbox 1500 1052 1640 1131; x_wconf 80' lang='lat' dir='ltr'><strong>librum</strong></span> <span class='ocrx_word' id='word_1_46' title='bbox 1665 1077 1774 1162; x_wconf 82' lang='lat' dir='ltr'><strong>aper·</strong></span> 
     </span>
     <span class='ocr_line' id='line_1_6' title="bbox 345 1181 1783 1290; baseline 0.001 -27"><span class='ocrx_word' id='word_1_47' title='bbox 345 1205 426 1263; x_wconf 90' lang='lat' dir='ltr'><strong>tum</strong></span> <span class='ocrx_word' id='word_1_48' title='bbox 448 1185 670 1270; x_wconf 78' lang='lat' dir='ltr'><strong>castitatem,</strong></span> <span class='ocrx_word' id='word_1_49' title='bbox 692 1181 973 1272; x_wconf 82' lang='lat' dir='ltr'><strong>obedienciam,</strong></span> <span class='ocrx_word' id='word_1_50' title='bbox 988 1181 1109 1257; x_wconf 87' lang='lat' dir='ltr'><strong>vivere</strong></span> <span class='ocrx_word' id='word_1_51' title='bbox 1130 1181 1210 1258; x_wconf 90' lang='lat' dir='ltr'><strong>sine</strong></span> <span class='ocrx_word' id='word_1_52' title='bbox 1227 1182 1392 1288; x_wconf 90' lang='lat' dir='ltr'><strong>proprio,</strong></span> <span class='ocrx_word' id='word_1_53' title='bbox 1416 1201 1453 1259; x_wconf 91' lang='lat' dir='ltr'><strong>et</strong></span> <span class='ocrx_word' id='word_1_54' title='bbox 1472 1184 1576 1290; x_wconf 90' lang='lat' dir='ltr'><strong>quod</strong></span> <span class='ocrx_word' id='word_1_55' title='bbox 1597 1184 1783 1265; x_wconf 85' lang='lat' dir='ltr'><strong>obediret</strong></span> 
     </span>
     <span class='ocr_line' id='line_1_7' title="bbox 345 1310 1773 1422; baseline -0.001 -28"><span class='ocrx_word' id='word_1_56' title='bbox 345 1315 523 1394; x_wconf 92' lang='lat' dir='ltr'><strong>omnibus</strong></span> <span class='ocrx_word' id='word_1_57' title='bbox 546 1310 830 1420; x_wconf 85' lang='lat' dir='ltr'><strong>preceptoribus</strong></span> <span class='ocrx_word' id='word_1_58' title='bbox 845 1312 921 1418; x_wconf 89' lang='lat' dir='ltr'><strong>qui</strong></span> <span class='ocrx_word' id='word_1_59' title='bbox 947 1328 1252 1417; x_wconf 84' lang='lat' dir='ltr'><strong>proponerentur</strong></span> <span class='ocrx_word' id='word_1_60' title='bbox 1276 1312 1420 1402; x_wconf 91' lang='lat' dir='ltr'><strong>eidem,</strong></span> <span class='ocrx_word' id='word_1_61' title='bbox 1448 1330 1486 1390; x_wconf 92' lang='lat' dir='ltr'><strong>et</strong></span> <span class='ocrx_word' id='word_1_62' title='bbox 1513 1343 1658 1392; x_wconf 89' lang='lat' dir='ltr'><strong>servare</strong></span> <span class='ocrx_word' id='word_1_63' title='bbox 1686 1344 1773 1422; x_wconf 80' lang='lat' dir='ltr'><strong>pre-</strong></span> 
     </span>
     <span class='ocr_line' id='line_1_8' title="bbox 344 1442 1772 1551; baseline 0.004 -32"><span class='ocrx_word' id='word_1_64' title='bbox 344 1464 449 1551; x_wconf 87' lang='lat' dir='ltr'><strong>cepta</strong></span> <span class='ocrx_word' id='word_1_65' title='bbox 473 1473 605 1522; x_wconf 93' lang='lat' dir='ltr'><strong>eorum</strong></span> <span class='ocrx_word' id='word_1_66' title='bbox 627 1468 866 1550; x_wconf 86' lang='lat' dir='ltr'><strong>quecumque</strong></span> <span class='ocrx_word' id='word_1_67' title='bbox 885 1459 1025 1529; x_wconf 82' lang='lat' dir='ltr'><strong>essent3</strong></span> <span class='ocrx_word' id='word_1_68' title='bbox 1047 1459 1085 1518; x_wconf 92' lang='lat' dir='ltr'><strong>et</strong></span> <span class='ocrx_word' id='word_1_69' title='bbox 1105 1442 1283 1547; x_wconf 91' lang='lat' dir='ltr'><strong>imposito</strong></span> <span class='ocrx_word' id='word_1_70' title='bbox 1301 1442 1371 1519; x_wconf 90' lang='lat' dir='ltr'><strong>sibi</strong></span> <span class='ocrx_word' id='word_1_71' title='bbox 1390 1443 1588 1536; x_wconf 78' lang='lat' dir='ltr'><strong>manteHO,</strong></span> <span class='ocrx_word' id='word_1_72' title='bbox 1609 1445 1689 1551; x_wconf 88' lang='lat' dir='ltr'><strong>ipse</strong></span> <span class='ocrx_word' id='word_1_73' title='bbox 1713 1475 1772 1525; x_wconf 89' lang='lat' dir='ltr'><strong>re-</strong></span> 
     </span>
     <span class='ocr_line' id='line_1_9' title="bbox 344 1571 1771 1683; baseline 0.002 -31"><span class='ocrx_word' id='word_1_74' title='bbox 344 1594 473 1683; x_wconf 88' lang='lat' dir='ltr'><strong>ceptor</strong></span> <span class='ocrx_word' id='word_1_75' title='bbox 494 1592 532 1652; x_wconf 90' lang='lat' dir='ltr'><strong>et</strong></span> <span class='ocrx_word' id='word_1_76' title='bbox 551 1586 711 1653; x_wconf 84' lang='lat' dir='ltr'><strong>astantes</strong></span> <span class='ocrx_word' id='word_1_77' title='bbox 737 1571 891 1648; x_wconf 78' lang='lat' dir='ltr'><strong>fuerunt</strong></span> <span class='ocrx_word' id='word_1_78' title='bbox 910 1601 998 1650; x_wconf 90' lang='lat' dir='ltr'><strong>eum</strong></span> <span class='ocrx_word' id='word_1_79' title='bbox 1019 1571 1174 1650; x_wconf 77' lang='lat' dir='ltr'><strong>osculati</strong></span> <span class='ocrx_word' id='word_1_80' title='bbox 1200 1573 1240 1648; x_wconf 93' lang='lat' dir='ltr'><strong>in</strong></span> <span class='ocrx_word' id='word_1_81' title='bbox 1268 1601 1351 1664; x_wconf 91' lang='lat' dir='ltr'><strong>ore,</strong></span> <span class='ocrx_word' id='word_1_82' title='bbox 1378 1590 1417 1650; x_wconf 87' lang='lat' dir='ltr'><strong>et</strong></span> <span class='ocrx_word' id='word_1_83' title='bbox 1443 1601 1488 1650; x_wconf 94' lang='lat' dir='ltr'><strong>eo</strong></span> <span class='ocrx_word' id='word_1_84' title='bbox 1514 1574 1697 1655; x_wconf 86' lang='lat' dir='ltr'><strong>instructo</strong></span> <span class='ocrx_word' id='word_1_85' title='bbox 1723 1578 1771 1655; x_wconf 93' lang='lat' dir='ltr'><strong>de</strong></span> 
     </span>
     <span class='ocr_line' id='line_1_10' title="bbox 345 1701 1772 1812; baseline 0.001 -29"><span class='ocrx_word' id='word_1_86' title='bbox 345 1705 582 1784; x_wconf 87' lang='lat' dir='ltr'><strong>observancia</strong></span> <span class='ocrx_word' id='word_1_87' title='bbox 605 1703 842 1812; x_wconf 88' lang='lat' dir='ltr'><strong>jejuniorum</strong></span> <span class='ocrx_word' id='word_1_88' title='bbox 874 1701 1019 1779; x_wconf 87' lang='lat' dir='ltr'><strong>ordinis</strong></span> <span class='ocrx_word' id='word_1_89' title='bbox 1045 1719 1082 1779; x_wconf 89' lang='lat' dir='ltr'><strong>et</strong></span> <span class='ocrx_word' id='word_1_90' title='bbox 1111 1702 1160 1778; x_wconf 92' lang='lat' dir='ltr'><strong>de</strong></span> <span class='ocrx_word' id='word_1_91' title='bbox 1185 1701 1267 1779; x_wconf 89' lang='lat' dir='ltr'><strong>aliis</strong></span> <span class='ocrx_word' id='word_1_92' title='bbox 1292 1703 1420 1793; x_wconf 92' lang='lat' dir='ltr'><strong>licitis,</strong></span> <span class='ocrx_word' id='word_1_93' title='bbox 1450 1703 1573 1781; x_wconf 91' lang='lat' dir='ltr'><strong>dictus</strong></span> <span class='ocrx_word' id='word_1_94' title='bbox 1597 1724 1772 1812; x_wconf 90' lang='lat' dir='ltr'><strong>receptor</strong></span> 
     </span>
     <span class='ocr_line' id='line_1_11' title="bbox 345 1832 1771 1942; baseline 0.003 -31"><span class='ocrx_word' id='word_1_95' title='bbox 345 1837 437 1913; x_wconf 84' lang='lat' dir='ltr'><strong>dixit</strong></span> <span class='ocrx_word' id='word_1_96' title='bbox 449 1837 483 1913; x_wconf 92' lang='lat' dir='ltr'><strong>ei</strong></span> <span class='ocrx_word' id='word_1_97' title='bbox 500 1838 609 1914; x_wconf 80' lang='lat' dir='ltr'><strong>:«Tu</strong></span> <span class='ocrx_word' id='word_1_98' title='bbox 615 1834 748 1942; x_wconf 89' lang='lat' dir='ltr'><strong>jurasti</strong></span> <span class='ocrx_word' id='word_1_99' title='bbox 767 1833 922 1911; x_wconf 90' lang='lat' dir='ltr'><strong>obedire</strong></span> <span class='ocrx_word' id='word_1_100' title='bbox 939 1832 1117 1910; x_wconf 90' lang='lat' dir='ltr'><strong>omnibus</strong></span> <span class='ocrx_word' id='word_1_101' title='bbox 1133 1832 1417 1939; x_wconf 84' lang='lat' dir='ltr'><strong>preceptoribus</strong></span> <span class='ocrx_word' id='word_1_102' title='bbox 1436 1834 1511 1911; x_wconf 92' lang='lat' dir='ltr'><strong>tuis</strong></span> <span class='ocrx_word' id='word_1_103' title='bbox 1530 1851 1567 1911; x_wconf 89' lang='lat' dir='ltr'><strong>et</strong></span> <span class='ocrx_word' id='word_1_104' title='bbox 1586 1838 1771 1941; x_wconf 87' lang='lat' dir='ltr'><strong>preceptis</strong></span> 
     </span>
     <span class='ocr_line' id='line_1_12' title="bbox 345 1962 1769 2073; baseline 0 -29"><span class='ocrx_word' id='word_1_105' title='bbox 345 1996 419 2073; x_wconf 92' lang='lat' dir='ltr'><strong>que</strong></span> <span class='ocrx_word' id='word_1_106' title='bbox 443 1967 514 2046; x_wconf 91' lang='lat' dir='ltr'><strong>tibi</strong></span> <span class='ocrx_word' id='word_1_107' title='bbox 540 1965 693 2056; x_wconf 80' lang='lat' dir='ltr'><strong>fierent3</strong></span> <span class='ocrx_word' id='word_1_108' title='bbox 721 1994 790 2071; x_wconf 89' lang='lat' dir='ltr'><strong>ego</strong></span> <span class='ocrx_word' id='word_1_109' title='bbox 814 1963 899 2041; x_wconf 86' lang='lat' dir='ltr'><strong>volo</strong></span> <span class='ocrx_word' id='word_1_110' title='bbox 925 1963 1084 2069; x_wconf 91' lang='lat' dir='ltr'><strong>probare</strong></span> <span class='ocrx_word' id='word_1_111' title='bbox 1109 1963 1139 2039; x_wconf 94' lang='lat' dir='ltr'><strong>si</strong></span> <span class='ocrx_word' id='word_1_112' title='bbox 1168 1962 1331 2040; x_wconf 92' lang='lat' dir='ltr'><strong>servabis</strong></span> <span class='ocrx_word' id='word_1_113' title='bbox 1354 1964 1460 2070; x_wconf 92' lang='lat' dir='ltr'><strong>quod</strong></span> <span class='ocrx_word' id='word_1_114' title='bbox 1480 1965 1643 2071; x_wconf 85' lang='lat' dir='ltr'><strong>jurasti:</strong></span> <span class='ocrx_word' id='word_1_115' title='bbox 1667 1966 1769 2044; x_wconf 90' lang='lat' dir='ltr'><strong>unde</strong></span> 
     </span>
     <span class='ocr_line' id='line_1_13' title="bbox 345 2094 1770 2204; baseline -0.001 -30"><span class='ocrx_word' id='word_1_116' title='bbox 345 2098 510 2204; x_wconf 91' lang='lat' dir='ltr'><strong>precipio</strong></span> <span class='ocrx_word' id='word_1_117' title='bbox 526 2096 595 2174; x_wconf 89' lang='lat' dir='ltr'><strong>tibi</strong></span> <span class='ocrx_word' id='word_1_118' title='bbox 610 2094 716 2201; x_wconf 91' lang='lat' dir='ltr'><strong>quod</strong></span> <span class='ocrx_word' id='word_1_119' title='bbox 734 2094 896 2202; x_wconf 84' lang='lat' dir='ltr'><strong>abneges</strong></span> <span class='ocrx_word' id='word_1_120' title='bbox 912 2095 1048 2171; x_wconf 92' lang='lat' dir='ltr'><strong>Deum.</strong></span> <span class='ocrx_word' id='word_1_121' title='bbox 1067 2094 1244 2171; x_wconf 82' lang='lat' dir='ltr'><strong>»Etcum</strong></span> <span class='ocrx_word' id='word_1_122' title='bbox 1265 2094 1344 2200; x_wconf 92' lang='lat' dir='ltr'><strong>ipse</strong></span> <span class='ocrx_word' id='word_1_123' title='bbox 1364 2094 1469 2172; x_wconf 92' lang='lat' dir='ltr'><strong>testis</strong></span> <span class='ocrx_word' id='word_1_124' title='bbox 1489 2110 1586 2171; x_wconf 91' lang='lat' dir='ltr'><strong>esset</strong></span> <span class='ocrx_word' id='word_1_125' title='bbox 1603 2095 1770 2202; x_wconf 84' lang='lat' dir='ltr'><strong>stupefa-</strong></span> 
     </span>
     <span class='ocr_line' id='line_1_14' title="bbox 346 2223 1771 2331; baseline -0.001 -28"><span class='ocrx_word' id='word_1_126' title='bbox 346 2244 428 2303; x_wconf 90' lang='lat' dir='ltr'><strong>ctus</strong></span> <span class='ocrx_word' id='word_1_127' title='bbox 448 2227 496 2303; x_wconf 93' lang='lat' dir='ltr'><strong>de</strong></span> <span class='ocrx_word' id='word_1_128' title='bbox 513 2226 613 2303; x_wconf 91' lang='lat' dir='ltr'><strong>dicto</strong></span> <span class='ocrx_word' id='word_1_129' title='bbox 628 2242 822 2331; x_wconf 89' lang='lat' dir='ltr'><strong>precepto,</strong></span> <span class='ocrx_word' id='word_1_130' title='bbox 845 2241 883 2299; x_wconf 92' lang='lat' dir='ltr'><strong>et</strong></span> <span class='ocrx_word' id='word_1_131' title='bbox 900 2224 1100 2329; x_wconf 90' lang='lat' dir='ltr'><strong>respiceret</strong></span> <span class='ocrx_word' id='word_1_132' title='bbox 1119 2224 1418 2314; x_wconf 85' lang='lat' dir='ltr'><strong>circumstantes,</strong></span> <span class='ocrx_word' id='word_1_133' title='bbox 1435 2223 1556 2302; x_wconf 89' lang='lat' dir='ltr'><strong>dictus</strong></span> <span class='ocrx_word' id='word_1_134' title='bbox 1570 2224 1771 2302; x_wconf 84' lang='lat' dir='ltr'><strong>Arnaudus</strong></span> 
     </span>
     <span class='ocr_line' id='line_1_15' title="bbox 344 2352 1768 2462; baseline -0.004 -26"><span class='ocrx_word' id='word_1_135' title='bbox 344 2356 545 2436; x_wconf 84' lang='lat' dir='ltr'><strong>subridens</strong></span> <span class='ocrx_word' id='word_1_136' title='bbox 560 2356 654 2433; x_wconf 83' lang='lat' dir='ltr'><strong>dixit</strong></span> <span class='ocrx_word' id='word_1_137' title='bbox 665 2356 717 2432; x_wconf 89' lang='lat' dir='ltr'><strong>ei:</strong></span> <span class='ocrx_word' id='word_1_138' title='bbox 732 2392 745 2422; x_wconf 80' lang='grc' dir='ltr'>ι</span> <span class='ocrx_word' id='word_1_139' title='bbox 760 2354 874 2442; x_wconf 88' lang='lat' dir='ltr'><strong>Vade,</strong></span> <span class='ocrx_word' id='word_1_140' title='bbox 895 2352 1004 2431; x_wconf 81' lang='lat' dir='ltr'><strong>iacias</strong></span> <span class='ocrx_word' id='word_1_141' title='bbox 1016 2354 1090 2431; x_wconf 90' lang='lat' dir='ltr'><strong>hoc</strong></span> <span class='ocrx_word' id='word_1_142' title='bbox 1108 2381 1249 2432; x_wconf 88' lang='lat' dir='ltr'><strong>secure.</strong></span> <span class='ocrx_word' id='word_1_143' title='bbox 1267 2391 1279 2422; x_wconf 80' lang='grc' dir='ltr'>ι</span> <span class='ocrx_word' id='word_1_144' title='bbox 1295 2355 1342 2431; x_wconf 88' lang='lat' dir='ltr'><strong>Et</strong></span> <span class='ocrx_word' id='word_1_145' title='bbox 1354 2371 1445 2431; x_wconf 91' lang='lat' dir='ltr'><strong>tunc</strong></span> <span class='ocrx_word' id='word_1_146' title='bbox 1461 2354 1561 2432; x_wconf 88' lang='lat' dir='ltr'><strong>dicto</strong></span> <span class='ocrx_word' id='word_1_147' title='bbox 1576 2374 1768 2462; x_wconf 90' lang='lat' dir='ltr'><strong>receptore</strong></span> 
     </span>
     <span class='ocr_line' id='line_1_16' title="bbox 347 2462 1772 2594; baseline -0.001 -29"><span class='ocrx_word' id='word_1_148' title='bbox 347 2489 492 2565; x_wconf 86' lang='lat' dir='ltr'><strong>dicente</strong></span> <span class='ocrx_word' id='word_1_149' title='bbox 515 2462 620 2594; x_wconf 88' lang='lat' dir='ltr'><strong>quod</strong></span> <span class='ocrx_word' id='word_1_150' title='bbox 642 2484 761 2562; x_wconf 89' lang='lat' dir='ltr'><strong>multa</strong></span> <span class='ocrx_word' id='word_1_151' title='bbox 783 2485 961 2561; x_wconf 91' lang='lat' dir='ltr'><strong>dicuntur</strong></span> <span class='ocrx_word' id='word_1_152' title='bbox 981 2512 1045 2561; x_wconf 92' lang='lat' dir='ltr'><strong>ore</strong></span> <span class='ocrx_word' id='word_1_153' title='bbox 1067 2483 1205 2590; x_wconf 92' lang='lat' dir='ltr'><strong>quibus</strong></span> <span class='ocrx_word' id='word_1_154' title='bbox 1226 2513 1302 2562; x_wconf 91' lang='lat' dir='ltr'><strong>non</strong></span> <span class='ocrx_word' id='word_1_155' title='bbox 1323 2485 1556 2563; x_wconf 90' lang='lat' dir='ltr'><strong>consentitur</strong></span> <span class='ocrx_word' id='word_1_156' title='bbox 1578 2486 1709 2577; x_wconf 89' lang='lat' dir='ltr'><strong>corde,</strong></span> <span class='ocrx_word' id='word_1_157' title='bbox 1733 2504 1772 2564; x_wconf 88' lang='lat' dir='ltr'><strong>et</strong></span> 
     </span>
     <span class='ocr_line' id='line_1_17' title="bbox 345 2615 1768 2726; baseline -0.001 -30"><span class='ocrx_word' id='word_1_158' title='bbox 345 2620 448 2724; x_wconf 90' lang='lat' dir='ltr'><strong>quod</strong></span> <span class='ocrx_word' id='word_1_159' title='bbox 468 2618 689 2726; x_wconf 86' lang='lat' dir='ltr'><strong>abnegaret,</strong></span> <span class='ocrx_word' id='word_1_160' title='bbox 711 2617 790 2723; x_wconf 84' lang='lat' dir='ltr'><strong>ipse</strong></span> <span class='ocrx_word' id='word_1_161' title='bbox 808 2616 913 2693; x_wconf 91' lang='lat' dir='ltr'><strong>testis</strong></span> <span class='ocrx_word' id='word_1_162' title='bbox 929 2615 1123 2722; x_wconf 89' lang='lat' dir='ltr'><strong>abnegavit</strong></span> <span class='ocrx_word' id='word_1_163' title='bbox 1141 2615 1266 2693; x_wconf 89' lang='lat' dir='ltr'><strong>Deum</strong></span> <span class='ocrx_word' id='word_1_164' title='bbox 1288 2615 1437 2706; x_wconf 76' lang='lat' dir='ltr'><strong>dolens,</strong></span> <span class='ocrx_word' id='word_1_165' title='bbox 1457 2646 1520 2695; x_wconf 91' lang='lat' dir='ltr'><strong>ore</strong></span> <span class='ocrx_word' id='word_1_166' title='bbox 1541 2644 1619 2693; x_wconf 91' lang='lat' dir='ltr'><strong>non</strong></span> <span class='ocrx_word' id='word_1_167' title='bbox 1639 2617 1768 2706; x_wconf 86' lang='lat' dir='ltr'><strong>corde,</strong></span> 
     </span>
     <span class='ocr_line' id='line_1_18' title="bbox 345 2744 1769 2854; baseline 0 -28"><span class='ocrx_word' id='word_1_168' title='bbox 345 2767 387 2826; x_wconf 94' lang='lat' dir='ltr'><strong>ut</strong></span> <span class='ocrx_word' id='word_1_169' title='bbox 405 2748 508 2826; x_wconf 85' lang='lat' dir='ltr'><strong>dixit.</strong></span> <span class='ocrx_word' id='word_1_170' title='bbox 530 2750 618 2826; x_wconf 89' lang='lat' dir='ltr'><strong>Post</strong></span> <span class='ocrx_word' id='word_1_171' title='bbox 637 2776 711 2854; x_wconf 91' lang='lat' dir='ltr'><strong>que</strong></span> <span class='ocrx_word' id='word_1_172' title='bbox 728 2746 944 2823; x_wconf 86' lang='lat' dir='ltr'><strong>immediate</strong></span> <span class='ocrx_word' id='word_1_173' title='bbox 966 2744 1054 2822; x_wconf 86' lang='lat' dir='ltr'><strong>secit</strong></span> <span class='ocrx_word' id='word_1_174' title='bbox 1075 2773 1163 2822; x_wconf 90' lang='lat' dir='ltr'><strong>eum</strong></span> <span class='ocrx_word' id='word_1_175' title='bbox 1178 2744 1307 2851; x_wconf 89' lang='lat' dir='ltr'><strong>jurare</strong></span> <span class='ocrx_word' id='word_1_176' title='bbox 1331 2774 1443 2852; x_wconf 91' lang='lat' dir='ltr'><strong>super</strong></span> <span class='ocrx_word' id='word_1_177' title='bbox 1462 2747 1605 2823; x_wconf 90' lang='lat' dir='ltr'><strong>dictum</strong></span> <span class='ocrx_word' id='word_1_178' title='bbox 1625 2745 1769 2826; x_wconf 86' lang='lat' dir='ltr'><strong>librum</strong></span> 
     </span>
     <span class='ocr_line' id='line_1_19' title="bbox 345 2875 1769 2987; baseline -0.002 -30"><span class='ocrx_word' id='word_1_179' title='bbox 345 2881 450 2987; x_wconf 93' lang='lat' dir='ltr'><strong>quod</strong></span> <span class='ocrx_word' id='word_1_180' title='bbox 465 2879 676 2987; x_wconf 84' lang='lat' dir='ltr'><strong>acquireret</strong></span> <span class='ocrx_word' id='word_1_181' title='bbox 691 2878 816 2955; x_wconf 89' lang='lat' dir='ltr'><strong>ordini</strong></span> <span class='ocrx_word' id='word_1_182' title='bbox 832 2877 1136 2983; x_wconf 90' lang='lat' dir='ltr'><strong>quibuscumque</strong></span> <span class='ocrx_word' id='word_1_183' title='bbox 1153 2876 1277 2953; x_wconf 89' lang='lat' dir='ltr'><strong>modis</strong></span> <span class='ocrx_word' id='word_1_184' title='bbox 1289 2894 1430 2982; x_wconf 88' lang='lat' dir='ltr'><strong>posset,</strong></span> <span class='ocrx_word' id='word_1_185' title='bbox 1447 2904 1525 2954; x_wconf 92' lang='lat' dir='ltr'><strong>non</strong></span> <span class='ocrx_word' id='word_1_186' title='bbox 1541 2875 1769 2954; x_wconf 87' lang='lat' dir='ltr'><strong>declarando</strong></span> 
     </span>
     <span class='ocr_line' id='line_1_20' title="bbox 346 3006 1771 3087; baseline 0 -2"><span class='ocrx_word' id='word_1_187' title='bbox 346 3010 455 3087; x_wconf 90' lang='lat' dir='ltr'><strong>licitis</strong></span> <span class='ocrx_word' id='word_1_188' title='bbox 475 3010 533 3087; x_wconf 81' lang='lat' dir='ltr'><strong>vel</strong></span> <span class='ocrx_word' id='word_1_189' title='bbox 558 3009 709 3085; x_wconf 86' lang='lat' dir='ltr'><strong>illicitis.</strong></span> <span class='ocrx_word' id='word_1_190' title='bbox 735 3006 815 3084; x_wconf 82' lang='lat' dir='ltr'><strong>Alia</strong></span> <span class='ocrx_word' id='word_1_191' title='bbox 843 3006 1068 3083; x_wconf 81' lang='lat' dir='ltr'><strong>illicita—non</strong></span> <span class='ocrx_word' id='word_1_192' title='bbox 1090 3006 1371 3083; x_wconf 90' lang='lat' dir='ltr'><strong>intervenerunt</strong></span> <span class='ocrx_word' id='word_1_193' title='bbox 1391 3007 1429 3082; x_wconf 93' lang='lat' dir='ltr'><strong>in</strong></span> <span class='ocrx_word' id='word_1_194' title='bbox 1451 3006 1549 3084; x_wconf 90' lang='lat' dir='ltr'><strong>dicta</strong></span> <span class='ocrx_word' id='word_1_195' title='bbox 1572 3035 1637 3084; x_wconf 92' lang='lat' dir='ltr'><strong>sua</strong></span> <span class='ocrx_word' id='word_1_196' title='bbox 1666 3037 1771 3086; x_wconf 90' lang='lat' dir='ltr'><strong>rece·</strong></span> 
     </span>
     <span class='ocr_line' id='line_1_21' title="bbox 345 3134 1766 3246; baseline -0.003 -28"><span class='ocrx_word' id='word_1_197' title='bbox 345 3142 478 3246; x_wconf 91' lang='lat' dir='ltr'><strong>pcione</strong></span> <span class='ocrx_word' id='word_1_198' title='bbox 496 3139 554 3217; x_wconf 88' lang='lat' dir='ltr'><strong>vel</strong></span> <span class='ocrx_word' id='word_1_199' title='bbox 572 3155 668 3246; x_wconf 87' lang='lat' dir='ltr'><strong>post.</strong></span> <span class='ocrx_word' id='word_1_200' title='bbox 686 3137 789 3214; x_wconf 86' lang='lat' dir='ltr'><strong>Dixit</strong></span> <span class='ocrx_word' id='word_1_201' title='bbox 797 3137 1042 3243; x_wconf 90' lang='lat' dir='ltr'><strong>tamenquod</strong></span> <span class='ocrx_word' id='word_1_202' title='bbox 1063 3137 1254 3242; x_wconf 90' lang='lat' dir='ltr'><strong>predictus</strong></span> <span class='ocrx_word' id='word_1_203' title='bbox 1270 3134 1382 3213; x_wconf 83' lang='lat' dir='ltr'><strong>sroter</strong></span> <span class='ocrx_word' id='word_1_204' title='bbox 1393 3136 1591 3214; x_wconf 84' lang='lat' dir='ltr'><strong>Arnaudus</strong></span> <span class='ocrx_word' id='word_1_205' title='bbox 1607 3137 1700 3216; x_wconf 82' lang='lat' dir='ltr'><strong>dixit</strong></span> <span class='ocrx_word' id='word_1_206' title='bbox 1712 3138 1766 3229; x_wconf 89' lang='lat' dir='ltr'><strong>ei,</strong></span> 
     </span>
     <span class='ocr_line' id='line_1_22' title="bbox 344 3266 1768 3376; baseline -0.001 -28"><span class='ocrx_word' id='word_1_207' title='bbox 344 3287 430 3376; x_wconf 88' lang='lat' dir='ltr'><strong>post</strong></span> <span class='ocrx_word' id='word_1_208' title='bbox 452 3270 657 3376; x_wconf 88' lang='lat' dir='ltr'><strong>predictam</strong></span> <span class='ocrx_word' id='word_1_209' title='bbox 681 3267 941 3373; x_wconf 89' lang='lat' dir='ltr'><strong>recepcionem</strong></span> <span class='ocrx_word' id='word_1_210' title='bbox 964 3295 1086 3356; x_wconf 88' lang='lat' dir='ltr'><strong>suam,</strong></span> <span class='ocrx_word' id='word_1_211' title='bbox 1113 3267 1217 3373; x_wconf 93' lang='lat' dir='ltr'><strong>quod</strong></span> <span class='ocrx_word' id='word_1_212' title='bbox 1242 3267 1383 3343; x_wconf 92' lang='lat' dir='ltr'><strong>amicos</strong></span> <span class='ocrx_word' id='word_1_213' title='bbox 1405 3266 1587 3344; x_wconf 87' lang='lat' dir='ltr'><strong>habuerat</strong></span> <span class='ocrx_word' id='word_1_214' title='bbox 1607 3267 1646 3344; x_wconf 93' lang='lat' dir='ltr'><strong>in</strong></span> <span class='ocrx_word' id='word_1_215' title='bbox 1667 3267 1768 3346; x_wconf 87' lang='lat' dir='ltr'><strong>dicta</strong></span> 
     </span>
     <span class='ocr_line' id='line_1_23' title="bbox 347 3396 1769 3507; baseline -0.001 -32"><span class='ocrx_word' id='word_1_216' title='bbox 347 3429 413 3477; x_wconf 91' lang='lat' dir='ltr'><strong>sua</strong></span> <span class='ocrx_word' id='word_1_217' title='bbox 437 3399 672 3507; x_wconf 89' lang='lat' dir='ltr'><strong>recepcione‚</strong></span> <span class='ocrx_word' id='word_1_218' title='bbox 699 3397 787 3502; x_wconf 92' lang='lat' dir='ltr'><strong>quia</strong></span> <span class='ocrx_word' id='word_1_219' title='bbox 814 3396 933 3474; x_wconf 89' lang='lat' dir='ltr'><strong>multa</strong></span> <span class='ocrx_word' id='word_1_220' title='bbox 958 3396 1029 3472; x_wconf 92' lang='lat' dir='ltr'><strong>alia</strong></span> <span class='ocrx_word' id='word_1_221' title='bbox 1053 3397 1340 3475; x_wconf 84' lang='lat' dir='ltr'><strong>intervenissent</strong></span> <span class='ocrx_word' id='word_1_222' title='bbox 1366 3399 1404 3472; x_wconf 92' lang='lat' dir='ltr'><strong>in</strong></span> <span class='ocrx_word' id='word_1_223' title='bbox 1430 3398 1527 3474; x_wconf 89' lang='lat' dir='ltr'><strong>dicta</strong></span> <span class='ocrx_word' id='word_1_224' title='bbox 1545 3398 1769 3505; x_wconf 85' lang='lat' dir='ltr'><strong>recepcione</strong></span> 
     </span>
     <span class='ocr_line' id='line_1_24' title="bbox 345 3526 1769 3636; baseline 0 -29"><span class='ocrx_word' id='word_1_225' title='bbox 345 3559 429 3617; x_wconf 89' lang='lat' dir='ltr'><strong>sua,</strong></span> <span class='ocrx_word' id='word_1_226' title='bbox 450 3528 555 3636; x_wconf 90' lang='lat' dir='ltr'><strong>quod</strong></span> <span class='ocrx_word' id='word_1_227' title='bbox 572 3557 649 3607; x_wconf 93' lang='lat' dir='ltr'><strong>non</strong></span> <span class='ocrx_word' id='word_1_228' title='bbox 665 3526 828 3605; x_wconf 90' lang='lat' dir='ltr'><strong>audebat</strong></span> <span class='ocrx_word' id='word_1_229' title='bbox 842 3529 945 3604; x_wconf 91' lang='lat' dir='ltr'><strong>idem</strong></span> <span class='ocrx_word' id='word_1_230' title='bbox 960 3527 1074 3604; x_wconf 82' lang='lat' dir='ltr'><strong>frater</strong></span> <span class='ocrx_word' id='word_1_231' title='bbox 1087 3526 1286 3605; x_wconf 84' lang='lat' dir='ltr'><strong>Arnuadus</strong></span> <span class='ocrx_word' id='word_1_232' title='bbox 1303 3529 1466 3606; x_wconf 83' lang='lat' dir='ltr'><strong>revelare</strong></span> <span class='ocrx_word' id='word_1_233' title='bbox 1482 3529 1569 3618; x_wconf 90' lang='lat' dir='ltr'><strong>sibi,</strong></span> <span class='ocrx_word' id='word_1_234' title='bbox 1592 3529 1661 3607; x_wconf 89' lang='lat' dir='ltr'><strong>nisi</strong></span> <span class='ocrx_word' id='word_1_235' title='bbox 1682 3557 1769 3636; x_wconf 88' lang='lat' dir='ltr'><strong>pre-</strong></span> 
     </span>
     <span class='ocr_line' id='line_1_25' title="bbox 346 3656 1769 3765; baseline 0.001 -31"><span class='ocrx_word' id='word_1_236' title='bbox 346 3661 465 3749; x_wconf 83' lang='lat' dir='ltr'><strong>dictos</strong></span> <span class='ocrx_word' id='word_1_237' title='bbox 480 3660 618 3736; x_wconf 90' lang='lat' dir='ltr'><strong>amicos</strong></span> <span class='ocrx_word' id='word_1_238' title='bbox 638 3657 691 3734; x_wconf 92' lang='lat' dir='ltr'><strong>ibi</strong></span> <span class='ocrx_word' id='word_1_239' title='bbox 711 3657 921 3747; x_wconf 73' lang='lat' dir='ltr'><strong>habuisset,</strong></span> <span class='ocrx_word' id='word_1_240' title='bbox 944 3687 989 3735; x_wconf 82' lang='lat' dir='ltr'><strong>ex</strong></span> <span class='ocrx_word' id='word_1_241' title='bbox 1001 3656 1138 3765; x_wconf 91' lang='lat' dir='ltr'><strong>quibus</strong></span> <span class='ocrx_word' id='word_1_242' title='bbox 1158 3657 1313 3764; x_wconf 87' lang='lat' dir='ltr'><strong>quidem</strong></span> <span class='ocrx_word' id='word_1_243' title='bbox 1335 3659 1455 3735; x_wconf 91' lang='lat' dir='ltr'><strong>verbis</strong></span> <span class='ocrx_word' id='word_1_244' title='bbox 1476 3677 1513 3736; x_wconf 90' lang='lat' dir='ltr'><strong>et</strong></span> <span class='ocrx_word' id='word_1_245' title='bbox 1529 3676 1683 3765; x_wconf 91' lang='lat' dir='ltr'><strong>propter</strong></span> <span class='ocrx_word' id='word_1_246' title='bbox 1702 3659 1769 3736; x_wconf 86' lang='lat' dir='ltr'><strong>ab·</strong></span> 
     </span>
     <span class='ocr_line' id='line_1_26' title="bbox 346 3786 1768 3899; baseline 0.001 -34"><span class='ocrx_word' id='word_1_247' title='bbox 346 3791 585 3899; x_wconf 88' lang='lat' dir='ltr'><strong>negacionem</strong></span> <span class='ocrx_word' id='word_1_248' title='bbox 607 3787 829 3896; x_wconf 86' lang='lat' dir='ltr'><strong>predictam,</strong></span> <span class='ocrx_word' id='word_1_249' title='bbox 853 3789 974 3865; x_wconf 92' lang='lat' dir='ltr'><strong>dictus</strong></span> <span class='ocrx_word' id='word_1_250' title='bbox 993 3788 1116 3876; x_wconf 90' lang='lat' dir='ltr'><strong>testis,</strong></span> <span class='ocrx_word' id='word_1_251' title='bbox 1137 3786 1310 3865; x_wconf 91' lang='lat' dir='ltr'><strong>turbatus</strong></span> <span class='ocrx_word' id='word_1_252' title='bbox 1329 3807 1366 3866; x_wconf 90' lang='lat' dir='ltr'><strong>et</strong></span> <span class='ocrx_word' id='word_1_253' title='bbox 1385 3788 1606 3895; x_wconf 85' lang='lat' dir='ltr'><strong>religionem</strong></span> <span class='ocrx_word' id='word_1_254' title='bbox 1622 3788 1768 3867; x_wconf 85' lang='lat' dir='ltr'><strong>habens</strong></span> 
     </span>
     <span class='ocr_line' id='line_1_27' title="bbox 345 3917 1768 4026; baseline 0.001 -31"><span class='ocrx_word' id='word_1_255' title='bbox 345 3938 569 4026; x_wconf 88' lang='lat' dir='ltr'><strong>suspectam,</strong></span> <span class='ocrx_word' id='word_1_256' title='bbox 592 3919 736 3997; x_wconf 91' lang='lat' dir='ltr'><strong>dimisit</strong></span> <span class='ocrx_word' id='word_1_257' title='bbox 755 3917 947 4007; x_wconf 92' lang='lat' dir='ltr'><strong>habitum,</strong></span> <span class='ocrx_word' id='word_1_258' title='bbox 966 3936 1002 3996; x_wconf 92' lang='lat' dir='ltr'><strong>et</strong></span> <span class='ocrx_word' id='word_1_259' title='bbox 1024 3917 1119 3994; x_wconf 88' lang='lat' dir='ltr'><strong>insra</strong></span> <span class='ocrx_word' id='word_1_260' title='bbox 1139 3947 1280 3996; x_wconf 91' lang='lat' dir='ltr'><strong>annum</strong></span> <span class='ocrx_word' id='word_1_261' title='bbox 1301 3949 1320 3995; x_wconf 92' lang='lat' dir='ltr'><strong>a</strong></span> <span class='ocrx_word' id='word_1_262' title='bbox 1339 3920 1560 4026; x_wconf 88' lang='lat' dir='ltr'><strong>recepcione</strong></span> <span class='ocrx_word' id='word_1_263' title='bbox 1575 3949 1640 3996; x_wconf 87' lang='lat' dir='ltr'><strong>sua</strong></span> <span class='ocrx_word' id='word_1_264' title='bbox 1655 3921 1768 3997; x_wconf 80' lang='lat' dir='ltr'><strong>exivit</strong></span> 
     </span>
     <span class='ocr_line' id='line_1_28' title="bbox 345 4047 1766 4153; baseline 0 -28"><span class='ocrx_word' id='word_1_265' title='bbox 345 4049 488 4127; x_wconf 88' lang='lat' dir='ltr'><strong>dictum</strong></span> <span class='ocrx_word' id='word_1_266' title='bbox 504 4051 696 4138; x_wconf 69' lang='lat' dir='ltr'><strong>ordinem,</strong></span> <span class='ocrx_word' id='word_1_267' title='bbox 718 4049 786 4125; x_wconf 91' lang='lat' dir='ltr'><strong>sed</strong></span> <span class='ocrx_word' id='word_1_268' title='bbox 802 4049 839 4123; x_wconf 92' lang='lat' dir='ltr'><strong>in</strong></span> <span class='ocrx_word' id='word_1_269' title='bbox 861 4049 1063 4125; x_wconf 88' lang='lat' dir='ltr'><strong>crastinum</strong></span> <span class='ocrx_word' id='word_1_270' title='bbox 1081 4047 1155 4124; x_wconf 86' lang='lat' dir='ltr'><strong>suit</strong></span> <span class='ocrx_word' id='word_1_271' title='bbox 1169 4065 1313 4153; x_wconf 85' lang='lat' dir='ltr'><strong>captus,</strong></span> <span class='ocrx_word' id='word_1_272' title='bbox 1337 4050 1437 4126; x_wconf 90' lang='lat' dir='ltr'><strong>etad</strong></span> <span class='ocrx_word' id='word_1_273' title='bbox 1454 4051 1668 4127; x_wconf 89' lang='lat' dir='ltr'><strong>suasionem</strong></span> <span class='ocrx_word' id='word_1_274' title='bbox 1691 4047 1766 4126; x_wconf 79' lang='lat' dir='ltr'><strong>fra-</strong></span> 
     </span>
     <span class='ocr_line' id='line_1_29' title="bbox 342 4176 1765 4286; baseline 0 -29"><span class='ocrx_word' id='word_1_275' title='bbox 342 4181 410 4257; x_wconf 89' lang='lat' dir='ltr'><strong>tris</strong></span> <span class='ocrx_word' id='word_1_276' title='bbox 429 4181 527 4257; x_wconf 84' lang='lat' dir='ltr'><strong>Petti</strong></span> <span class='ocrx_word' id='word_1_277' title='bbox 544 4178 757 4259; x_wconf 86' lang='lat' dir='ltr'><strong>Theobaldi</strong></span> <span class='ocrx_word' id='word_1_278' title='bbox 783 4181 1011 4284; x_wconf 88' lang='lat' dir='ltr'><strong>preceptoris</strong></span> <span class='ocrx_word' id='word_1_279' title='bbox 1030 4196 1122 4255; x_wconf 93' lang='lat' dir='ltr'><strong>tunc</strong></span> <span class='ocrx_word' id='word_1_280' title='bbox 1140 4178 1188 4254; x_wconf 92' lang='lat' dir='ltr'><strong>de</strong></span> <span class='ocrx_word' id='word_1_281' title='bbox 1207 4176 1336 4256; x_wconf 89' lang='lat' dir='ltr'><strong>Castro</strong></span> <span class='ocrx_word' id='word_1_282' title='bbox 1357 4179 1557 4271; x_wconf 89' lang='lat' dir='ltr'><strong>Bernardi,</strong></span> <span class='ocrx_word' id='word_1_283' title='bbox 1576 4179 1640 4286; x_wconf 89' lang='lat' dir='ltr'><strong>qui</strong></span> <span class='ocrx_word' id='word_1_284' title='bbox 1665 4177 1765 4257; x_wconf 83' lang='lat' dir='ltr'><strong>fece·</strong></span> 
     </span>
     <span class='ocr_line' id='line_1_30' title="bbox 342 4306 1765 4417; baseline 0.001 -31"><span class='ocrx_word' id='word_1_285' title='bbox 342 4329 400 4388; x_wconf 91' lang='lat' dir='ltr'><strong>rat</strong></span> <span class='ocrx_word' id='word_1_286' title='bbox 418 4340 507 4388; x_wconf 91' lang='lat' dir='ltr'><strong>eum</strong></span> <span class='ocrx_word' id='word_1_287' title='bbox 526 4311 623 4417; x_wconf 91' lang='lat' dir='ltr'><strong>capi,</strong></span> <span class='ocrx_word' id='word_1_288' title='bbox 640 4326 678 4386; x_wconf 93' lang='lat' dir='ltr'><strong>et</strong></span> <span class='ocrx_word' id='word_1_289' title='bbox 692 4306 815 4386; x_wconf 87' lang='lat' dir='ltr'><strong>sratris</strong></span> <span class='ocrx_word' id='word_1_290' title='bbox 834 4310 934 4387; x_wconf 90' lang='lat' dir='ltr'><strong>Petri</strong></span> <span class='ocrx_word' id='word_1_291' title='bbox 954 4310 1000 4386; x_wconf 89' lang='lat' dir='ltr'><strong>de</strong></span> <span class='ocrx_word' id='word_1_292' title='bbox 1019 4311 1137 4386; x_wconf 91' lang='lat' dir='ltr'><strong>Banes</strong></span> <span class='ocrx_word' id='word_1_293' title='bbox 1156 4308 1353 4415; x_wconf 90' lang='lat' dir='ltr'><strong>presbiteri</strong></span> <span class='ocrx_word' id='word_1_294' title='bbox 1384 4309 1597 4415; x_wconf 92' lang='lat' dir='ltr'><strong>quondam,</strong></span> <span class='ocrx_word' id='word_1_295' title='bbox 1614 4310 1681 4416; x_wconf 93' lang='lat' dir='ltr'><strong>qui</strong></span> <span class='ocrx_word' id='word_1_296' title='bbox 1699 4309 1765 4389; x_wconf 84' lang='lat' dir='ltr'><strong>ab·</strong></span> 
     </span>
     <span class='ocr_line' id='line_1_31' title="bbox 342 4440 1762 4547; baseline -0.001 -28"><span class='ocrx_word' id='word_1_297' title='bbox 342 4442 450 4520; x_wconf 89' lang='lat' dir='ltr'><strong>solvit</strong></span> <span class='ocrx_word' id='word_1_298' title='bbox 470 4470 576 4534; x_wconf 86' lang='lat' dir='ltr'><strong>eum,</strong></span> <span class='ocrx_word' id='word_1_299' title='bbox 598 4441 779 4518; x_wconf 83' lang='lat' dir='ltr'><strong>remansit</strong></span> <span class='ocrx_word' id='word_1_300' title='bbox 798 4442 838 4517; x_wconf 92' lang='lat' dir='ltr'><strong>in</strong></span> <span class='ocrx_word' id='word_1_301' title='bbox 858 4440 961 4518; x_wconf 91' lang='lat' dir='ltr'><strong>dicto</strong></span> <span class='ocrx_word' id='word_1_302' title='bbox 977 4440 1130 4529; x_wconf 91' lang='lat' dir='ltr'><strong>ordine,</strong></span> <span class='ocrx_word' id='word_1_303' title='bbox 1152 4441 1239 4545; x_wconf 89' lang='lat' dir='ltr'><strong>quia</strong></span> <span class='ocrx_word' id='word_1_304' title='bbox 1258 4441 1479 4545; x_wconf 88' lang='lat' dir='ltr'><strong>permiserat</strong></span> <span class='ocrx_word' id='word_1_305' title='bbox 1497 4441 1569 4519; x_wconf 90' lang='lat' dir='ltr'><strong>sibi</strong></span> <span class='ocrx_word' id='word_1_306' title='bbox 1585 4442 1710 4547; x_wconf 90' lang='lat' dir='ltr'><strong>quod,</strong></span> <span class='ocrx_word' id='word_1_307' title='bbox 1733 4440 1762 4517; x_wconf 83' lang='lat' dir='ltr'><strong>si</strong></span> 
     </span>
     <span class='ocr_line' id='line_1_32' title="bbox 342 4567 1764 4659; baseline 0.002 -17"><span class='ocrx_word' id='word_1_308' title='bbox 342 4570 490 4649; x_wconf 89' lang='lat' dir='ltr'><strong>volebat</strong></span> <span class='ocrx_word' id='word_1_309' title='bbox 512 4596 707 4649; x_wconf 87' lang='lat' dir='ltr'><strong>remanere</strong></span> <span class='ocrx_word' id='word_1_310' title='bbox 728 4572 768 4646; x_wconf 90' lang='lat' dir='ltr'><strong>in</strong></span> <span class='ocrx_word' id='word_1_311' title='bbox 789 4570 891 4647; x_wconf 91' lang='lat' dir='ltr'><strong>dicto</strong></span> <span class='ocrx_word' id='word_1_312' title='bbox 910 4570 1044 4647; x_wconf 88' lang='lat' dir='ltr'><strong>ordine</strong></span> <span class='ocrx_word' id='word_1_313' title='bbox 1065 4586 1103 4647; x_wconf 93' lang='lat' dir='ltr'><strong>et</strong></span> <span class='ocrx_word' id='word_1_314' title='bbox 1122 4569 1220 4647; x_wconf 88' lang='lat' dir='ltr'><strong>bene</strong></span> <span class='ocrx_word' id='word_1_315' title='bbox 1242 4567 1379 4659; x_wconf 78' lang='lat' dir='ltr'><strong>iacere,</strong></span> <span class='ocrx_word' id='word_1_316' title='bbox 1406 4597 1482 4648; x_wconf 92' lang='lat' dir='ltr'><strong>non</strong></span> <span class='ocrx_word' id='word_1_317' title='bbox 1505 4568 1688 4647; x_wconf 78' lang='lat' dir='ltr'><strong>revelaret</strong></span> <span class='ocrx_word' id='word_1_318' title='bbox 1704 4596 1764 4645; x_wconf 89' lang='lat' dir='ltr'><strong>re·</strong></span> 
     </span>
     <span class='ocr_line' id='line_1_33' title="bbox 343 4698 1760 4808; baseline -0.003 -31"><span class='ocrx_word' id='word_1_319' title='bbox 343 4728 489 4779; x_wconf 90' lang='lat' dir='ltr'><strong>cessum</strong></span> <span class='ocrx_word' id='word_1_320' title='bbox 513 4730 625 4779; x_wconf 91' lang='lat' dir='ltr'><strong>suum</strong></span> <span class='ocrx_word' id='word_1_321' title='bbox 651 4701 876 4808; x_wconf 89' lang='lat' dir='ltr'><strong>predictum.</strong></span> <span class='ocrx_word' id='word_1_322' title='bbox 905 4700 1119 4807; x_wconf 87' lang='lat' dir='ltr'><strong>Requisitus</strong></span> <span class='ocrx_word' id='word_1_323' title='bbox 1138 4699 1168 4777; x_wconf 91' lang='lat' dir='ltr'><strong>si</strong></span> <span class='ocrx_word' id='word_1_324' title='bbox 1184 4699 1268 4788; x_wconf 86' lang='lat' dir='ltr'><strong>scit,</strong></span> <span class='ocrx_word' id='word_1_325' title='bbox 1286 4698 1421 4786; x_wconf 88' lang='lat' dir='ltr'><strong>credit,</strong></span> <span class='ocrx_word' id='word_1_326' title='bbox 1444 4699 1501 4777; x_wconf 88' lang='lat' dir='ltr'><strong>vel</strong></span> <span class='ocrx_word' id='word_1_327' title='bbox 1522 4699 1665 4776; x_wconf 89' lang='lat' dir='ltr'><strong>audivit</strong></span> <span class='ocrx_word' id='word_1_328' title='bbox 1689 4698 1760 4774; x_wconf 91' lang='lat' dir='ltr'><strong>dici</strong></span> 
     </span>
     <span class='ocr_line' id='line_1_34' title="bbox 343 4829 1762 4939; baseline -0.001 -30"><span class='ocrx_word' id='word_1_329' title='bbox 343 4832 447 4938; x_wconf 90' lang='lat' dir='ltr'><strong>quod</strong></span> <span class='ocrx_word' id='word_1_330' title='bbox 473 4832 571 4910; x_wconf 87' lang='lat' dir='ltr'><strong>dicta</strong></span> <span class='ocrx_word' id='word_1_331' title='bbox 597 4831 796 4939; x_wconf 91' lang='lat' dir='ltr'><strong>abnegacio</strong></span> <span class='ocrx_word' id='word_1_332' title='bbox 819 4829 1024 4909; x_wconf 78' lang='lat' dir='ltr'><strong>consessata</strong></span> <span class='ocrx_word' id='word_1_333' title='bbox 1042 4857 1111 4936; x_wconf 91' lang='lat' dir='ltr'><strong>per</strong></span> <span class='ocrx_word' id='word_1_334' title='bbox 1138 4859 1227 4908; x_wconf 91' lang='lat' dir='ltr'><strong>eum</strong></span> <span class='ocrx_word' id='word_1_335' title='bbox 1248 4830 1491 4908; x_wconf 87' lang='lat' dir='ltr'><strong>interveniret</strong></span> <span class='ocrx_word' id='word_1_336' title='bbox 1510 4829 1762 4909; x_wconf 82' lang='lat' dir='ltr'><strong>communiter</strong></span> 
     </span>
    </p>
   </div>
   <div class='ocr_carea' id='block_1_4' title="bbox 0 0 2122 5942">
    <p class='ocr_par' dir='ltr' id='par_1_4' title="bbox 0 0 2122 5942">
     <span class='ocr_line' id='line_1_35' title="bbox 0 0 2122 5942; baseline 0 0"><span class='ocrx_word' id='word_1_337' title='bbox 0 0 2122 5942; x_wconf 95' lang='lat' dir='ltr'><strong> </strong></span> 
     </span>
    </p>
   </div>
  </div>
 </body>
</html>
