4236 5948
748 553 942 646 procas
970 573 1065 644 nns
1093 571 1390 646 murmuras.
1733 576 1781 647 25

354 712 496 790 audivit
508 712 580 789 dici
598 729 683 788 ante
698 715 916 820 captionem
933 742 1079 793 eorum.
1097 716 1200 793 Dixit
1217 718 1371 824 insuper
1388 746 1426 794 sc
1442 716 1653 793 consessum
1670 718 1784 797 luisse

353 847 397 925 de
416 845 597 954 predictis
617 847 810 926 erroribus
824 849 864 924 in
879 848 1082 925 crastinum
1099 878 1164 925 sue
1185 850 1433 956 recepcionis,
1452 849 1554 956 apud
1567 849 1782 940 Belvacunr‚

352 978 500 1055 cuidam
533 978 712 1057 canonico
746 980 960 1058 Belvacensi
995 980 1149 1069 claud0,
1192 982 1299 1089 cujus
1333 1010 1474 1060 nornen
1507 1000 1544 1059 et
1574 1011 1785 1090 cognomen

352 1112 512 1217 ignorat,
530 1111 799 1215 penitenciario
817 1113 963 1190 domini
982 1113 1146 1219 episcopi
1164 1114 1411 1206 belvacensis,
1428 1115 1493 1220 qui
1506 1113 1664 1191 absolvit
1679 1144 1784 1193 eum,

352 1241 523 1348 imposita
538 1242 609 1320 sibi
629 1244 842 1349 penitencia
863 1244 968 1352 quod
984 1244 1175 1353 jejunaret
1189 1247 1228 1324 in
1249 1276 1345 1351 pane
1362 1265 1398 1324 et
1420 1276 1515 1355 aqua
1533 1246 1657 1323 tribus
1676 1247 1788 1325 sextis

351 1372 466 1459 seriis,
491 1391 530 1450 et
551 1376 657 1481 quod
677 1376 821 1484 legeret
840 1375 1060 1484 psalterium
1080 1405 1165 1457 xv111
1184 1379 1345 1467 vicibus,
1377 1398 1415 1455 et
1434 1379 1540 1486 quod
1561 1408 1637 1455 non
1659 1408 1788 1484 perse-

352 1522 493 1582 veraret
511 1506 550 1581 in
563 1507 665 1585 dicto
680 1537 825 1599 errore,
847 1538 962 1616 quarn
983 1508 1236 1614 penitenciam
1251 1510 1330 1616 ipse
1347 1511 1509 1618 peregit,
1532 1538 1786 1616 necunquam

352 1638 516 1715 indicto
547 1667 674 1718 errore
700 1642 966 1748 perseveravit,
995 1659 1038 1717 ut
1066 1641 1169 1717 dixit.
1199 1643 1312 1730 Item,
1341 1642 1434 1717 dixit
1458 1643 1563 1748 quod
1584 1644 1663 1750 ipse
1688 1643 1786 1720 bene

351 1769 527 1846 credebat
557 1771 815 1849 ecclesiasticis
843 1772 1104 1861 sacramentis,
1136 1788 1173 1847 et
1203 1772 1324 1848 credit
1353 1773 1456 1878 quod
1482 1773 1614 1849 iratres
1644 1774 1788 1851 ordinis

351 1901 445 1978 bene
468 1902 684 1992 crederent3
709 1919 748 1979 et
767 1903 847 2009 ipse
869 1901 1084 1978 celebrabat
1098 1902 1136 1976 in
1158 1902 1291 1979 ordine
1309 1904 1519 1979 secundum
1541 1902 1702 1981 sormam
1718 1908 1788 1982 Ec-

352 2034 480 2123 clesie;
504 2050 542 2110 et
563 2034 684 2111 credit
703 2034 809 2141 quod
828 2034 890 2110 alii
909 2034 1108 2139 presbiteri
1132 2033 1276 2111 ordinis
1297 2033 1425 2111 debite
1446 2033 1697 2125 celebrarent3
1718 2066 1788 2113 nec

351 2164 420 2243 suit
449 2165 523 2242 sibi
549 2165 758 2242 inhibitum
780 2165 885 2272 quod
912 2164 1130 2245 obmitteret
1152 2165 1263 2242 verba
1283 2166 1446 2243 canonis.
1474 2167 1562 2244 Fuit
1582 2169 1616 2242 ei
1642 2168 1787 2245 dictum

352 2299 456 2404 quod
470 2299 594 2374 statim
607 2326 677 2404 pro
690 2297 859 2403 professo
874 2296 1096 2375 habebatur.
1113 2298 1354 2377 Clandestine
1368 2298 1658 2404 recipiebantur,
1674 2301 1789 2378 nullis

352 2430 589 2536 presentibus
605 2431 678 2508 nisi
693 2430 872 2507 fratribus
888 2431 1045 2508 ordinis.
1066 2431 1231 2508 Cordula
1248 2459 1322 2537 qua
1342 2430 1421 2536 ipse
1443 2431 1664 2538 cingebatur
1676 2462 1787 2538 supra

353 2562 542 2638 camisiam
563 2593 649 2640 cum
664 2592 738 2669 qua
753 2560 904 2669 jacebat
922 2591 1000 2640 non
1020 2563 1194 2672 tetigerat
1214 2563 1332 2669 capita
1347 2561 1566 2668 ydolorum,
1585 2592 1654 2639 nec
1670 2564 1789 2640 credit

354 2695 455 2800 quod
478 2694 634 2772 cordule
656 2694 818 2772 aliorum
839 2712 1056 2802 tangerent,
1078 2724 1147 2771 nec
1168 2694 1273 2802 quod
1293 2693 1405 2801 ydola
1425 2694 1611 2773 baberent
1625 2696 1683 2772 vel
1704 2696 1789 2774 ado·

354 2843 488 2905 rarent.
510 2825 662 2934 Absque
684 2827 841 2904 licencia
864 2856 940 2904 non
962 2845 1136 2933 poterant
1156 2827 1228 2902 nisi
1249 2826 1508 2904 sacerdotibus
1531 2828 1675 2904 ordinis
1699 2859 1789 2906 con-

356 2957 464 3034 [iteri.
496 2957 769 3068 lnjungebatur
797 2958 851 3035 eis
872 2956 977 3064 quod
1005 2985 1082 3034 non
1111 2957 1318 3034 revelarent
1348 2974 1490 3033 secreta
1523 2956 1785 3063 capitulorum.

356 3090 611 3168 Eleemosinas
637 3108 675 3168 et
701 3090 995 3197 hospitalitatem
1015 3090 1111 3166 vidit
1130 3088 1397 3166 convenienter
1418 3089 1500 3165 fieri
1527 3106 1564 3165 et
1588 3092 1723 3166 servari
1749 3091 1787 3166 in

358 3222 533 3299 domibus
554 3223 700 3300 ordinis
720 3223 759 3298 in
785 3222 925 3329 quibus
951 3221 1139 3299 exstiterat
1172 3236 1437 3298 commoratus.
1467 3220 1506 3300 Si
1542 3240 1648 3298 erant
1672 3223 1787 3329 aliqui

355 3350 392 3428 in
417 3354 553 3431 ordine
576 3354 641 3460 qni
668 3354 806 3430 scirent
830 3381 977 3430 errores
995 3353 1186 3460 predictos
1207 3369 1246 3429 et
1271 3380 1335 3430 eos
1355 3381 1432 3430 non
1458 3371 1701 3430 correxerunt
1720 3383 1789 3430 nec

353 3483 677 3562 denunciaverunt
689 3484 872 3571 Ecclesie,
887 3483 1043 3561 luerunt
1055 3485 1300 3592 negligentes.
1316 3484 1431 3578 Quod
1445 3513 1603 3593 magnus
1614 3485 1791 3594 Magister

349 3646 439 3695 curn
471 3634 660 3694 conventu
689 3616 878 3694 statuisset
905 3634 1084 3694 servasset
1112 3632 1216 3693 totus
1246 3614 1360 3709 ord0,
1393 3632 1521 3692 contra
1547 3645 1662 3722 quem
1690 3647 1791 3695 nnnc

343 3750 508 3856 grandia
528 3749 717 3838 scandala,
748 3747 912 3854 suspicio
937 3763 975 3823 et
999 3746 1152 3823 infamia
1177 3763 1264 3823 sunt
1292 3763 1434 3832 exorta,
1464 3763 1502 3823 et
1526 3765 1654 3824 contra
1674 3777 1789 3854 quem

342 3882 497 3961 audivit
517 3881 590 3958 dici
613 3910 793 3989 magnum
814 3880 1043 3987 Magistrum
1065 3896 1102 3956 et
1122 3879 1215 3957 alios
1234 3878 1381 3985 aliquos
1402 3907 1547 3956 errores
1566 3878 1681 3957 luisse
1703 3909 1791 3958 con-

342 4014 487 4102 fessos3
517 4012 565 4090 ad
591 4014 699 4121 cujus
721 4011 865 4090 ordinis
888 4010 1163 4088 deffensionem
1192 4038 1231 4088 se
1258 4010 1449 4089 obtulerat
1475 4041 1562 4088 curn
1588 4013 1687 4098 aliis,
1713 4042 1789 4089 non

343 4145 460 4253 quod
479 4145 593 4223 vellet
611 4145 738 4222 venire
760 4160 890 4222 contra
911 4142 1194 4249 depositionem
1214 4171 1333 4219 suam.
1665 4168 1708 4218 ⁰·

411 4277 631 4383 Requisitus
664 4276 694 4353 si
728 4276 781 4353 sic
813 4275 1041 4382 deposuerat
1069 4303 1196 4382 prece,
1227 4291 1424 4381 precepto,
1456 4274 1608 4367 timore,
1641 4302 1787 4364 amore,

349 4412 462 4499 odio,
494 4409 553 4485 vel
580 4409 780 4516 temporali
807 4407 970 4487 comodo
996 4406 1125 4485 habito
1151 4407 1210 4484 vel
1235 4407 1429 4495 habendo,
1459 4408 1655 4513 respondit
1686 4406 1791 4514 quod

350 4571 450 4631 non,
478 4542 546 4618 sed
570 4571 640 4649 pro
660 4543 815 4620 veritate
843 4540 1020 4633 dicenda3
1043 4541 1103 4618 cui
1130 4539 1202 4618 fuit
1226 4540 1438 4648 injunctum
1458 4541 1562 4646 quod
1584 4570 1661 4619 non
1685 4569 1790 4619 reve-

352 4672 452 4752 laret
476 4674 573 4751 banc
598 4704 704 4752 suam
733 4674 1016 4781 deposicionem
1044 4700 1244 4780 quousque
1272 4671 1532 4749 attestationes
1560 4672 1700 4751 luerint
1720 4702 1791 4778 pu-

351 4804 504 4884 blicate.

448 5080 555 5146 rnoels
576 5103 629 5146 nrs
650 5101 822 5147 rrurnrrns.
837 5117 877 5129 -
892 5101 925 5142 u.
