4236 5948
604 521 798 611 peones
825 538 920 610 nes
946 537 1245 609 rnururuus.
1571 539 1639 613 un

270 683 488 790 Requisitus
505 681 535 757 si
551 681 603 756 sic
618 680 842 785 deposuerat
858 704 980 782 prece,
1000 695 1187 785 precept0,
1204 677 1359 767 timore,
1376 705 1520 770 amore,
1536 680 1638 766 odio,

219 815 275 894 vel
293 811 491 920 temporali
510 810 671 889 comodo
691 808 821 887 habito
838 807 894 885 vel
910 807 1103 896 babendo,
1124 807 1320 914 respondit
1340 807 1443 914 quod
1464 835 1558 896 non,
1575 813 1639 887 sed

217 973 283 1053 pro
303 945 455 1021 veritate
483 941 662 1028 dicenda3
686 942 744 1017 eui
765 939 837 1016 fuit
866 940 1078 1046 injunctum
1104 938 1209 1044 quod
1234 966 1309 1014 non
1336 938 1517 1016 revelaret
1546 940 1642 1016 banc

217 1103 322 1154 suam
332 1072 632 1181 deposicionem,
649 1099 848 1177 quousque
865 1069 1124 1146 attestaciones
1137 1067 1276 1146 luerint
1293 1067 1498 1174 publicat03
1514 1086 1550 1146 et
1565 1099 1640 1147 non

218 1204 406 1283 obtulerat
424 1232 464 1279 se
481 1203 529 1279 ad
549 1200 824 1281 deffensionem
844 1198 1002 1286 ordinis,
1021 1215 1058 1275 et
1076 1197 1309 1305 intelligebat
1321 1198 1494 1276 latinum.

272 1336 361 1413 Acta
379 1333 534 1412 luerunt
549 1335 621 1411 bec
640 1333 702 1410 die
719 1351 755 1410 et
773 1331 858 1409 loco
871 1330 1066 1437 predictis,
1088 1330 1325 1437 presentibus
1343 1330 1518 1437 magistro
1539 1332 1642 1408 Arni-

218 1468 295 1556 sio,
314 1494 376 1543 me
396 1463 651 1543 Floriamonte
666 1461 867 1539 Doudedei
892 1478 931 1538 et
950 1459 1032 1536 aliis
1051 1460 1213 1537 notariis
1226 1459 1494 1566 supraultimo
1521 1462 1642 1537 nomi-

217 1613 323 1673 uatis.

271 1860 361 1936 Post
380 1858 467 1944 bec,
488 1856 551 1933 die
567 1858 681 1944 lovis,
703 1883 776 1961 que
799 1853 872 1931 fuit
890 1856 1010 1959 prima
1040 1854 1122 1934 dies
1150 1855 1289 1931 mensis
1315 1854 1467 1962 Aprilis,
1481 1858 1558 1958 ¹suit
1578 1855 1644 1934 ad-

220 1989 351 2066 ductus
370 1988 418 2066 ad
432 1988 664 2094 presenciam
686 1985 908 2071 eorumdem
939 1984 1182 2062 dominorum
1209 1987 1572 2078 commissariorum,
1604 1992 1641 2066 in

218 2119 316 2196 dicta
328 2120 444 2198 domo
458 2118 603 2196 domini
613 2118 714 2195 Petri
729 2117 775 2194 de
786 2114 986 2205 sabaudia,
1004 2115 1118 2193 frater
1132 2117 1241 2223 Hugo
1257 2117 1451 2194 Charnerii
1465 2121 1640 2209 serviens,

217 2266 414 2356 preceptor
428 2248 564 2326 domus
578 2246 729 2352 Templi
742 2245 790 2322 de
806 2245 941 2323 Sancto
955 2244 1136 2322 Porciano
1147 2244 1640 2338 claramontensisdiocesis‚

217 2379 324 2457 testis
338 2407 455 2484 supra
465 2380 629 2487 juratus,
651 2393 696 2454 ut
713 2376 922 2482 deponeret
941 2373 1085 2452 dictum
1104 2403 1234 2466 sunm,
1257 2378 1480 2457 mantellum
1500 2382 1644 2458 ordinis

219 2525 255 2586 et
275 2507 433 2586 barbam
458 2507 661 2597 defferens,
683 2505 927 2614 quadraginta
946 2505 1324 2612 quinqueannorum
1341 2505 1399 2585 vel
1415 2509 1529 2600 circa,
1556 2542 1642 2588 cum

217 2669 294 2746 quo
309 2640 533 2748 inquisitum
551 2637 687 2725 luerat,
709 2636 904 2714 absolutus
923 2652 961 2713 et
978 2635 1240 2713 reconciliatus
1260 2665 1328 2743 per
1347 2637 1544 2717 dominum
1566 2646 1643 2748 epi-

219 2799 374 2875 scopum
393 2770 749 2850 Claramontensem.
776 2768 900 2845 Lectis
922 2785 1050 2845 autem
1078 2784 1115 2843 et
1140 2767 1543 2878 diligenterexpositis
1571 2774 1641 2850 sibi

220 2901 396 2979 omnibus
416 2917 456 2977 et
473 2899 628 3006 singulis
645 2896 827 2988 articulis,
846 2896 1042 3003 respondit
1058 2924 1098 2973 se
1116 2897 1275 2986 nescire,
1296 2926 1366 2975 uec
1384 2900 1556 2989 credere,
1574 2931 1643 2979 nec

220 3031 404 3109 audivisse
426 3030 501 3107 dici
533 3028 580 3105 de
606 3028 792 3105 contentis
812 3027 849 3102 in
872 3027 926 3104 eis
946 3026 1016 3103 nisi
1040 3025 1144 3132 quod
1174 3027 1357 3133 sequitur.
1383 3030 1430 3106 Et
1446 3049 1642 3136 protesta-

220 3162 326 3239 cione
346 3160 526 3268 premissa
545 3159 652 3266 quod
672 3186 747 3235 non
772 3157 937 3235 intendit
955 3156 1168 3234 recedere-a
1191 3158 1432 3263 deposicione
1463 3191 1530 3268 per
1553 3192 1643 3241 eum

220 3290 315 3367 facta
329 3320 456 3369 coram
474 3289 577 3368 dicto
591 3289 749 3366 domino
767 3288 943 3394 episeopo
962 3285 1278 3377 Claramontensi,
1300 3289 1445 3368 dixit-se
1458 3290 1574 3371 fuisse
1592 3324 1646 3371 re-

220 3440 370 3528 ceptum
382 3423 422 3498 in
436 3420 577 3528 capella
592 3419 730 3496 domus
741 3418 893 3524 Templi
902 3418 954 3495 de
970 3417 1140 3496 Chambo
1148 3417 1464 3499 Clarrmontensis
1472 3423 1641 3518 diocesis,

221 3552 315 3629 circa
335 3553 477 3629 instans
497 3549 634 3628 lestum
665 3548 865 3627 nativitatis
883 3549 1004 3626 sancti
1028 3551 1209 3627 lobannis
1227 3552 1392 3657 Baptiste
1407 3572 1523 3631 erunt
1543 3556 1646 3633 circi·

221 3699 277 3759 ter
301 3708 373 3758 xxx
404 3682 512 3770 anni,
541 3709 607 3786 per
639 3679 791 3757 fratrem
809 3680 972 3757 Petrum
1002 3679 1050 3757 de
1078 3681 1205 3758 Dumo
1244 3681 1404 3760 militem
1434 3686 1641 3790 quondam,
1735 3732 1739 3739 ·

222 3830 478 3918 preceptorem
499 3810 688 3903 Alvernie,
718 3810 957 3916 presentibus
988 3810 1165 3887 fratribus
1193 3813 1383 3890 Bernardo
1408 3815 1642 3922 presbytero,

222 3943 328 4050 cujus
342 3969 551 4049 cognomen
567 3943 730 4048 ignorat,
744 3939 953 4020 Guillelmo
968 3941 1182 4029 Charuerii,
1197 3940 1382 4020 avunculo
1395 3943 1512 4050 ipsius
1527 3949 1642 4035 testis,

224 4089 261 4148 et
285 4072 481 4180 Aymerico
506 4072 570 4151 del
592 4071 707 4151 Cbier
732 4072 995 4162 servientibus,
1026 4072 1242 4161 deffunctis,
1271 4074 1309 4149 in
1337 4075 1440 4150 bunc
1455 4075 1642 4152 modum:

223 4228 309 4278 uam
334 4200 647 4307 petitasocietate
668 4201 812 4279 ordinis
837 4218 875 4278 et
901 4201 972 4279 sibi
1001 4229 1195 4292 concessa,
1226 4202 1348 4279 dictus
1363 4221 1536 4310 receptor
1558 4203 1646 4281 lecit

224 4359 311 4408 eum
327 4357 459 4408 vovere
480 4349 518 4407 et
536 4332 664 4438 jurare
687 4331 908 4422 castitatem,
931 4330 1208 4420 obedienciam,
1229 4334 1351 4412 rivere
1370 4334 1450 4411 sine
1472 4335 1642 4439 proprio,

223 4478 261 4539 et
275 4489 425 4539 servare
441 4463 563 4540 bonos
587 4491 677 4539 usus
694 4480 731 4540 et
749 4463 868 4541 bonas
885 4463 1176 4541 consuetudines
1195 4465 1355 4551 ordinis,
1386 4481 1423 4540 et
1447 4465 1552 4570 quod
1576 4494 1644 4571 pro

224 4591 467 4697 acquisitione
500 4594 604 4700 regni
636 4592 867 4700 lerosolyme
899 4592 1038 4670 laceret
1065 4621 1173 4699 posse
1203 4622 1333 4682 suum,
1354 4612 1407 4671 ·et
1429 4595 1537 4702 quod
1568 4623 1644 4672 non

225 4723 367 4800 essetin
382 4721 465 4800 loco
480 4723 518 4798 in
534 4751 610 4830 quo
625 4723 759 4830 aliquis
774 4724 999 4802 christianus
1014 4722 1306 4802 exheredaretur
1320 4725 1473 4834 injuste,
1487 4743 1526 4803 et
1541 4726 1644 4833 quod

224 4881 299 4930 non
320 4851 501 4929 revelaret
523 4870 663 4929 secreta
680 4853 928 4958 capitulorum
949 4854 1113 4944 ordinis;
1138 4882 1214 4960 quo
1239 4853 1351 4942 lacto,
1377 4856 1556 4962 imposuit
1569 4856 1644 4934 sibi
