4236 5948
722 521 914 615 ruccas
946 541 1043 612 uas
1075 542 1383 617 rennuens.
1688 554 1760 625 201

341 678 380 754 in
400 676 686 783 recepcionibus
706 680 867 759 aliorum
887 678 1044 757 fratrum
1066 683 1211 761 ordinis
1228 683 1286 760 vel
1305 700 1407 790 post,
1429 683 1487 760 vel
1502 684 1644 792 aliquid
1660 688 1765 768 aliud

341 806 534 897 illicitum,
560 809 755 914 respondit
775 840 814 888 se
835 810 989 887 credere
1009 811 1113 917 quod
1133 811 1195 888 alii
1217 812 1464 921 abnegarent,
1488 813 1536 891 de
1557 815 1639 893 aliis
1659 817 1765 896 illici-

340 938 387 1015 tis
412 935 520 1013 aliud
545 938 731 1028 nesciens;
759 941 879 1017 credit
900 957 1028 1016 tamen
1049 943 1173 1045 quod,
1200 959 1354 1048 propter
1375 942 1486 1021 verba
1505 947 1674 1051 predicta
1693 949 1764 1027 sibi

342 1067 439 1145 dicta
459 1096 480 1145 a
500 1066 601 1145 dicto
621 1067 734 1146 fratre
754 1069 950 1159 Arnaudo,
974 1086 1012 1146 et
1032 1089 1185 1177 propter
1208 1072 1272 1149 illa
1297 1101 1373 1180 que
1394 1074 1501 1151 multi
1525 1104 1568 1150 ex
1587 1073 1765 1158 fr‘atribus

341 1197 485 1276 ordinis
504 1215 593 1275 sunt
613 1197 787 1291 confessi,
805 1201 909 1307 quod
925 1200 996 1276 alia
1008 1200 1137 1278 illicita
1149 1203 1419 1281 intervenirent
1429 1205 1468 1279 in
1480 1208 1765 1311 recepcionibus

342 1327 501 1406 aliorum
525 1328 584 1404 vel
608 1346 705 1433 post.
728 1330 838 1422 Item,
861 1331 953 1407 dixit
975 1331 1081 1437 quod
1100 1332 1140 1407 in
1161 1331 1222 1409 die
1244 1333 1398 1412 Veneris
1417 1335 1551 1412 Sancta
1572 1338 1705 1415 devote
1727 1357 1764 1416 et

342 1475 556 1536 reverenter
577 1458 781 1536 adorabant
809 1490 975 1549 crucem,
997 1478 1035 1536 et
1053 1462 1158 1567 quod
1178 1463 1257 1568 ipse
1276 1462 1375 1540 bene
1396 1464 1574 1542 credebat
1593 1467 1763 1545 ecclesia-

343 1589 442 1667 sticis
465 1591 723 1683 sacramentis,
751 1608 788 1667 et
813 1592 930 1668 credit
955 1592 1059 1698 quod
1080 1591 1142 1667 alii
1167 1591 1299 1669 fratres
1327 1594 1471 1671 ordinis
1491 1596 1626 1672 eodem
1648 1598 1763 1674 modo

343 1720 556 1810 crederent,
579 1739 617 1799 ct
626 1722 729 1827 quod
743 1750 874 1798 corum
896 1722 1107 1801 sacerdotes
1133 1723 1259 1800 debite
1280 1724 1524 1802 celebrarent.
1546 1726 1588 1801 In
1610 1727 1691 1833 ejus
1710 1746 1763 1806 ta-

344 1879 430 1929 men
456 1853 674 1958 rccepcione
704 1851 827 1929 dictus
854 1870 1025 1960 receptor
1048 1853 1140 1930 dixit
1166 1855 1199 1931 ei
1225 1856 1331 1960 quod
1358 1854 1499 1961 absque
1524 1855 1678 1934 licencia
1706 1859 1762 1935 sui

344 1982 547 2087 superioris
574 2011 651 2059 non
676 1983 880 2089 susciperet
905 1982 1069 2090 aliquem
1097 1983 1276 2061 infantem
1304 1984 1351 2061 de
1377 2013 1479 2062 sacro
1505 1985 1619 2063 fonte.
1648 1989 1762 2077 Item,

344 2111 435 2190 dixit
453 2141 492 2190 se
509 2113 692 2189 audivisse
714 2112 787 2189 dici
808 2143 828 2189 a
848 2111 1025 2191 fratribus
1046 2114 1189 2194 ordinis
1208 2115 1313 2221 quod
1333 2131 1572 2221 preceptores
1593 2133 1764 2194 tenentes

346 2242 517 2347 capitulla
537 2241 782 2349 imponebant
797 2243 1020 2349 disciplinas,
1040 2261 1077 2320 et
1085 2245 1283 2350 presbiteri
1300 2243 1541 2322 absolvebant
1557 2275 1576 2321 a
1593 2248 1762 2352 peccatis.

343 2371 482 2450 furavit
494 2372 666 2448 ordinem
681 2400 758 2449 non
773 2374 883 2465 exire,
899 2393 937 2449 et
949 2374 1069 2450 credit
1084 2375 1188 2479 quod
1199 2374 1301 2450 idern
1313 2374 1495 2482 jurarent,
1506 2392 1543 2452 et
1551 2377 1638 2483 quia
1650 2377 1766 2454 exive-

344 2519 409 2590 rat,
422 2500 496 2579 fuit
507 2530 527 2578 a
537 2502 702 2608 perjurio
717 2502 923 2580 absolutus.
942 2502 1183 2581 Clandestine
1200 2503 1487 2609 recipiebantur,
1502 2533 1543 2580 ex
1555 2530 1633 2611 quo
1646 2507 1766 2583 credit

344 2631 447 2738 quod
462 2652 560 2711 esset
576 2632 739 2738 suspicio
750 2650 877 2709 contra
895 2661 970 2709 eos.
987 2631 1165 2710 Cordulis
1179 2633 1282 2709 unde
1296 2633 1472 2710 volebant
1485 2635 1684 2739 assumptis
1699 2662 1767 2741 per

344 2764 592 2868 penitenciam
609 2764 854 2871 cingebantur
863 2792 977 2870 super
988 2792 1132 2871 pannos
1144 2764 1265 2841 lineos
1273 2793 1358 2841 curn
1369 2763 1510 2870 quibus
1515 2764 1767 2870 jacebantln-

338 2893 568 3001 jungebatur
588 2893 642 2972 eis
660 2923 728 3000 per
749 2913 1022 2971 sacramentum
1044 2923 1091 2970 ne
1116 2895 1324 2970 revelarent
1342 2910 1484 2969 secreta
1503 2893 1765 2998 capitoliorum

344 3054 412 3104 nec
437 3024 596 3102 modurn
621 3023 851 3129 recepcionis
880 3023 953 3100 illis
978 3025 1041 3131 qui
1068 3052 1144 3100 non
1170 3023 1381 3109 adfuerant,
1405 3021 1766 3127 etquicontrarium

344 3155 518 3233 fecissent
539 3155 754 3232 incarcerati
771 3154 939 3254 fuissent.
961 3152 1165 3231 Dicebatur
1181 3154 1233 3230 eis
1250 3153 1368 3259 quod,
1391 3150 1574 3259 quamdiu
1593 3166 1767 3255 poterant

345 3286 484 3365 habere
509 3284 723 3363 facultatem
753 3283 958 3362 confitendi
986 3283 1244 3363 sacerdotibus
1274 3282 1438 3374 ordinis,
1468 3310 1545 3359 non
1576 3281 1767 3357 debebant

344 3416 425 3494 aliis
442 3415 585 3523 absque
607 3445 739 3493 eorum
766 3415 919 3492 licencia
945 3413 1129 3492 confiteri.
1155 3416 1303 3491 Fratres
1329 3413 1486 3490 scientes
1517 3437 1661 3487 errores
1687 3438 1766 3488 esse

345 3547 382 3620 in
403 3544 559 3633 ordine,
582 3574 677 3651 quos
698 3545 816 3621 credit
835 3545 948 3622 fuisse
975 3545 1210 3623 introductos
1235 3572 1255 3618 a
1280 3543 1457 3651 Magistro
1479 3557 1516 3617 et
1542 3540 1589 3616 de
1609 3540 1768 3616 sciencia

345 3677 506 3755 aliorum
525 3673 682 3752 fratrum
699 3675 856 3762 ordinis,
880 3676 1032 3752 fuerunt
1049 3676 1296 3784 negligentes,
1319 3673 1407 3780 quia
1427 3700 1504 3748 non
1526 3686 1769 3746 correxerunt

348 3834 411 3883 eos
432 3833 502 3883 nec
521 3806 841 3883 denunciaverunt
859 3805 1040 3892 Ecclesie,
1059 3822 1097 3882 et
1111 3804 1231 3882 credit
1246 3802 1347 3910 quod
1365 3802 1507 3908 ubique
1528 3800 1769 3879 uniformiter

346 3937 611 4044 reciperentur.
640 3937 918 4042 Precipiebatur
940 3936 993 4013 eis
1012 3965 1080 4041 per
1099 3953 1337 4043 preceptores
1364 3930 1621 4037 eorum'quod
1641 3930 1768 4008 debite

346 4086 533 4145 servarent
548 4068 771 4145 elemosinas
788 4084 824 4144 et
837 4067 1142 4173 hospitalitatem,
1158 4085 1196 4145 et
1209 4080 1385 4144 ornarent
1396 4062 1566 4169 capellas,
1582 4077 1770 4136 etrevere·

347 4216 478 4275 rentur
497 4226 605 4276 senes
626 4198 781 4276 ordinis.
801 4196 951 4275 Audiuit
975 4197 1048 4273 dici
1073 4198 1177 4303 quod
1199 4225 1330 4275 eorum
1351 4190 1524 4300 capitulis
1548 4190 1643 4266 clam
1662 4206 1768 4265 tene·

346 4330 495 4420 bantur,
517 4328 633 4407 nullis
650 4328 889 4436 presentibus
909 4327 979 4404 nisi
996 4326 1171 4403 fratribus
1190 4325 1348 4416 ordinis,
1372 4341 1409 4401 et
1425 4321 1531 4430 quod
1548 4316 1769 4425 provideba-

346 4475 468 4535 turne
483 4459 675 4536 videretur
689 4459 747 4536 vel
763 4459 958 4538 audiretur
970 4458 1131 4535 exterius
1143 4457 1248 4562 quod
1264 4456 1423 4532 interius
1435 4452 1625 4558 agebatur.
1641 4446 1770 4525 Credit
1800 4528 1804 4532 ,

347 4591 450 4695 quod
470 4589 639 4667 ordinata
661 4617 729 4696 per
753 4589 970 4697 Magistrum
997 4616 1082 4664 cum
1103 4603 1289 4664 conventu
1309 4583 1468 4662 fuissent
1486 4596 1627 4659 servata
1648 4579 1687 4654 in
1710 4604 1771 4654 or·

347 4720 452 4808 dine,
471 4738 598 4798 contra
615 4750 730 4829 quem
749 4737 903 4827 propter
920 4719 1085 4825 predicta
1106 4747 1206 4795 nunc
1224 4714 1377 4825 grandia
1399 4709 1588 4800 scandala,
1610 4708 1771 4814 suspicio

348 4869 384 4927 et
411 4847 563 4928 infamia
591 4869 679 4929 sunt
705 4868 841 4929 exorta.
867 4849 999 4927 Credit
1022 4848 1125 4956 quod
1150 4846 1279 4925 illicita
1305 4873 1378 4951 que
1407 4840 1704 4920 interveniebant
1729 4837 1770 4915 iu

454 4986 561 5050 esocis
583 5009 635 5052 nes
657 5007 924 5051 reuertens-11.
1583 4974 1623 5036 26
