4236 5948
349 542 371 616 c
736 518 932 612 rnocts
958 538 1053 610 nus
1081 538 1384 612 rnurnxnns

347 684 471 793 pnati3
503 707 651 758 necnon
677 678 903 788 Raynaudus
930 679 978 758 de
1003 680 1206 759 Cunheriis
1234 681 1343 760 miles
1367 679 1618 766 Belvacensis,
1645 681 1778 756 Petrus

349 816 396 893 de
410 814 654 894 Claromonte
665 812 918 905 belvacensis,
936 829 974 889 et
988 812 1205 890 Bernardus
1221 812 1268 889 de
1282 814 1445 921 Sarnayo
1459 811 1678 890 Parisieusis
1698 811 1780 889 dio-

349 974 516 1034 cessum,
533 944 754 1034 servientes,
776 920 843 1052 per
865 943 1009 1022 dictum
1030 944 1234 1021 concilium
1251 946 1323 1024 sub
1339 961 1439 1022 certa
1458 942 1578 1020 forma
1600 942 1781 1023 condem-

347 1078 451 1186 pnati
472 1078 520 1154 ad
541 1106 695 1154 murum
715 1092 962 1184 perpetuum
991 1089 1028 1153 et
1050 1076 1278 1155 Lambertus
1304 1077 1351 1154 de
1372 1075 1589 1157 Cormclles
1608 1075 1779 1153 Suessio-

348 1209 474 1287 nensis
494 1209 687 1297 diocessis,
708 1208 889 1300 serviens3
905 1207 988 1314 qui,
1004 1207 1112 1285 tactis
1126 1211 1367 1287 sacrosanctis
1384 1208 1614 1315 Evangeliis,
1628 1207 1781 1314 jurave-

347 1357 439 1418 runt
456 1341 581 1418 dicere
602 1340 753 1446 plenam
775 1356 813 1416 et
831 1361 976 1415 meram
997 1339 1192 1418 veritatem
1213 1341 1253 1417 in
1276 1341 1348 1418 isto
1364 1334 1545 1447 negocio,
1568 1339 1779 1418 secundum

346 1471 508 1550 formam
524 1471 730 1578 juramenti
750 1469 911 1548 aliorum
929 1470 1085 1548 testium
1105 1471 1280 1579 superius
1299 1471 1549 1579 registratam,
1571 1470 1779 1578 expositam

348 1602 661 1710 etvulgarizatam
683 1602 841 1691 eisdem.

403 1735 491 1830 Quo
510 1733 618 1827 sacto,
638 1735 761 1812 dictus
777 1733 890 1812 frater
902 1735 1144 1824 Lambertus,
1162 1737 1307 1816 habens
1327 1737 1554 1816 mantellum
1569 1754 1607 1814 et
1621 1737 1778 1815 barbam

347 1865 512 1956 ordinis,
530 1865 963 1973 quadragintaquinque
983 1895 1168 1946 annorum
1186 1869 1245 1947 vel
1263 1869 1378 1959 circa,
1392 1869 1567 1947 nondum
1583 1867 1780 1946 absolutus

346 2023 417 2074 nec
435 1996 718 2085 reconciliatus,
741 2026 828 2074 cum
849 2025 927 2105 quo
949 2014 1095 2087 tamen,
1118 2017 1162 2077 ut
1188 1999 1297 2088 dixit,
1319 1977 1443 2077 fuerat
1465 1999 1690 2106 inquisitum
1711 2027 1780 2106 per

346 2126 515 2233 priorem
537 2128 821 2206 Predicatorum
847 2144 1053 2207 conventus
1073 2131 1289 2222 Trecensis,
1316 2129 1621 2208 commissarium
1655 2129 1780 2207 fratris

347 2257 545 2338 Guillelmi
562 2259 609 2337 de
623 2260 785 2338 Parisius
798 2260 944 2339 ordinis
956 2261 1132 2367 predicti,
1148 2261 1383 2369 inquisitoris
1403 2261 1569 2339 heretice
1589 2261 1780 2367 pravitatis

346 2391 387 2468 in
404 2420 524 2499 regno
542 2392 717 2483 Francic;
740 2393 1016 2498 protestacione
1033 2394 1216 2501 premissa
1231 2394 1337 2501 quod
1362 2423 1383 2471 a
1403 2393 1644 2501 deposicione
1663 2422 1778 2500 quam

345 2521 484 2602 fecerat
503 2553 628 2602 coram
643 2504 751 2602 ¹dicto
767 2525 893 2631 priore
915 2526 1094 2604 Trecensi
1114 2554 1192 2603 non
1212 2526 1380 2604 intendit
1398 2527 1593 2615 recedere,
1616 2525 1723 2604 lectis
1742 2543 1780 2602 et
1824 2568 1831 2574 ·

347 2653 550 2764 diligenter
570 2656 745 2763 expositis
773 2656 845 2734 sibi
872 2658 1050 2735 omnibus
1069 2674 1107 2735 et
1127 2657 1286 2765 singulis
1306 2657 1491 2747 articulis,
1517 2658 1715 2764 respondit
1738 2686 1778 2734 se

345 2788 511 2879 nescire,
530 2816 600 2866 nec
615 2787 788 2880 credere,
805 2816 874 2866 nec
888 2788 1075 2866 audivisse
1098 2789 1171 2865 dici
1191 2790 1239 2865 de
1257 2788 1443 2865 contentis
1457 2788 1495 2864 in
1514 2787 1567 2865 eis
1582 2786 1655 2865 nisi
1672 2787 1779 2892 quod

344 2919 528 3027 sequitur.
553 2920 658 2998 Dixit
682 2920 784 2995 enim
815 2947 854 2996 se
875 2918 990 2995 luisse
1010 2934 1207 3023 receptum
1234 2919 1274 2992 in
1301 2917 1442 3024 capella
1462 2918 1601 2995 domus
1626 2918 1778 3024 Templi

346 3049 394 3128 de
413 3049 639 3129 Colomcriis
659 3050 700 3124 in
722 3049 827 3138 Bria,
853 3048 1060 3126 Meldensis
1081 3049 1260 3140 diocesis,
1284 3049 1379 3126 circa
1399 3048 1538 3126 festum
1558 3048 1659 3125 beati
1680 3052 1779 3129 Mar-

343 3181 414 3259 tini
431 3180 607 3258 hiemalis
632 3179 804 3286 proximo
825 3179 1049 3285 preteritum
1070 3178 1226 3258 luerunt
1250 3207 1353 3258 xxuu
1378 3179 1467 3256 anni
1489 3179 1547 3257 vel
1570 3180 1676 3269 circa,
1708 3210 1789 3289 pcr-

343 3309 498 3390 fratrem
523 3312 725 3419 Hugonem
751 3310 896 3387 Picardi
919 3311 1130 3418 quondam,
1158 3312 1206 3389 de
1236 3312 1414 3390 mandato
1438 3311 1562 3390 fratris
1586 3312 1774 3421 Arnulphi

346 3443 394 3522 de
409 3441 628 3552 Vysamale,
650 3443 845 3548 quondam
863 3459 954 3520 tunc
973 3445 1205 3550 preceptoris
1224 3445 1325 3532 Bric,
1342 3443 1581 3550 presentibus
1597 3443 1777 3522 fratribus

343 3573 513 3654 Gerardo
534 3575 582 3652 de
610 3573 750 3651 Pruino
779 3572 1008 3681 presbitero,
1036 3592 1128 3652 tunc
1152 3593 1374 3683 preceptore
1396 3577 1533 3654 domus
1554 3576 1705 3683 Templi
1728 3577 1775 3655 de

343 3706 497 3795 Pruino,
519 3705 691 3815 Remigio
714 3706 760 3783 de
776 3705 903 3814 Ploysi
922 3705 1143 3797 deffunctis,
1163 3724 1200 3784 et
1215 3706 1445 3813 quibusdam
1466 3705 1548 3785 aliis
1569 3708 1776 3813 dequibus

295 3887 297 3892 r
342 3864 421 3916 non
432 3836 583 3926 recolit,
600 3836 641 3913 in
657 3837 761 3913 hunc
775 3837 936 3914 modum
954 3870 961 3913 :
979 3865 1066 3913 nam
1087 3867 1174 3915 cum
1190 3840 1365 3944 peciissct
1378 3868 1514 3945 panem
1529 3855 1567 3915 et
1586 3868 1722 3946 aquam
1737 3861 1775 3918 et

343 3967 561 4046 societatem
577 3967 736 4045 fratrum
757 3968 902 4045 ordinis
920 3968 992 4046 sibi
1010 3969 1167 4046 concedi
1181 3998 1308 4047 amore
1322 3970 1392 4049 Dei
1412 3987 1450 4047 et
1463 3969 1571 4047 beate
1588 3972 1718 4060 Mario,
1737 3988 1776 4049 et

341 4127 566 4206 responsum
587 4099 719 4177 fuisset
739 4100 810 4177 sibi
838 4101 944 4207 quod
965 4101 1064 4178 bene
1087 4101 1333 4196 deliberaret,
1355 4103 1445 4210 quia
1469 4121 1661 4210 oporteret
1683 4132 1773 4182 eurn

268 4315 269 4321 η
341 4230 461 4311 multa
481 4260 615 4340 aspera
626 4232 813 4311 sustinere
833 4232 874 4310 in
893 4232 1044 4327 ordine,
1064 4251 1101 4311 et
1116 4236 1221 4340 quod
1241 4252 1389 4343 rogaret
1409 4235 1534 4313 Deum
1556 4235 1661 4342 quod
1683 4263 1775 4313 eum

343 4362 539 4471 dirigeret,
556 4365 711 4442 taudem
726 4365 809 4471 ipso
825 4365 988 4442 instante
1005 4383 1043 4443 et
1053 4366 1286 4473 supplicante
1302 4384 1346 4443 ut
1360 4368 1477 4473 prius,
1492 4367 1648 4472 prestito
1664 4367 1712 4445 ab
1727 4395 1772 4446 co

340 4523 408 4601 per
419 4494 683 4602 juramentum
703 4495 809 4602 quod
829 4525 906 4573 non
927 4497 1092 4575 habebat
1116 4497 1377 4577 infirmitatem
1399 4496 1579 4576 latentem
1600 4527 1669 4576 nec
1694 4517 1774 4576 erat

340 4628 703 4714 excommunicatus,
727 4655 797 4704 ncc
816 4627 923 4705 alteri
937 4629 1113 4738 religioni
1134 4659 1203 4709 nec
1221 4630 1463 4707 matrimonio
1477 4629 1665 4739 alligatus,
1683 4629 1772 4708 fecit

339 4784 570 4837 eumvovere
582 4776 620 4836 et
624 4759 753 4867 jurare
765 4760 888 4837 dictus
897 4779 1071 4868 receptor
1083 4763 1299 4853 castitatem,
1313 4760 1589 4851 obedienciam,
1598 4777 1635 4837 ct
1646 4761 1769 4839 vivere

337 4889 419 4968 sine
439 4892 614 4997 proprio,
636 4909 767 4970 tenere
788 4891 910 4970 bonos
933 4922 1026 4972 usus
1047 4912 1088 4972 et
1103 4895 1223 4976 bonas
1249 4894 1639 5002 consuetudinesque
1661 4913 1769 4971 crant
