4236 5948
730 547 927 643 moces
952 567 1048 637 uns
1074 566 1376 638 annotinas.
1686 564 1759 638 tar

342 705 555 813 Requisitus
575 706 606 781 si
625 705 704 783 vult
722 708 919 812 persistere
934 707 972 782 in
989 705 1097 783 dictis
1117 734 1190 782 ase
1207 706 1394 811 responsis
1415 722 1451 781 et
1471 703 1682 782 consessatis
1703 706 1761 782 vel

341 837 496 941 negatis,
520 853 556 912 et
576 864 621 910 an
641 835 867 943 velitaliqua
887 834 1053 913 confiteri
1073 835 1279 913 secundum
1299 835 1584 939 veritatemque
1606 863 1683 912 ase
1698 864 1763 911 su-

341 967 466 1070 perius
482 984 567 1042 sunt
586 984 730 1071 negata,
752 965 945 1072 respondit
964 984 1002 1042 et
1021 965 1113 1042 dixit
1125 995 1164 1042 se
1179 967 1272 1044 scire
1294 983 1332 1041 et
1349 965 1500 1041 credere
1522 964 1626 1071 quod
1647 995 1760 1071 pure,

343 1098 378 1172 in
388 1097 561 1175 omnibus
570 1114 605 1174 et
613 1126 680 1202 per
693 1097 830 1185 omnia,
842 1096 974 1173 dixerit
984 1097 1186 1185 veritatem,
1200 1125 1220 1172 a
1233 1125 1306 1201 qua
1316 1096 1491 1172 recedere
1503 1124 1577 1172 non
1586 1095 1761 1172 intendit.

398 1359 504 1434 Anno
526 1374 563 1433 et
582 1357 643 1432 die
662 1356 800 1463 quibus
820 1385 942 1463 supra.

397 1490 473 1564 XX.
504 1491 629 1564 Frater
649 1487 873 1566 Guillelmus
893 1487 941 1563 de
960 1487 1122 1563 Terratis
1142 1486 1285 1563 ordinis
1306 1486 1394 1562 dicti
1410 1486 1556 1593 Templi
1575 1503 1612 1562 et
1627 1487 1764 1563 domus

342 1619 459 1695 Mansi
483 1619 571 1710 Dei,
598 1618 703 1695 testis
725 1618 873 1725 juratus
898 1617 946 1693 ad
971 1635 1094 1694 sancta
1122 1618 1193 1694 Dei
1220 1618 1417 1723 Evangelia
1448 1646 1561 1723 super
1587 1617 1764 1722 predictis

342 1749 505 1825 articulis
525 1766 562 1825 et
582 1776 714 1825 eorum
734 1748 902 1856 quolibet
919 1747 989 1825 sibi
1012 1747 1185 1853 expositis
1204 1748 1242 1823 in
1255 1748 1409 1853 vulgari,
1429 1766 1471 1824 ut
1486 1747 1697 1852 principalis
1717 1747 1764 1822 de

342 1905 380 1952 se
395 1879 493 1983 ipso,
517 1895 555 1954 et
575 1896 617 1954 ut
634 1879 739 1956 testis
761 1880 807 1956 de
828 1879 926 1967 aliis,
951 1878 1147 1986 diligenter
1161 1895 1198 1954 et
1213 1877 1399 1983 sigillatim
1421 1879 1685 1985 interrogatus,
1707 1907 1765 1952 re-

342 2007 530 2113 spondens
544 2008 590 2083 ad
611 2009 792 2114 primum,
810 2035 973 2085 11——xx1x
990 2007 1163 2085 articulos
1184 2008 1377 2096 inclusive,
1397 2009 1597 2113 diligenter
1612 2026 1648 2084 et
1662 2006 1765 2116 sigil-

342 2138 444 2214 latim
461 2139 724 2246 interrogatus‚
747 2141 892 2245 negavit
907 2138 1007 2243 ipsos
1021 2137 1195 2216 articulos
1210 2156 1246 2214 et
1257 2138 1380 2215 omnia
1392 2156 1428 2215 et
1437 2138 1584 2247 singula
1596 2155 1765 2215 contenta

343 2269 381 2343 in
399 2269 468 2358 eis;
489 2268 652 2372 adiciens
672 2268 775 2375 quod
795 2270 825 2347 si
845 2297 1002 2374 maguus
1023 2269 1196 2374 Magister
1220 2268 1363 2346 ordinis
1389 2269 1549 2375 predicti
1575 2269 1765 2347 consessus

344 2416 400 2474 est
418 2397 599 2504 predicta,
622 2398 800 2475 mentitus
818 2415 880 2475 est
904 2398 941 2472 in
960 2398 1080 2503 capud
1105 2428 1217 2476 suum
1244 2415 1282 2474 et
1308 2398 1399 2475 salso
1420 2399 1534 2476 modo
1554 2428 1622 2503 per
1638 2398 1764 2504 gulam

343 2557 459 2605 suam.
534 2590 543 2605 .

357 2730 365 2744 ,
398 2658 456 2735 Ad
476 2686 709 2743 xxxssxxxm
728 2658 903 2737 articulos
925 2658 1119 2747 inclusive,
1143 2657 1340 2763 diligenter
1356 2672 1393 2732 et
1408 2655 1595 2762 sigillatim
1607 2655 1765 2736 interro·

342 2805 463 2893 gatus,
484 2789 715 2895 respondens
735 2790 879 2896 negavit
896 2790 996 2896 ipsos
1008 2787 1236 2879 articuloset
1250 2786 1374 2864 omnia
1386 2805 1425 2864 et
1437 2785 1580 2892 singula
1594 2803 1766 2864 contenta

343 2917 462 3007 ineis,
486 2939 638 3027 excepto
659 2921 734 2997 oris
755 2921 900 3009 osculo,
921 2919 1026 3026 quod
1043 2936 1119 2996 tam
1135 2949 1156 2994 a
1175 2919 1377 3025 recipiente
1398 2918 1445 2993 ad
1465 2917 1637 2995 ordinem
1651 2947 1764 3024 quam

343 3075 362 3121 a
376 3067 525 3155 recepto
548 3050 590 3125 fit
606 3050 784 3127 duntaxat
798 3049 838 3125 in
859 3077 936 3126 ore.

399 3179 457 3256 Ad
472 3207 770 3258 xxxuu—xrxvu
783 3180 958 3258 articulos
974 3180 1169 3268 inclusive,
1188 3180 1384 3286 diligenter
1400 3195 1438 3255 et
1451 3178 1642 3286 sigillatim
1653 3179 1766 3255 inter-

343 3327 507 3416 rogatus,
540 3312 770 3418 respondens
791 3312 882 3389 dixit
900 3339 986 3389 vera
1007 3340 1086 3389 esse
1109 3328 1280 3388 contenta
1303 3310 1342 3386 in
1366 3310 1455 3416 ipsis
1487 3307 1669 3398 articulis;
1689 3310 1764 3394 adi-

343 3442 444 3515 ciens
463 3440 509 3516 de
532 3471 635 3520 more
660 3471 738 3519 esse
763 3441 879 3547 ipsius
901 3441 1045 3519 ordinis
1069 3439 1175 3547 quod
1199 3440 1328 3518 fratres
1353 3438 1418 3547 qui
1442 3439 1580 3544 recepti
1605 3456 1691 3516 sunt
1718 3440 1766 3517 ad

344 3568 465 3673 ipsum
484 3569 654 3653 ordinem
674 3571 897 3676 promittunt
919 3601 987 3677 per
1005 3571 1261 3676 juramentum
1286 3601 1324 3647 se
1345 3599 1422 3648 non
1447 3570 1545 3646 exire
1564 3598 1633 3646 nec
1652 3569 1767 3646 relin-

343 3727 459 3804 quere
480 3716 690 3806 susceptum
718 3699 888 3776 ordinem
912 3730 981 3805 pro
1008 3700 1139 3807 majori
1159 3701 1216 3776 vel
1239 3700 1376 3776 minori
1399 3700 1489 3789 alio,
1517 3701 1587 3777 nisi
1612 3700 1765 3778 obtenta

342 3827 489 3906 licentia
507 3858 527 3904 a
543 3830 736 3934 superiore
756 3846 976 3935 potestatem
995 3828 1154 3907 habente
1171 3830 1284 3906 dandi
1301 3829 1493 3907 licenciam
1508 3831 1556 3906 ad
1571 3830 1686 3907 aliurn
1702 3859 1765 3907 or·

344 3959 472 4035 dinem
491 3961 722 4038 transeundi.
940 4044 949 4065 ι
1091 3961 1094 3964 ’
1570 4035 1573 4038 .

399 4090 457 4165 Ad
468 4091 726 4192 ‘mxv111-lv1r
740 4093 914 4171 articulos
926 4092 1120 4183 inclusive,
1135 4093 1335 4201 diligenter
1351 4109 1388 4169 et
1404 4091 1593 4198 sigillatim
1604 4091 1763 4166 interro·

342 4237 462 4326 gatus,
484 4224 716 4328 respondens
736 4223 881 4330 negavit
900 4224 1117 4329 simpliciter
1139 4224 1307 4302 universa
1327 4242 1365 4301 et
1384 4221 1527 4329 singula
1544 4222 1582 4299 in
1603 4221 1656 4297 eis
1675 4247 1764 4298 con-

342 4369 459 4441 tenta,
482 4354 608 4431 dicens
627 4383 666 4431 se
683 4383 752 4431 nec
767 4355 859 4444 scire
877 4383 946 4432 nec
965 4355 1118 4432 credere
1133 4355 1196 4432 illa
1210 4383 1279 4431 nec
1299 4355 1422 4463 aliqua
1441 4354 1489 4430 de
1506 4352 1595 4429 illis.

398 4484 457 4561 Ad
475 4484 668 4564 lv111—lxx
683 4487 858 4565 articulos
871 4486 1063 4576 inclusive,
1082 4488 1283 4594 diligenter
1298 4505 1335 4564 et
1354 4485 1542 4594 sigillatim
1560 4485 1766 4590 interroga-

343 4632 412 4705 tus,
426 4618 658 4722 respondens
673 4619 819 4726 negavit
838 4619 962 4696 omnia
981 4636 1017 4696 et
1031 4618 1177 4729 singula
1191 4635 1364 4695 contenta
1383 4618 1422 4693 in
1437 4617 1527 4704 illis,
1544 4614 1643 4692 salvo
1660 4615 1764 4720 quod

343 4747 477 4826 latetur
495 4750 870 4856 quod‚11·ecepcionis
894 4767 1062 4856 tempore
1088 4749 1244 4827 fratrum
1265 4750 1353 4825 dicti
1375 4746 1535 4838 ordinis,
1558 4745 1768 4852 injungitur

344 4881 397 4957 eis
412 4897 454 4957 ut
473 4898 621 4987 portent
639 4881 817 4988 quasdam
838 4880 1009 4959 cordulas
1030 4882 1077 4959 de
1104 4881 1167 4960 filo
1186 4880 1287 4958 lineo
1308 4878 1367 4957 vel
1391 4879 1439 4958 de
1462 4904 1617 4984 canape,
1639 4875 1696 4952 vel
1717 4875 1765 4950 de

430 5039 536 5098 rnoc'rs
550 5056 603 5097 nes
618 5056 791 5098 sturmius.
808 5071 848 5083 -
864 5057 897 5097 11.
1559 5029 1599 5093 63
