4236 5948
742 499 938 593 raocts
968 520 1061 591 nas
1088 519 1393 597 ruurumas.
1729 537 1778 606 aa

356 679 581 771 protestatus
600 675 689 737 ante·
706 661 984 767 deposicionem
1005 691 1108 738 suam
1131 666 1233 770 quod
1260 694 1336 743 non
1357 668 1578 746 intendebat
1601 673 1779 750 recedere

357 825 376 872 a
404 793 646 898 deposicione
673 820 741 896 per
764 821 852 868 eum
881 792 972 869 lacta
1001 822 1124 870 coram
1147 796 1303 874 domino
1328 798 1607 907 archiepiscopo
1634 833 1780 882 memo-

353 945 443 1002 mlo.

408 1190 536 1263 Frater
555 1189 688 1263 Petrus
709 1187 756 1263 de
781 1189 908 1263 Monte
928 1186 1095 1264 Cbalveti
1115 1189 1295 1275 serviens,
1318 1190 1580 1297 Lugdunensis
1599 1196 1775 1283 diocesis,

353 1319 455 1396 testis
475 1345 587 1422 supra
609 1316 777 1422 juratus,
801 1316 1022 1393 mantellum
1043 1317 1187 1393 ordinis
1208 1335 1246 1393 et
1265 1318 1420 1396 barbam
1441 1321 1647 1416 defferens,
1672 1329 1777 1403 atatis

353 1447 777 1556 quadragintaquinque
797 1475 984 1523 annorum
997 1447 1055 1523 vel
1071 1448 1181 1536 circa,
1200 1477 1286 1524 cum
1300 1479 1377 1555 quo
1393 1451 1615 1556 inquisitum
1635 1454 1774 1542 fuerat,

353 1579 545 1658 absolutus
556 1595 593 1654 et
604 1577 863 1654 reconciliatus
873 1606 941 1682 per
952 1576 1149 1655 dominum
1162 1579 1482 1684 archiepiscopum
1493 1584 1773 1671 Turonensem,

348 1709 455 1797 ,lectis
471 1726 509 1785 et
527 1708 731 1813 diligenter
750 1708 925 1813 expositis
945 1708 1016 1785 sibi
1047 1707 1224 1784 omnibus
1255 1726 1294 1786 et
1321 1711 1480 1816 singulis
1505 1714 1687 1803 articulis,
1714 1746 1774 1794 re—

351 1840 503 1948 spoudit
525 1869 566 1917 se
592 1839 754 1929 nescire,
778 1867 846 1915 nec
871 1838 1042 1928 credere,
1070 1867 1140 1914 nec
1164 1840 1348 1916 audivisse
1369 1841 1442 1916 dici
1462 1844 1510 1919 de
1531 1848 1716 1923 contentis
1736 1850 1774 1923 in

352 1972 404 2047 eis
418 1972 489 2046 nisi
502 1970 607 2076 quod
620 1971 803 2075 sequitur.
819 1970 920 2046 Dixit
934 1971 1037 2044 euim
1049 1998 1088 2046 se
1100 1969 1214 2046 luisse
1228 1988 1420 2075 receptum
1434 1973 1473 2048 in
1483 1973 1624 2078 capella
1635 1977 1773 2055 domus

352 2103 396 2179 de
416 2101 570 2208 belleyo
590 2101 777 2177 Edueusis
797 2100 976 2188 diocesis,
995 2117 1083 2177 suut
1103 2101 1220 2177 modo
1240 2128 1286 2176 xx
1303 2102 1390 2176 anni
1406 2102 1464 2178 vel
1481 2106 1593 2195 circa,
1612 2135 1681 2211 per
1700 2109 1773 2186 lra-

351 2250 445 2310 trem
465 2231 672 2310 Geraldum
699 2231 746 2306 de
773 2232 933 2308 Sanzeto
960 2230 1120 2306 militem
1147 2230 1361 2336 quondam,
1386 2232 1666 2314 lemovicensis
1693 2240 1774 2318 dio-

350 2363 442 2438 cesis
462 2379 574 2452 tunc,
590 2377 849 2467 preceptorem
863 2361 1121 2437 ·Lemovicinii
1150 2377 1188 2435 et
1216 2360 1415 2451 Alvernie‚
1437 2365 1678 2467 presentibus
1703 2369 1775 2471 lra-

351 2493 471 2569 tribus
497 2491 707 2571 Guillelmo
738 2491 905 2567 Arnaudi
928 2490 1224 2580 Lemovicensb,
1252 2490 1433 2618 Guidoue
1464 2510 1501 2569 et
1532 2496 1691 2603 Hugone
1725 2500 1772 2576 de

348 2623 556 2700 ltlonbalho
576 2622 908 2709 Claramontensis‚
929 2638 966 2697 et
986 2621 1178 2726 Stephano
1198 2621 1245 2697 de
1261 2620 1366 2699 Valle
1386 2622 1572 2702 Edueusis
1595 2626 1770 2712 diocesis,

349 2753 596 2830 servientibus
613 2751 833 2838 deffunctis‚
853 2768 896 2828 ut
908 2752 1045 2837 credit,
1065 2751 1218 2827 inhunc
1234 2751 1410 2839 modum3
1428 2782 1513 2829 nam
1530 2784 1616 2832 cum
1637 2760 1770 2863 peciis-

349 2900 403 2959 set
422 2884 528 2960 llcxis
539 2881 699 2990 genibus
715 2911 850 2988 panem
867 2898 904 2958 et
920 2910 1054 2987 aquam
1068 2899 1106 2957 et
1124 2882 1339 2957 societatem
1360 2881 1515 2958 fratrum
1538 2885 1681 2962 ordinis
1700 2906 1768 2972 ter,

346 3014 500 3091 tandem
514 3015 637 3091 dictus
653 3032 825 3120 receptor
839 3014 1021 3090 concessit
1036 3012 1173 3099 eidem,
1188 3029 1229 3087 et
1243 3011 1333 3087 lecit
1346 3040 1435 3087 eum
1449 3041 1581 3091 vovero
1597 3033 1635 3092 et
1642 3018 1769 3122 jurare

348 3144 618 3232 castitatem,et
637 3147 757 3222 virere
777 3145 859 3220 sine
876 3143 1048 3249 proprio,
1070 3168 1216 3218 servare
1236 3141 1360 3218 bonos·
1377 3171 1469 3220 usus
1489 3161 1528 3219 et
1545 3144 1662 3224 bonas
1682 3176 1770 3224 con-

347 3276 567 3353 suetudines
581 3304 661 3381 -que
682 3293 774 3352 tuuc
793 3292 899 3351 erant
920 3273 1017 3350 etin
1036 3289 1232 3378 posterum
1252 3273 1539 3376 imponerentur
1563 3277 1601 3352 iu
1621 3278 1766 3357 ordine.

349 3407 496 3511 etquod
506 3435 584 3484 non
598 3406 778 3483 revelaret
790 3422 929 3482 secreta
948 3404 1212 3510 capitulorum.
1224 3403 1313 3495 Quo
1328 3402 1442 3495 lacto,
1458 3405 1581 3483 dictus
1598 3429 1770 3516 receptor
1811 3415 1817 3421 ’

346 3539 529 3644 imposuit
561 3538 633 3615 sibi
665 3536 905 3624 mantellum,
931 3552 1068 3612 ettam
1099 3535 1176 3639 ipso
1204 3563 1318 3639 quam
1347 3533 1410 3609 alii
1439 3553 1600 3614 astantes
1615 3537 1771 3618 fuerunt

347 3696 435 3745 eum
456 3669 612 3745 osculati
627 3669 665 3744 in
686 3696 763 3744 ore.
790 3667 938 3744 Deinde
959 3664 1135 3743 instruxit
1150 3691 1237 3741 eum
1256 3678 1350 3767 quot
1371 3666 1483 3742 Pater
1496 3671 1768 3748 norterdiceret

347 3825 414 3902 pro
435 3798 541 3897 horis
559 3799 652 3888 suis,
678 3817 716 3874 et
737 3796 901 3903 qualiter
924 3825 962 3871 se
984 3811 1131 3901 regeret
1148 3794 1186 3867 in
1205 3791 1359 3879 ordine,
1394 3792 1522 3873 dicens
1538 3798 1643 3874 idem
1664 3804 1769 3879 testis

343 3928 448 4033 quod
464 3929 503 4003 in
515 3928 611 4004 dicta
623 3927 843 4033 recepcioue
860 3954 927 4002 sua
942 3924 1048 4000 nulla
1062 3923 1192 3999 illicita
1211 3923 1502 4002 intervenerunt.
1520 3929 1764 4006 Postmodum

345 4075 484 4146 autem,
502 4057 662 4134 dimidio
678 4085 777 4134 anuo
793 4057 919 4162 elapso
932 4054 990 4132 vel
1004 4055 1115 4142 circa,
1127 4054 1320 4158 predictus
1330 4050 1444 4129 trater
1456 4054 1765 4135 Gnidodedlom

343 4187 461 4265 balbo
474 4206 673 4293 preceptor
692 4189 829 4265 domus
848 4185 998 4292 Templi
1021 4186 1068 4261 de
1088 4187 1289 4260 Lammens
1304 4182 1498 4260 ¹-llduensis
1517 4185 1692 4280 diocesis,
1709 4218 1768 4265 vo-

344 4318 438 4393 cavit
457 4318 600 4396 dictum
616 4337 752 4395 testem
769 4321 807 4394 in
828 4319 926 4395 dicta
942 4318 1058 4394 domo
1068 4332 1278 4393 morantem
1292 4312 1536 4391 adcameram
1546 4343 1664 4406 suam,
1677 4319 1766 4395 arul-
1852 4402 1858 4416 .

341 4446 389 4525 lis
413 4448 495 4526 aliis
516 4450 753 4556 presentibus
761 4493 774 4540 ‚·
789 4450 918 4526 dicens
938 4450 972 4526 ei
993 4447 1097 4554 quod
1120 4447 1201 4552 ipse
1215 4443 1386 4521 noudum
1403 4463 1483 4522 erat
1501 4447 1762 4552 Templarius,

341 4581 552 4686 precipiens
577 4583 611 4658 ei
641 4582 746 4688 quod
766 4580 968 4687 abnegaret
987 4583 1134 4667 Deum;
1164 4593 1306 4653 etcum
1331 4575 1410 4679 ipse
1431 4576 1579 4654 diceret
1592 4579 1764 4656 se=nullo

342 4710 459 4788 modo
473 4712 545 4788 boc
557 4713 741 4788 facturum
751 4775 759 4802 ‚
769 4713 863 4789 dixit
879 4711 951 4788 sibi
970 4711 1092 4786 dictus
1106 4720 1309 4814 preceptor
1329 4706 1437 4808 quod
1456 4708 1760 4814 oportebatreum

341 4841 542 4949 abnegare,
563 4845 733 4950 alioquin
751 4859 911 4947 poneret
928 4870 1015 4918 eum
1037 4841 1076 4916 in
1094 4837 1194 4914 malo
1211 4834 1311 4921 loeo,
1330 4851 1367 4912 et
1383 4853 1474 4914 tuuc
1485 4839 1570 4944 ¹ipse
1584 4840 1689 4916 testis
1702 4841 1765 4916 ab·

1575 4980 1620 5037 13.
