4236 5948
467 562 543 638 25a
848 532 1044 628 raeces
1074 551 1172 623 nas
1203 550 1512 626 rnurmuas.

467 721 634 790 crucem,
651 701 719 778 sed
734 699 859 775 Deum
873 694 998 772 noluit
1006 692 1193 799 abnegare
1204 722 1213 767 ε
1225 709 1264 767 et
1276 693 1368 769 dum
1384 694 1437 770 sic
1450 693 1738 781 contenderent,
1758 713 1797 770 et
1809 723 1893 799 pre-

465 832 566 911 dicta
585 831 907 910 comminarentur
924 824 1068 911 eidem,
1087 821 1255 927 prelatus
1270 843 1457 930 receptor,
1473 823 1730 902 contencione·
1744 826 1891 917 audita,

466 964 730 1072 superveniens
751 981 788 1039 et
807 961 952 1036 intrans
975 984 1177 1046 cameram,
1199 955 1367 1062 precepit
1394 956 1760 1062 quoddimitterent
1788 986 1890 1034 eum.

465 1093 547 1172 Alia
563 1094 692 1171 illicita
711 1120 788 1168 non
809 1092 1092 1166 intervenerunt
1112 1086 1151 1161 in
1171 1084 1273 1162 dicta
1296 1115 1363 1163 sua
1389 1085 1610 1192 recepcione
1633 1114 1706 1163 nec
1728 1106 1833 1192 post,
1856 1107 1894 1166 et

465 1225 554 1331 quia
575 1222 726 1302 nullum
748 1221 865 1297 alium
892 1219 987 1294 vidit
1003 1216 1120 1322 recipi
1145 1243 1215 1292 nec
1248 1216 1418 1294 interfuit
1445 1216 1618 1323 capitulis
1643 1219 1889 1308 eorumdem,

465 1355 584 1431 nescit
603 1355 633 1433 si
654 1354 722 1429 ista
742 1350 801 1428 vel
821 1351 891 1427 alia
904 1346 1205 1426 interveniebant
1223 1350 1477 1425 communiter
1492 1365 1531 1425 et
1545 1348 1688 1454 ubique
1704 1349 1748 1425 -in
1769 1378 1893 1456 recep

465 1484 637 1562 sionibus
652 1482 812 1560 aliorum
829 1479 887 1556 vel
906 1496 1013 1585 post;
1033 1478 1152 1554 nescit
1162 1478 1269 1584 quod
1288 1506 1402 1584 snper
1421 1478 1495 1556 hoc
1513 1478 1652 1555 credat.
1668 1479 1780 1568 Item,
1800 1481 1893 1558 dixit

463 1616 570 1720 qnod
589 1613 684 1690 infra
704 1612 906 1689 dimidium
921 1637 1064 1686 annum
1084 1609 1340 1714 arecepcione
1358 1610 1514 1687 sualuit
1534 1611 1581 1687 de
1601 1610 1781 1714 predictis
1801 1639 1893 1689 con·

462 1745 583 1822 fessus
601 1744 760 1822 domino
776 1743 951 1848 episcopo
971 1740 1170 1830 Tarvensi,
1192 1740 1232 1816 in
1252 1740 1408 1818 ecclesia
1426 1743 1562 1818 domus
1571 1739 1721 1847 Templi
1737 1742 1785 1819 de
1798 1744 1892 1820 Bor·
1910 1739 1914 1750 '

463 1876 584 1953 dellas
603 1875 762 1953 diocesis
781 1872 993 1962 Tarvensis,
1012 1873 1079 1977 qui
1098 1871 1147 1947 ad
1166 1870 1305 1946 dictam
1322 1872 1516 1949 ecclesiam
1530 1873 1751 1950 visitandam
1767 1900 1892 1951 acces·

463 2023 577 2096 serat,
595 2025 634 2083 et
653 2006 725 2082 fuit
745 2003 940 2080 absolutus
958 2001 1004 2077 ab
1025 2030 1083 2078 co.
1106 2003 1219 2089 Item,
1241 2001 1336 2078 dixit
1354 2005 1460 2109 quod
1485 2005 1564 2108 ipse
1587 2003 1685 2080 bene
1710 2003 1891 2081 credebat

463 2125 719 2213 ecciesiasticis
737 2133 996 2221 sacramentis,
1024 2133 1180 2208 credens
1204 2132 1319 2237 quod
1336 2133 1399 2209 alii
1426 2132 1558 2212 fratres
1582 2134 1726 2212 ordinis
1750 2135 1889 2211 eodem

463 2266 580 2344 modo
593 2266 807 2353 crederent,
820 2281 858 2339 et
872 2263 978 2370 quod
992 2291 1125 2340 eorum
1146 2263 1358 2341 sacerdotes
1373 2264 1503 2343 debite
1516 2265 1761 2343 celebrarent.
1776 2265 1890 2343 Clan-

463 2395 608 2475 destine
636 2393 923 2500 recipiebantur,
945 2392 1061 2472 nullis
1085 2393 1326 2499 presentibus
1350 2395 1421 2471 nisi
1451 2394 1627 2473 fratribus
1656 2394 1818 2485 ordinis,
1845 2424 1889 2472 ex

462 2552 540 2633 quo
560 2524 680 2602 credit
694 2524 801 2631 quod
815 2541 914 2601 esset
931 2523 1028 2600 mala
1043 2524 1208 2629 suspicio
1226 2542 1447 2601 contra-eos.
1468 2524 1647 2602 Cordulis
1666 2525 1769 2602 unde
1786 2526 1888 2603 vole-

460 2656 553 2732 bant
571 2655 773 2762 assumptis
793 2655 1039 2764 cingebantur
1057 2683 1171 2761 super
1190 2656 1360 2733 camisias
1376 2684 1463 2733 cum
1488 2655 1633 2763 quibus.
1641 2654 1817 2762 jacebant
1834 2656 1887 2733 nd

460 2787 765 2896 restringendum
786 2815 927 2864 carnes.
943 2785 1096 2864 Audivit
1116 2787 1189 2864 dici
1202 2789 1308 2893 qued
1325 2788 1394 2894 qui
1411 2787 1611 2864 revelasset
1629 2803 1775 2863 secreta·
1791 2788 1889 2892 capi·

460 2916 659 3008 tuliorum,
676 2919 902 3025 perdidisset
920 2920 1090 2995 domurn.
1107 2921 1146 2996 Si
1164 2921 1229 3024 qui
1248 2937 1354 2996 erant
1368 2918 1501 2995 fratres
1514 2919 1659 2996 ordinis
1673 2919 1834 2996 scientes
1847 2919 1885 2996 in

461 3063 506 3126 eo
534 3077 614 3127 esse
633 3078 782 3128 errores
803 3051 961 3128 fuerunt
987 3050 1236 3160 negligentes,
1256 3053 1345 3157 quia
1371 3079 1449 3127 non
1477 3069 1720 3128 correxerunt
1735 3078 1800 3128 eos
1817 3079 1886 3129 nee

459 3179 782 3258 denunciaverunt
802 3181 978 3258 Ecclesie.
993 3182 1249 3259 Elemosinam
1275 3198 1313 3259 et
1331 3181 1625 3287 hospitalitatem
1644 3181 1738 3258 vidit
1752 3210 1887 3259 conve·

460 3309 612 3387 nienter
622 3311 705 3388 fieri
726 3329 764 3386 et
783 3312 919 3387 servari
933 3313 972 3386 in
987 3310 1166 3388 domibus
1186 3312 1331 3389 ordinis
1345 3313 1385 3388 in
1408 3314 1548 3418 quibus
1562 3310 1699 3389 exstitit
1715 3339 1887 3389 commo-

459 3456 574 3518 ratus.
592 3440 743 3517 Audivit
762 3440 837 3518 dici
858 3442 962 3546 quod
983 3469 1115 3518 corum
1133 3442 1308 3547 capitulio
1333 3443 1429 3519 clam
1449 3443 1685 3520 tenebantur.
1702 3440 1886 3521 Ordinato

459 3595 528 3674 per
540 3570 760 3677 Magistrum
771 3600 859 3648 cunr
879 3589 1066 3649 conventu
1086 3582 1264 3649 servasset
1281 3573 1504 3662 totusordo,
1517 3588 1646 3650 contra
1659 3600 1777 3677 quem
1785 3601 1886 3650 nnnc

459 3717 613 3806 propter
632 3701 802 3807 predicte
826 3702 980 3812 grandia
999 3702 1192 3793 scandala,
1213 3704 1375 3809 suspicio
1397 3721 1436 3779 et
1453 3701 1608 3778 infamia
1632 3721 1721 3779 sunt
1740 3720 1883 3792 exorta3

458 3857 537 3909 non
552 3830 626 3909 luit
641 3832 738 3910 ultra
755 3862 879 3923 mare,
903 3850 940 3911 et
959 3833 1150 3912 obtulerat
1168 3834 1271 3912 send
1291 3833 1563 3913 deffensionem
1580 3834 1735 3911 ordinis.

514 3963 731 4069 Requisitus
744 3964 774 4041 si
787 3965 841 4043 sic
856 3964 1082 4071 deposuerat
1094 3994 1219 4071 prece,
1233 3984 1430 4071 precepto,
1444 3967 1598 4056 timore,
1612 3993 1759 4055 amore,
1776 3965 1882 4054 odio,

457 4091 517 4169 vel
529 4094 729 4203 temporali
746 4097 909 4172 comodo
923 4095 1055 4173 habito
1070 4095 1127 4172 vel
1147 4096 1344 4182 habendo,
1366 4097 1561 4203 respondit
1573 4095 1680 4204 quod
1699 4123 1795 4186 non,
1818 4095 1884 4172 sed

458 4225 702 4328 proteritate
725 4226 904 4315 dicenda;
926 4227 985 4303 cui
1010 4227 1083 4306 suit
1102 4228 1314 4335 injunctum
1339 4228 1445 4334 quod
1471 4256 1549 4303 non
1575 4227 1758 4305 revelaret
1790 4227 1885 4305 hanc

458 4383 566 4431 snam
587 4355 887 4461 deposicionem‚
906 4387 1106 4467 quousque
1127 4361 1387 4438 attestaciones
1401 4359 1542 4437 luerint
1559 4361 1760 4465 publicate.

514 4619 644 4694 Frater
676 4620 907 4699 Bertrandus
928 4621 1050 4702 Guasc
1074 4623 1262 4714 serviens,
1290 4623 1542 4701 Ruthenensis
1567 4623 1750 4714 diocesis,
1780 4622 1884 4700 testis

457 4774 568 4855 supra
582 4750 748 4857 juratus,
762 4752 1109 4863 quinquagenarius
1122 4753 1181 4831 vel
1198 4754 1310 4846 circa,
1330 4753 1554 4831 mantellum
1571 4753 1778 4844 defferens,
1795 4752 1883 4830 bar-

457 4878 546 4956 bam
562 4907 683 4959 rasam
698 4881 859 4977 habens,
875 4912 965 4964 cum
976 4912 1055 4992 quo
1068 4884 1292 4993 inquisitum
1307 4883 1429 4962 inerat
1441 4912 1508 4991 per
1520 4884 1718 4963 dominum
1737 4883 1882 4992 episco-
