4236 5948
728 514 926 608 moces
953 532 1048 605 nus
1072 533 1372 606 reuertens.
1683 544 1753 614 an

342 708 452 760 suum
472 678 672 784 requisitus
693 674 811 781 quod,
834 677 873 750 in
899 675 1096 752 emissione
1115 677 1189 752 voti
1211 676 1401 766 castitatis,
1431 675 1501 753 fuit
1522 678 1592 754 sibi
1619 680 1759 756 dictum

342 810 444 919 quod
463 810 493 886 si
514 808 648 914 aliquis
667 806 766 883 calor
779 804 954 883 naturalis
970 822 1138 883 moveret
1150 833 1255 894 eum,
1271 806 1468 912 refrigeret
1482 835 1562 884 sese
1579 837 1664 884 cum
1681 809 1760 885 aliis

342 939 515 1017 fratribus
535 938 621 1026 suis,
645 954 683 1013 et
696 936 768 1013 hoc
785 952 975 1041 pateretur
995 936 1041 1010 de
1062 935 1153 1012 aliis.
1169 937 1421 1043 Interrogatus
1439 953 1566 1014 utrum
1576 939 1628 1027 vi,
1641 938 1698 1014 vel
1714 944 1762 1015 ti-

343 1098 445 1149 more
464 1085 747 1155 tormentorum,
763 1067 932 1154 carceris,
948 1082 1013 1142 aut
1025 1065 1147 1171 aliqua
1161 1065 1230 1142 alia
1246 1094 1369 1154 causa,-
1388 1066 1427 1142 in
1441 1096 1506 1143 sua
1520 1068 1760 1175 deposicione

345 1199 476 1278 dixerit
495 1197 707 1285 falsitatem,
726 1197 818 1272 dixit
831 1223 899 1301 per
914 1195 1169 1301 juramentum
1189 1225 1299 1273 suum
1316 1196 1419 1303 quod
1439 1225 1533 1287 non3
1555 1199 1671 1276 immo
1692 1230 1762 1306 pu-

344 1358 422 1407 rem
441 1345 477 1404 et
496 1356 636 1403 meram
658 1327 751 1403 dixit
772 1326 972 1402 veritatem.

396 1590 489 1665 Item
509 1614 622 1674 anno,
645 1584 849 1673 indicione,
871 1612 1014 1673 mense,
1035 1584 1270 1690 pontificatu,
1292 1614 1388 1664 anno
1410 1603 1447 1663 et
1465 1586 1548 1665 loco
1567 1589 1757 1692 predictis,

343 1717 512 1794 vicesima
530 1716 657 1821 quinta
680 1715 740 1789 die
761 1713 940 1802 octobris,
969 1714 1007 1788 in
1030 1713 1118 1790 dicti
1137 1714 1384 1820 inquisitoris,
1407 1733 1575 1792 nostrum
1594 1721 1759 1795 notario-

344 1874 426 1923 rum
454 1864 491 1923 et
519 1843 836 1950 infrascriptarum
862 1843 1014 1919 testium
1041 1844 1232 1947 presencia
1272 1845 1513 1950 personaliter
1539 1848 1761 1923 constitutus

345 1976 453 2052 frater
470 1973 657 2051 lohannes
683 1974 731 2050 de
760 1974 911 2079 Crotoy‚
941 1973 1047 2050 etatis
1070 1974 1337 2080 quinquaginta
1364 2004 1427 2052 sex
1445 2003 1645 2064 annorum,
1679 2006 1762 2081 pre-

344 2122 469 2210 ceptor
488 2104 623 2181 domus
643 2105 690 2179 de
712 2103 927 2181 Senevieres
947 2101 1148 2181 Meldensis
1176 2103 1349 2194 diocesis,
1369 2105 1502 2182 eodem
1517 2107 1632 2182 modo
1655 2108 1702 2183 de
1722 2137 1761 2183 se

345 2251 383 2310 et
398 2233 481 2311 diis
501 2234 627 2309 dicere
650 2234 842 2309 veritatem
867 2233 905 2308 in
927 2260 1035 2309 causa
1055 2231 1162 2323 fidei;
1185 2251 1221 2311 et
1241 2235 1443 2340 requisitus
1466 2235 1513 2311 de
1537 2253 1706 2341 tempore
1727 2256 1764 2313 et

343 2363 455 2441 modo
475 2362 706 2468 recepcionis
726 2392 809 2447 sue,
840 2362 933 2439 dixit
951 2392 1020 2467 per
1033 2363 1288 2470 juramentum
1312 2391 1421 2441 suum
1446 2366 1550 2470 quod
1574 2392 1656 2442 xxvi
1676 2369 1761 2441 anni

343 2510 427 2569 sunt
444 2492 559 2597 elapsi
574 2491 677 2597 quod
688 2490 760 2567 fuit
776 2509 946 2596 receptus
966 2490 1065 2597 apud
1085 2494 1252 2569 Mentem
1271 2495 1597 2581 Suessionensem,
1613 2523 1681 2598 per
1691 2495 1765 2569 fra·

341 2640 435 2699 trem
460 2623 646 2698 Herveum
671 2621 718 2696 de
745 2620 838 2698 Vilia
858 2622 1008 2698 Petrosa
1034 2620 1193 2697 militem
1226 2622 1314 2698 dicti
1340 2621 1499 2709 ordinis,
1528 2623 1763 2727 presentibus

342 2751 450 2829 fratre
467 2751 673 2829 Baldouino
695 2750 742 2827 de
758 2750 873 2825 Theri
900 2749 1019 2825 milite
1046 2750 1133 2824 dicti
1156 2749 1314 2839 ordinis,
1331 2766 1369 2826 et
1383 2749 1605 2855 quibusdam
1620 2751 1699 2827 aliis
1715 2754 1762 2827 de

343 2908 503 2985 quorum
523 2879 739 2954 nominibus
765 2904 842 2952 non
867 2876 1009 2953 recolit.
1035 2878 1135 2952 Dixit
1155 2878 1272 2952 eciam
1296 2906 1363 2982 per
1377 2879 1631 2984 juramentum
1651 2910 1762 2956 suum

342 3010 459 3114 quod,
480 3025 565 3113 post
579 3008 712 3083 multas
728 3006 991 3111 promissiones
1007 3006 1053 3081 de
1071 3005 1309 3082 observandis
1332 3007 1476 3083 statutis
1496 3007 1584 3083 dieti
1602 3009 1759 3097 ordinis,

342 3137 401 3214 itte
417 3138 483 3243 qui
502 3137 644 3242 recepit
664 3164 749 3211 eum
768 3136 933 3212 ostendit
948 3134 1020 3211 sibi
1038 3135 1248 3241 ymaginem
1263 3134 1380 3211 thesu
1393 3134 1531 3212 Christi
1544 3136 1707 3214 crucifixi
1725 3140 1763 3215 in

341 3266 452 3354 libro,
466 3264 682 3370 etpeciitab
698 3293 744 3343 eo
759 3280 886 3341 utrum
900 3264 1072 3341 crederet
1087 3265 1126 3339 in
1142 3293 1230 3341 eum
1241 3264 1345 3371 cujus
1359 3262 1476 3370 figora
1495 3283 1573 3342 erat
1592 3269 1630 3342 in
1646 3267 1761 3356 libro;

341 3397 405 3501 qui
430 3395 625 3500 respondit
647 3394 749 3500 quod
770 3396 834 3471 sic.
855 3395 902 3471 Et
920 3410 1012 3471 tunc
1032 3392 1123 3469 dixit
1142 3393 1213 3470 sibi
1233 3393 1415 3499 recipiens
1434 3395 1538 3500 quod
1562 3394 1662 3473 fatue
1688 3427 1765 3474 cre·

342 3525 467 3615 debat,
483 3541 521 3603 et
533 3525 621 3600 fecit
635 3553 722 3600 eum
737 3540 795 3600 ter
807 3523 991 3628 abnegare
1005 3523 1162 3600 ihesum
1177 3523 1371 3601 Christum
1386 3542 1422 3600 et
1435 3541 1494 3601 ter
1503 3554 1648 3631 spuere.
1664 3528 1764 3605 Dixit

341 3671 463 3733 tamen
481 3655 585 3759 quod
606 3653 756 3729 cavebat
774 3652 844 3728 sibi
864 3671 1046 3757 quantum
1065 3668 1276 3756 poteratne
1296 3672 1447 3758 spueret
1466 3684 1576 3760 supra
1596 3685 1761 3746 crucem3

342 3783 504 3892 fingebat
527 3801 652 3862 tamen
677 3783 782 3889 quod
802 3800 952 3887 spueret
980 3810 1091 3887 supra
1123 3810 1283 3860 crucem.
1309 3782 1410 3860 Dixit
1433 3802 1558 3861 tamen
1577 3814 1646 3890 per
1660 3789 1764 3893 jura-

341 3932 509 3993 mentum
529 3942 639 3991 suum
653 3912 757 4018 quod
774 3912 941 4019 precepit
956 3911 1027 3988 sibi
1045 3912 1146 3989 idem
1160 3914 1343 4020 recipiens
1357 3914 1459 4020 quod
1479 3916 1634 3993 omnino
1650 3915 1762 3992 absti-

341 4060 446 4122 neret
472 4072 512 4120 se
532 4043 807 4132 amulieribus3
829 4059 956 4119 tamen
973 4042 1002 4118 si
1022 4043 1222 4120 necessitas
1245 4045 1365 4120 carnis
1383 4062 1533 4150 urgeret
1561 4073 1665 4132 eum,
1681 4073 1764 4150 pos-

340 4190 448 4263 setse
457 4173 651 4251 carnaliter
661 4203 747 4250 cum
759 4173 934 4250 iratribus
949 4173 1202 4250 commiscere.
1222 4174 1434 4280 Requisitus
1447 4174 1494 4250 de
1513 4172 1653 4262 osculo,
1671 4175 1763 4249 dixit

340 4330 406 4407 per
420 4305 679 4412 juramentum
695 4332 806 4381 suum
821 4303 925 4410 quod
944 4302 1130 4383 osculatus
1144 4302 1216 4380 fuit
1235 4306 1273 4381 in
1293 4305 1472 4383 umbilico
1486 4322 1523 4381 et
1541 4305 1580 4381 in
1599 4332 1676 4381 ore.
1693 4305 1764 4380 Re-

341 4433 498 4538 quisitus
516 4452 644 4511 utrum
665 4435 717 4522 vi,
733 4433 791 4510 vel
810 4449 912 4511 metu
931 4426 1201 4510 tormentorum
1216 4435 1273 4511 vel
1289 4436 1460 4523 carceris,
1477 4452 1542 4512 aut
1556 4434 1678 4539 aliqua
1692 4433 1762 4509 alia

341 4591 461 4652 causa,
494 4567 532 4640 in
554 4593 620 4641 sua
640 4564 881 4671 deposicione
902 4563 1036 4640 dixerit
1054 4563 1270 4653 salsitatem,
1300 4564 1392 4641 dixit
1416 4593 1484 4669 per
1505 4566 1761 4671 juramentum

341 4720 448 4771 suurn
470 4694 574 4801 quod
589 4722 680 4782 non,
703 4694 819 4770 immo
835 4722 966 4799 puram
987 4712 1024 4770 et
1043 4722 1184 4769 meram
1207 4692 1341 4770 dixerit
1360 4694 1561 4771 veritatem.
