<?xml version="1.0" encoding="UTF-8"?>
<!DOCTYPE html PUBLIC "-//W3C//DTD XHTML 1.0 Transitional//EN"
    "http://www.w3.org/TR/xhtml1/DTD/xhtml1-transitional.dtd">
<html xmlns="http://www.w3.org/1999/xhtml" xml:lang="en" lang="en">
 <head>
  <title>
</title>
<meta http-equiv="Content-Type" content="text/html;charset=utf-8" />
  <meta name='ocr-system' content='tesseract 3.04.00' />
  <meta name='ocr-capabilities' content='ocr_page ocr_carea ocr_par ocr_line ocrx_word'/>
</head>
<body>
  <div class='ocr_page' id='page_1' title='image "./procsdestemplie00defegoog/procsdestemplie00defegoog_0374.png"; bbox 0 0 4236 5948; ppageno 0'>
   <div class='ocr_carea' id='block_1_1' title="bbox 483 483 1506 601">
    <p class='ocr_par' dir='ltr' id='par_1_1' title="bbox 483 483 1506 601">
     <span class='ocr_line' id='line_1_1' title="bbox 483 483 1506 601; baseline -0.007 -3"><span class='ocrx_word' id='word_1_1' title='bbox 483 530 556 601; x_wconf 80' lang='lat'>352</span> <span class='ocrx_word' id='word_1_2' title='bbox 869 504 1064 598; x_wconf 75' lang='lat' dir='ltr'>rnocns</span> <span class='ocrx_word' id='word_1_3' title='bbox 1091 522 1185 594; x_wconf 81' lang='lat' dir='ltr'>ons</span> <span class='ocrx_word' id='word_1_4' title='bbox 1211 483 1506 600; x_wconf 74' lang='lat' dir='ltr'>rennuens,</span> 
     </span>
    </p>
   </div>
   <div class='ocr_carea' id='block_1_2' title="bbox 444 662 1904 2987">
    <p class='ocr_par' dir='ltr' id='par_1_2' title="bbox 444 662 1901 1916">
     <span class='ocr_line' id='line_1_2' title="bbox 478 662 1897 773; baseline -0.004 -29"><span class='ocrx_word' id='word_1_5' title='bbox 478 696 545 773; x_wconf 89' lang='lat' dir='ltr'>pro</span> <span class='ocrx_word' id='word_1_6' title='bbox 561 663 670 744; x_wconf 91' lang='lat' dir='ltr'>nobis</span> <span class='ocrx_word' id='word_1_7' title='bbox 687 682 724 742; x_wconf 90' lang='lat' dir='ltr'>et</span> <span class='ocrx_word' id='word_1_8' title='bbox 739 665 820 748; x_wconf 88' lang='lat' dir='ltr'>aliis</span> <span class='ocrx_word' id='word_1_9' title='bbox 835 664 1092 770; x_wconf 88' lang='lat' dir='ltr'>peccatoribus</span> <span class='ocrx_word' id='word_1_10' title='bbox 1106 662 1352 753; x_wconf 86' lang='lat' dir='ltr'>redimendis,</span> <span class='ocrx_word' id='word_1_11' title='bbox 1369 681 1407 740; x_wconf 87' lang='lat' dir='ltr'>et</span> <span class='ocrx_word' id='word_1_12' title='bbox 1426 663 1531 771; x_wconf 91' lang='lat' dir='ltr'>quod</span> <span class='ocrx_word' id='word_1_13' title='bbox 1546 662 1722 741; x_wconf 85' lang='lat' dir='ltr'>credebat</span> <span class='ocrx_word' id='word_1_14' title='bbox 1736 664 1776 741; x_wconf 93' lang='lat' dir='ltr'>in</span> <span class='ocrx_word' id='word_1_15' title='bbox 1789 692 1897 755; x_wconf 80' lang='lat' dir='ltr'>eum3</span> 
     </span>
     <span class='ocr_line' id='line_1_3' title="bbox 444 793 1899 902; baseline -0.002 -27"><span class='ocrx_word' id='word_1_16' title='bbox 444 801 446 807; x_wconf 78' lang='grc'><strong>’</strong></span> <span class='ocrx_word' id='word_1_17' title='bbox 479 815 517 875; x_wconf 90' lang='lat' dir='ltr'>et</span> <span class='ocrx_word' id='word_1_18' title='bbox 535 815 626 874; x_wconf 92' lang='lat' dir='ltr'>tunc</span> <span class='ocrx_word' id='word_1_19' title='bbox 645 797 834 902; x_wconf 85' lang='lat' dir='ltr'>predictus</span> <span class='ocrx_word' id='word_1_20' title='bbox 853 795 1038 901; x_wconf 89' lang='lat' dir='ltr'>recipiens</span> <span class='ocrx_word' id='word_1_21' title='bbox 1058 794 1151 870; x_wconf 85' lang='lat' dir='ltr'>dixit</span> <span class='ocrx_word' id='word_1_22' title='bbox 1169 794 1240 870; x_wconf 88' lang='lat' dir='ltr'>sibi</span> <span class='ocrx_word' id='word_1_23' title='bbox 1262 795 1367 900; x_wconf 93' lang='lat' dir='ltr'>quod</span> <span class='ocrx_word' id='word_1_24' title='bbox 1390 794 1489 870; x_wconf 90' lang='lat' dir='ltr'>male</span> <span class='ocrx_word' id='word_1_25' title='bbox 1509 793 1702 881; x_wconf 85' lang='lat' dir='ltr'>credebat,</span> <span class='ocrx_word' id='word_1_26' title='bbox 1732 809 1770 870; x_wconf 88' lang='lat' dir='ltr'>et</span> <span class='ocrx_word' id='word_1_27' title='bbox 1794 794 1899 901; x_wconf 93' lang='lat' dir='ltr'>quod</span> 
     </span>
     <span class='ocr_line' id='line_1_4' title="bbox 477 923 1901 1033; baseline -0.001 -29"><span class='ocrx_word' id='word_1_28' title='bbox 477 927 674 1033; x_wconf 83' lang='lat' dir='ltr'>oportebat</span> <span class='ocrx_word' id='word_1_29' title='bbox 692 926 903 1003; x_wconf 89' lang='lat' dir='ltr'>secundum</span> <span class='ocrx_word' id='word_1_30' title='bbox 924 941 1059 1002; x_wconf 82' lang='lat' dir='ltr'>statuta</span> <span class='ocrx_word' id='word_1_31' title='bbox 1082 923 1227 1001; x_wconf 88' lang='lat' dir='ltr'><strong>ordinis</strong></span> <span class='ocrx_word' id='word_1_32' title='bbox 1247 925 1351 1032; x_wconf 91' lang='lat' dir='ltr'>quod</span> <span class='ocrx_word' id='word_1_33' title='bbox 1372 953 1459 1002; x_wconf 89' lang='lat' dir='ltr'>eum</span> <span class='ocrx_word' id='word_1_34' title='bbox 1478 924 1678 1031; x_wconf 82' lang='lat' dir='ltr'>abnegaret</span> <span class='ocrx_word' id='word_1_35' title='bbox 1696 942 1764 1015; x_wconf 89' lang='lat' dir='ltr'>ter,</span> <span class='ocrx_word' id='word_1_36' title='bbox 1787 942 1825 1002; x_wconf 91' lang='lat' dir='ltr'>et</span> <span class='ocrx_word' id='word_1_37' title='bbox 1843 941 1901 1003; x_wconf 90' lang='lat' dir='ltr'>ter</span> 
     </span>
     <span class='ocr_line' id='line_1_5' title="bbox 477 1054 1898 1165; baseline 0.001 -32"><span class='ocrx_word' id='word_1_38' title='bbox 477 1074 629 1165; x_wconf 88' lang='lat' dir='ltr'>spueret</span> <span class='ocrx_word' id='word_1_39' title='bbox 647 1086 757 1162; x_wconf 89' lang='lat' dir='ltr'>supra</span> <span class='ocrx_word' id='word_1_40' title='bbox 777 1086 925 1133; x_wconf 89' lang='lat' dir='ltr'>crucem</span> <span class='ocrx_word' id='word_1_41' title='bbox 949 1072 986 1132; x_wconf 91' lang='lat' dir='ltr'>et</span> <span class='ocrx_word' id='word_1_42' title='bbox 1004 1055 1214 1162; x_wconf 83' lang='lat' dir='ltr'>ymaginem</span> <span class='ocrx_word' id='word_1_43' title='bbox 1236 1054 1444 1160; x_wconf 82' lang='lat' dir='ltr'>predictas3</span> <span class='ocrx_word' id='word_1_44' title='bbox 1465 1055 1674 1162; x_wconf 88' lang='lat' dir='ltr'>precipiens</span> <span class='ocrx_word' id='word_1_45' title='bbox 1702 1055 1774 1133; x_wconf 91' lang='lat' dir='ltr'>sibi</span> <span class='ocrx_word' id='word_1_46' title='bbox 1794 1057 1898 1163; x_wconf 92' lang='lat' dir='ltr'>quod</span> 
     </span>
     <span class='ocr_line' id='line_1_6' title="bbox 478 1183 1898 1291; baseline -0.001 -27"><span class='ocrx_word' id='word_1_47' title='bbox 478 1189 549 1264; x_wconf 89' lang='lat' dir='ltr'>hoc</span> <span class='ocrx_word' id='word_1_48' title='bbox 568 1187 721 1276; x_wconf 85' lang='lat' dir='ltr'>laceret,</span> <span class='ocrx_word' id='word_1_49' title='bbox 746 1187 873 1264; x_wconf 90' lang='lat' dir='ltr'>dicens</span> <span class='ocrx_word' id='word_1_50' title='bbox 894 1186 1018 1263; x_wconf 89' lang='lat' dir='ltr'>eidem</span> <span class='ocrx_word' id='word_1_51' title='bbox 1045 1184 1111 1291; x_wconf 91' lang='lat' dir='ltr'>qui</span> <span class='ocrx_word' id='word_1_52' title='bbox 1136 1183 1306 1290; x_wconf 91' lang='lat' dir='ltr'>loquitur</span> <span class='ocrx_word' id='word_1_53' title='bbox 1325 1186 1430 1291; x_wconf 90' lang='lat' dir='ltr'>quod</span> <span class='ocrx_word' id='word_1_54' title='bbox 1452 1201 1554 1262; x_wconf 89' lang='lat' dir='ltr'>tanta</span> <span class='ocrx_word' id='word_1_55' title='bbox 1578 1200 1658 1262; x_wconf 90' lang='lat' dir='ltr'>erat</span> <span class='ocrx_word' id='word_1_56' title='bbox 1677 1184 1898 1263; x_wconf 87' lang='lat' dir='ltr'>obediencia</span> 
     </span>
     <span class='ocr_line' id='line_1_7' title="bbox 477 1313 1899 1422; baseline 0 -30"><span class='ocrx_word' id='word_1_57' title='bbox 477 1317 534 1392; x_wconf 91' lang='lat' dir='ltr'>sui</span> <span class='ocrx_word' id='word_1_58' title='bbox 549 1315 707 1404; x_wconf 89' lang='lat' dir='ltr'>ordinis,</span> <span class='ocrx_word' id='word_1_59' title='bbox 725 1317 828 1422; x_wconf 91' lang='lat' dir='ltr'>quod</span> <span class='ocrx_word' id='word_1_60' title='bbox 846 1315 1043 1421; x_wconf 89' lang='lat' dir='ltr'>oportebat</span> <span class='ocrx_word' id='word_1_61' title='bbox 1057 1314 1163 1420; x_wconf 94' lang='lat' dir='ltr'>quod</span> <span class='ocrx_word' id='word_1_62' title='bbox 1176 1316 1254 1421; x_wconf 92' lang='lat' dir='ltr'>ipse</span> <span class='ocrx_word' id='word_1_63' title='bbox 1270 1314 1332 1421; x_wconf 91' lang='lat' dir='ltr'>qui</span> <span class='ocrx_word' id='word_1_64' title='bbox 1350 1314 1519 1421; x_wconf 92' lang='lat' dir='ltr'>loquitur</span> <span class='ocrx_word' id='word_1_65' title='bbox 1527 1332 1563 1391; x_wconf 91' lang='lat' dir='ltr'>et</span> <span class='ocrx_word' id='word_1_66' title='bbox 1576 1313 1637 1391; x_wconf 90' lang='lat' dir='ltr'>alii</span> <span class='ocrx_word' id='word_1_67' title='bbox 1654 1313 1782 1392; x_wconf 85' lang='lat' dir='ltr'>fratres</span> <span class='ocrx_word' id='word_1_68' title='bbox 1798 1316 1899 1393; x_wconf 90' lang='lat' dir='ltr'>ordi·</span> 
     </span>
     <span class='ocr_line' id='line_1_8' title="bbox 477 1444 1898 1552; baseline 0.001 -32"><span class='ocrx_word' id='word_1_69' title='bbox 477 1448 534 1521; x_wconf 92' lang='lat' dir='ltr'>nis</span> <span class='ocrx_word' id='word_1_70' title='bbox 554 1445 717 1522; x_wconf 85' lang='lat' dir='ltr'>lacerent</span> <span class='ocrx_word' id='word_1_71' title='bbox 731 1445 914 1551; x_wconf 92' lang='lat' dir='ltr'>quicquid</span> <span class='ocrx_word' id='word_1_72' title='bbox 934 1462 1171 1551; x_wconf 85' lang='lat' dir='ltr'>preceptores</span> <span class='ocrx_word' id='word_1_73' title='bbox 1190 1445 1249 1522; x_wconf 91' lang='lat' dir='ltr'>sui</span> <span class='ocrx_word' id='word_1_74' title='bbox 1269 1444 1340 1522; x_wconf 90' lang='lat' dir='ltr'>sibi</span> <span class='ocrx_word' id='word_1_75' title='bbox 1357 1445 1594 1552; x_wconf 90' lang='lat' dir='ltr'>preciperent</span> <span class='ocrx_word' id='word_1_76' title='bbox 1611 1462 1898 1551; x_wconf 88' lang='lat' dir='ltr'>quantumcum-</span> 
     </span>
     <span class='ocr_line' id='line_1_9' title="bbox 477 1575 1900 1684; baseline -0.002 -30"><span class='ocrx_word' id='word_1_77' title='bbox 477 1607 551 1684; x_wconf 86' lang='lat' dir='ltr'>que</span> <span class='ocrx_word' id='word_1_78' title='bbox 573 1594 696 1655; x_wconf 90' lang='lat' dir='ltr'>essent</span> <span class='ocrx_word' id='word_1_79' title='bbox 715 1576 822 1665; x_wconf 83' lang='lat' dir='ltr'>viles,</span> <span class='ocrx_word' id='word_1_80' title='bbox 840 1578 952 1653; x_wconf 89' lang='lat' dir='ltr'>etiam</span> <span class='ocrx_word' id='word_1_81' title='bbox 973 1577 1004 1653; x_wconf 92' lang='lat' dir='ltr'>si</span> <span class='ocrx_word' id='word_1_82' title='bbox 1021 1593 1142 1655; x_wconf 88' lang='lat' dir='ltr'>essent</span> <span class='ocrx_word' id='word_1_83' title='bbox 1159 1576 1368 1683; x_wconf 84' lang='lat' dir='ltr'>porcharii;</span> <span class='ocrx_word' id='word_1_84' title='bbox 1391 1595 1429 1654; x_wconf 92' lang='lat' dir='ltr'>et</span> <span class='ocrx_word' id='word_1_85' title='bbox 1446 1594 1536 1654; x_wconf 89' lang='lat' dir='ltr'>tunc</span> <span class='ocrx_word' id='word_1_86' title='bbox 1552 1577 1629 1682; x_wconf 89' lang='lat' dir='ltr'>ipse</span> <span class='ocrx_word' id='word_1_87' title='bbox 1646 1576 1710 1682; x_wconf 91' lang='lat' dir='ltr'>qui</span> <span class='ocrx_word' id='word_1_88' title='bbox 1730 1575 1900 1682; x_wconf 87' lang='lat' dir='ltr'>loquitur</span> 
     </span>
     <span class='ocr_line' id='line_1_10' title="bbox 477 1707 1900 1816; baseline 0.001 -33"><span class='ocrx_word' id='word_1_89' title='bbox 477 1708 672 1816; x_wconf 84' lang='lat' dir='ltr'>abnegavit</span> <span class='ocrx_word' id='word_1_90' title='bbox 692 1737 780 1784; x_wconf 91' lang='lat' dir='ltr'>eum</span> <span class='ocrx_word' id='word_1_91' title='bbox 796 1707 903 1814; x_wconf 90' lang='lat' dir='ltr'>cujus</span> <span class='ocrx_word' id='word_1_92' title='bbox 919 1708 1042 1813; x_wconf 83' lang='lat' dir='ltr'>im‘ago</span> <span class='ocrx_word' id='word_1_93' title='bbox 1057 1725 1135 1784; x_wconf 90' lang='lat' dir='ltr'>erat</span> <span class='ocrx_word' id='word_1_94' title='bbox 1151 1709 1190 1784; x_wconf 93' lang='lat' dir='ltr'>in</span> <span class='ocrx_word' id='word_1_95' title='bbox 1207 1707 1305 1794; x_wconf 86' lang='lat' dir='ltr'>dicta</span> <span class='ocrx_word' id='word_1_96' title='bbox 1321 1736 1429 1785; x_wconf 88' lang='lat' dir='ltr'>cruce</span> <span class='ocrx_word' id='word_1_97' title='bbox 1449 1725 1517 1795; x_wconf 87' lang='lat' dir='ltr'>ter,</span> <span class='ocrx_word' id='word_1_98' title='bbox 1542 1726 1579 1784; x_wconf 88' lang='lat' dir='ltr'>et</span> <span class='ocrx_word' id='word_1_99' title='bbox 1598 1724 1657 1786; x_wconf 89' lang='lat' dir='ltr'>ter</span> <span class='ocrx_word' id='word_1_100' title='bbox 1670 1708 1770 1814; x_wconf 90' lang='lat' dir='ltr'>spuit</span> <span class='ocrx_word' id='word_1_101' title='bbox 1788 1736 1900 1813; x_wconf 88' lang='lat' dir='ltr'>supra</span> 
     </span>
     <span class='ocr_line' id='line_1_11' title="bbox 478 1868 571 1916; baseline 0 -1"><span class='ocrx_word' id='word_1_102' title='bbox 478 1868 571 1916; x_wconf 88' lang='lat' dir='ltr'>eam.</span> 
     </span>
    </p>

    <p class='ocr_par' dir='ltr' id='par_1_3' title="bbox 477 1968 1898 2306">
     <span class='ocr_line' id='line_1_12' title="bbox 534 1968 1898 2076; baseline 0 -31"><span class='ocrx_word' id='word_1_103' title='bbox 534 1971 625 2046; x_wconf 90' lang='lat' dir='ltr'>ltem</span> <span class='ocrx_word' id='word_1_104' title='bbox 646 1969 739 2046; x_wconf 83' lang='lat' dir='ltr'>dixit</span> <span class='ocrx_word' id='word_1_105' title='bbox 757 1998 824 2075; x_wconf 91' lang='lat' dir='ltr'>per</span> <span class='ocrx_word' id='word_1_106' title='bbox 839 1971 1096 2076; x_wconf 87' lang='lat' dir='ltr'>juramentum</span> <span class='ocrx_word' id='word_1_107' title='bbox 1118 1968 1224 2076; x_wconf 89' lang='lat' dir='ltr'>quod</span> <span class='ocrx_word' id='word_1_108' title='bbox 1246 1969 1333 2047; x_wconf 85' lang='lat' dir='ltr'>lecit</span> <span class='ocrx_word' id='word_1_109' title='bbox 1353 1997 1442 2046; x_wconf 90' lang='lat' dir='ltr'>eum</span> <span class='ocrx_word' id='word_1_110' title='bbox 1467 1969 1551 2047; x_wconf 89' lang='lat' dir='ltr'>exui</span> <span class='ocrx_word' id='word_1_111' title='bbox 1572 1987 1709 2061; x_wconf 83' lang='lat' dir='ltr'>vestes,</span> <span class='ocrx_word' id='word_1_112' title='bbox 1734 1987 1773 2046; x_wconf 90' lang='lat' dir='ltr'>et</span> <span class='ocrx_word' id='word_1_113' title='bbox 1792 1996 1898 2047; x_wconf 86' lang='lat' dir='ltr'>oscu-</span> 
     </span>
     <span class='ocr_line' id='line_1_13' title="bbox 477 2098 1898 2206; baseline -0.001 -31"><span class='ocrx_word' id='word_1_114' title='bbox 477 2101 573 2176; x_wconf 88' lang='lat' dir='ltr'>latus</span> <span class='ocrx_word' id='word_1_115' title='bbox 599 2099 670 2177; x_wconf 85' lang='lat' dir='ltr'>tuit</span> <span class='ocrx_word' id='word_1_116' title='bbox 692 2100 870 2192; x_wconf 89' lang='lat' dir='ltr'>eumdem</span> <span class='ocrx_word' id='word_1_117' title='bbox 896 2118 1090 2206; x_wconf 85' lang='lat' dir='ltr'>receptum</span> <span class='ocrx_word' id='word_1_118' title='bbox 1112 2101 1150 2176; x_wconf 91' lang='lat' dir='ltr'>in</span> <span class='ocrx_word' id='word_1_119' title='bbox 1176 2099 1250 2176; x_wconf 90' lang='lat' dir='ltr'>[ine</span> <span class='ocrx_word' id='word_1_120' title='bbox 1274 2100 1379 2204; x_wconf 92' lang='lat' dir='ltr'>spine</span> <span class='ocrx_word' id='word_1_121' title='bbox 1405 2099 1507 2177; x_wconf 90' lang='lat' dir='ltr'>dorsi</span> <span class='ocrx_word' id='word_1_122' title='bbox 1534 2100 1634 2176; x_wconf 88' lang='lat' dir='ltr'>etin</span> <span class='ocrx_word' id='word_1_123' title='bbox 1658 2098 1840 2176; x_wconf 90' lang='lat' dir='ltr'>umbilico</span> <span class='ocrx_word' id='word_1_124' title='bbox 1863 2116 1898 2175; x_wconf 85' lang='lat' dir='ltr'>et</span> 
     </span>
     <span class='ocr_line' id='line_1_14' title="bbox 477 2230 615 2306; baseline 0 -2"><span class='ocrx_word' id='word_1_125' title='bbox 477 2230 516 2304; x_wconf 92' lang='lat' dir='ltr'>in</span> <span class='ocrx_word' id='word_1_126' title='bbox 537 2257 615 2306; x_wconf 91' lang='lat' dir='ltr'>ore.</span> 
     </span>
    </p>

    <p class='ocr_par' dir='ltr' id='par_1_4' title="bbox 477 2358 1900 2594">
     <span class='ocr_line' id='line_1_15' title="bbox 533 2358 1900 2465; baseline 0.001 -30"><span class='ocrx_word' id='word_1_127' title='bbox 533 2360 625 2435; x_wconf 89' lang='lat' dir='ltr'>ltem</span> <span class='ocrx_word' id='word_1_128' title='bbox 646 2359 739 2436; x_wconf 88' lang='lat' dir='ltr'>dixit</span> <span class='ocrx_word' id='word_1_129' title='bbox 757 2358 863 2465; x_wconf 92' lang='lat' dir='ltr'>quod</span> <span class='ocrx_word' id='word_1_130' title='bbox 883 2358 1001 2436; x_wconf 88' lang='lat' dir='ltr'>credit</span> <span class='ocrx_word' id='word_1_131' title='bbox 1025 2358 1130 2464; x_wconf 90' lang='lat' dir='ltr'>quod</span> <span class='ocrx_word' id='word_1_132' title='bbox 1150 2360 1211 2436; x_wconf 84' lang='lat' dir='ltr'>alii</span> <span class='ocrx_word' id='word_1_133' title='bbox 1242 2360 1372 2437; x_wconf 86' lang='lat' dir='ltr'>fratres</span> <span class='ocrx_word' id='word_1_134' title='bbox 1395 2359 1482 2437; x_wconf 90' lang='lat' dir='ltr'>dicti</span> <span class='ocrx_word' id='word_1_135' title='bbox 1509 2359 1653 2437; x_wconf 87' lang='lat' dir='ltr'>ordinis</span> <span class='ocrx_word' id='word_1_136' title='bbox 1667 2359 1900 2464; x_wconf 88' lang='lat' dir='ltr'>recipiuntur</span> 
     </span>
     <span class='ocr_line' id='line_1_16' title="bbox 477 2489 941 2594; baseline -0.002 -28"><span class='ocrx_word' id='word_1_137' title='bbox 477 2517 545 2594; x_wconf 89' lang='lat' dir='ltr'>per</span> <span class='ocrx_word' id='word_1_138' title='bbox 565 2489 743 2566; x_wconf 90' lang='lat' dir='ltr'>eumdem</span> <span class='ocrx_word' id='word_1_139' title='bbox 770 2492 941 2568; x_wconf 91' lang='lat' dir='ltr'>modum.</span> 
     </span>
    </p>

    <p class='ocr_par' dir='ltr' id='par_1_5' title="bbox 478 2619 1904 2987">
     <span class='ocr_line' id='line_1_17' title="bbox 533 2619 1900 2726; baseline 0.001 -31"><span class='ocrx_word' id='word_1_140' title='bbox 533 2620 624 2696; x_wconf 89' lang='lat' dir='ltr'>Item</span> <span class='ocrx_word' id='word_1_141' title='bbox 645 2620 737 2696; x_wconf 91' lang='lat' dir='ltr'>dixit</span> <span class='ocrx_word' id='word_1_142' title='bbox 751 2649 818 2726; x_wconf 90' lang='lat' dir='ltr'>per</span> <span class='ocrx_word' id='word_1_143' title='bbox 832 2621 1089 2726; x_wconf 87' lang='lat' dir='ltr'>juramentum</span> <span class='ocrx_word' id='word_1_144' title='bbox 1111 2648 1219 2697; x_wconf 93' lang='lat' dir='ltr'>suum</span> <span class='ocrx_word' id='word_1_145' title='bbox 1236 2619 1341 2726; x_wconf 90' lang='lat' dir='ltr'>quod</span> <span class='ocrx_word' id='word_1_146' title='bbox 1355 2621 1407 2708; x_wconf 84' lang='lat' dir='ltr'>vi,</span> <span class='ocrx_word' id='word_1_147' title='bbox 1423 2621 1482 2697; x_wconf 78' lang='lat' dir='ltr'>vel</span> <span class='ocrx_word' id='word_1_148' title='bbox 1499 2637 1605 2696; x_wconf 91' lang='lat' dir='ltr'>metu</span> <span class='ocrx_word' id='word_1_149' title='bbox 1624 2637 1900 2704; x_wconf 89' lang='lat' dir='ltr'>tormentorum</span> 
     </span>
     <span class='ocr_line' id='line_1_18' title="bbox 478 2750 1904 2857; baseline 0.001 -31"><span class='ocrx_word' id='word_1_150' title='bbox 478 2751 536 2827; x_wconf 88' lang='lat' dir='ltr'>vel</span> <span class='ocrx_word' id='word_1_151' title='bbox 555 2751 643 2826; x_wconf 91' lang='lat' dir='ltr'>alias</span> <span class='ocrx_word' id='word_1_152' title='bbox 658 2779 734 2827; x_wconf 91' lang='lat' dir='ltr'>non</span> <span class='ocrx_word' id='word_1_153' title='bbox 756 2751 847 2826; x_wconf 81' lang='lat' dir='ltr'>dixit</span> <span class='ocrx_word' id='word_1_154' title='bbox 862 2751 967 2828; x_wconf 90' lang='lat' dir='ltr'>aliud</span> <span class='ocrx_word' id='word_1_155' title='bbox 983 2780 1096 2857; x_wconf 89' lang='lat' dir='ltr'>quam</span> <span class='ocrx_word' id='word_1_156' title='bbox 1114 2750 1325 2840; x_wconf 87' lang='lat' dir='ltr'>veritatem,</span> <span class='ocrx_word' id='word_1_157' title='bbox 1348 2780 1418 2841; x_wconf 87' lang='lat' dir='ltr'>nec</span> <span class='ocrx_word' id='word_1_158' title='bbox 1431 2750 1471 2825; x_wconf 90' lang='lat' dir='ltr'>in</span> <span class='ocrx_word' id='word_1_159' title='bbox 1491 2750 1681 2856; x_wconf 87' lang='lat' dir='ltr'>premissis</span> <span class='ocrx_word' id='word_1_160' title='bbox 1700 2750 1904 2828; x_wconf 92' lang='lat' dir='ltr'>immiscuit</span> 
     </span>
     <span class='ocr_line' id='line_1_19' title="bbox 478 2879 1902 2987; baseline 0 -31"><span class='ocrx_word' id='word_1_161' title='bbox 478 2881 640 2986; x_wconf 87' lang='lat' dir='ltr'>aliquam</span> <span class='ocrx_word' id='word_1_162' title='bbox 658 2880 872 2972; x_wconf 80' lang='lat' dir='ltr'>salsitatem,</span> <span class='ocrx_word' id='word_1_163' title='bbox 898 2900 935 2958; x_wconf 94' lang='lat' dir='ltr'>et</span> <span class='ocrx_word' id='word_1_164' title='bbox 950 2881 1056 2987; x_wconf 91' lang='lat' dir='ltr'>quod</span> <span class='ocrx_word' id='word_1_165' title='bbox 1072 2910 1206 2987; x_wconf 88' lang='lat' dir='ltr'>puram</span> <span class='ocrx_word' id='word_1_166' title='bbox 1228 2881 1419 2958; x_wconf 88' lang='lat' dir='ltr'>veritatem</span> <span class='ocrx_word' id='word_1_167' title='bbox 1436 2879 1528 2957; x_wconf 86' lang='lat' dir='ltr'>dixit</span> <span class='ocrx_word' id='word_1_168' title='bbox 1550 2909 1619 2986; x_wconf 90' lang='lat' dir='ltr'>pro</span> <span class='ocrx_word' id='word_1_169' title='bbox 1640 2880 1757 2958; x_wconf 86' lang='lat' dir='ltr'>salute</span> <span class='ocrx_word' id='word_1_170' title='bbox 1778 2881 1902 2958; x_wconf 87' lang='lat' dir='ltr'>anime</span> 
     </span>
    </p>
   </div>
   <div class='ocr_carea' id='block_1_3' title="bbox 376 3039 554 3117">
    <p class='ocr_par' dir='ltr' id='par_1_6' title="bbox 376 3039 554 3117">
     <span class='ocr_line' id='line_1_20' title="bbox 376 3039 554 3117; baseline -0.006 -29"><span class='ocrx_word' id='word_1_171' title='bbox 376 3101 387 3117; x_wconf 30' lang='grc' dir='ltr'><em>Α</em></span> <span class='ocrx_word' id='word_1_172' title='bbox 478 3039 554 3088; x_wconf 89' lang='lat' dir='ltr'>sue.</span> 
     </span>
    </p>
   </div>
   <div class='ocr_carea' id='block_1_4' title="bbox 478 3272 1904 4939">
    <p class='ocr_par' dir='ltr' id='par_1_7' title="bbox 478 3272 1904 4161">
     <span class='ocr_line' id='line_1_21' title="bbox 535 3272 1899 3362; baseline -0.001 -12"><span class='ocrx_word' id='word_1_173' title='bbox 535 3276 627 3352; x_wconf 91' lang='lat' dir='ltr'>ltem</span> <span class='ocrx_word' id='word_1_174' title='bbox 651 3273 764 3351; x_wconf 86' lang='lat' dir='ltr'>frater</span> <span class='ocrx_word' id='word_1_175' title='bbox 789 3274 963 3352; x_wconf 85' lang='lat' dir='ltr'>Ansellus</span> <span class='ocrx_word' id='word_1_176' title='bbox 988 3274 1035 3351; x_wconf 92' lang='lat' dir='ltr'>de</span> <span class='ocrx_word' id='word_1_177' title='bbox 1061 3273 1243 3350; x_wconf 85' lang='lat' dir='ltr'>Rocberia</span> <span class='ocrx_word' id='word_1_178' title='bbox 1267 3274 1393 3362; x_wconf 88' lang='lat' dir='ltr'>miles,</span> <span class='ocrx_word' id='word_1_179' title='bbox 1415 3273 1698 3352; x_wconf 86' lang='lat' dir='ltr'>Cathalanensis</span> <span class='ocrx_word' id='word_1_180' title='bbox 1725 3272 1899 3360; x_wconf 80' lang='lat' dir='ltr'>diocesis,</span> 
     </span>
     <span class='ocr_line' id='line_1_22' title="bbox 480 3404 1902 3511; baseline 0 -31"><span class='ocrx_word' id='word_1_181' title='bbox 480 3405 586 3480; x_wconf 89' lang='lat' dir='ltr'>etatis</span> <span class='ocrx_word' id='word_1_182' title='bbox 597 3431 664 3482; x_wconf 82' lang='lat' dir='ltr'>xxv</span> <span class='ocrx_word' id='word_1_183' title='bbox 681 3433 866 3481; x_wconf 92' lang='lat' dir='ltr'>annorum</span> <span class='ocrx_word' id='word_1_184' title='bbox 881 3404 940 3480; x_wconf 89' lang='lat' dir='ltr'>vel</span> <span class='ocrx_word' id='word_1_185' title='bbox 952 3406 1062 3492; x_wconf 86' lang='lat' dir='ltr'>circa,</span> <span class='ocrx_word' id='word_1_186' title='bbox 1080 3404 1325 3492; x_wconf 84' lang='lat' dir='ltr'>constitutus,</span> <span class='ocrx_word' id='word_1_187' title='bbox 1339 3404 1486 3511; x_wconf 88' lang='lat' dir='ltr'>juratus</span> <span class='ocrx_word' id='word_1_188' title='bbox 1503 3421 1541 3480; x_wconf 92' lang='lat' dir='ltr'>et</span> <span class='ocrx_word' id='word_1_189' title='bbox 1553 3404 1754 3509; x_wconf 88' lang='lat' dir='ltr'>requisitus</span> <span class='ocrx_word' id='word_1_190' title='bbox 1768 3404 1902 3481; x_wconf 88' lang='lat' dir='ltr'>eodem</span> 
     </span>
     <span class='ocr_line' id='line_1_23' title="bbox 479 3532 1902 3642; baseline -0.006 -26"><span class='ocrx_word' id='word_1_191' title='bbox 479 3533 610 3623; x_wconf 86' lang='lat' dir='ltr'>modo,</span> <span class='ocrx_word' id='word_1_192' title='bbox 623 3533 716 3609; x_wconf 82' lang='lat' dir='ltr'>dixit</span> <span class='ocrx_word' id='word_1_193' title='bbox 727 3563 794 3639; x_wconf 93' lang='lat' dir='ltr'>per</span> <span class='ocrx_word' id='word_1_194' title='bbox 801 3536 1061 3642; x_wconf 84' lang='lat' dir='ltr'>juramentum</span> <span class='ocrx_word' id='word_1_195' title='bbox 1071 3563 1185 3611; x_wconf 88' lang='lat' dir='ltr'>suum</span> <span class='ocrx_word' id='word_1_196' title='bbox 1203 3534 1308 3640; x_wconf 90' lang='lat' dir='ltr'>quod</span> <span class='ocrx_word' id='word_1_197' title='bbox 1324 3535 1364 3610; x_wconf 92' lang='lat' dir='ltr'>in</span> <span class='ocrx_word' id='word_1_198' title='bbox 1378 3533 1529 3612; x_wconf 90' lang='lat' dir='ltr'>instanti</span> <span class='ocrx_word' id='word_1_199' title='bbox 1545 3532 1902 3614; x_wconf 75' lang='lat' dir='ltr'>Nativitate-Domini</span> 
     </span>
     <span class='ocr_line' id='line_1_24' title="bbox 480 3663 1904 3771; baseline -0.001 -31"><span class='ocrx_word' id='word_1_200' title='bbox 480 3680 590 3740; x_wconf 86' lang='lat' dir='ltr'>erunt</span> <span class='ocrx_word' id='word_1_201' title='bbox 614 3692 663 3741; x_wconf 87' lang='lat' dir='ltr'>xu</span> <span class='ocrx_word' id='word_1_202' title='bbox 683 3666 789 3757; x_wconf 86' lang='lat' dir='ltr'>anni,</span> <span class='ocrx_word' id='word_1_203' title='bbox 811 3666 915 3770; x_wconf 90' lang='lat' dir='ltr'>quod</span> <span class='ocrx_word' id='word_1_204' title='bbox 940 3664 1011 3742; x_wconf 85' lang='lat' dir='ltr'>luit</span> <span class='ocrx_word' id='word_1_205' title='bbox 1030 3683 1203 3771; x_wconf 90' lang='lat' dir='ltr'>receptus</span> <span class='ocrx_word' id='word_1_206' title='bbox 1222 3694 1290 3770; x_wconf 91' lang='lat' dir='ltr'>per</span> <span class='ocrx_word' id='word_1_207' title='bbox 1314 3664 1467 3742; x_wconf 85' lang='lat' dir='ltr'>fratrem</span> <span class='ocrx_word' id='word_1_208' title='bbox 1486 3664 1702 3743; x_wconf 84' lang='lat' dir='ltr'>Bellumde</span> <span class='ocrx_word' id='word_1_209' title='bbox 1729 3667 1782 3770; x_wconf 87' lang='lat' dir='ltr'>Ly</span> <span class='ocrx_word' id='word_1_210' title='bbox 1806 3663 1904 3740; x_wconf 93' lang='lat' dir='ltr'>mili-</span> 
     </span>
     <span class='ocr_line' id='line_1_25' title="bbox 478 3793 1904 3902; baseline 0.001 -32"><span class='ocrx_word' id='word_1_211' title='bbox 478 3811 571 3884; x_wconf 86' lang='lat' dir='ltr'>tem,</span> <span class='ocrx_word' id='word_1_212' title='bbox 583 3813 842 3901; x_wconf 88' lang='lat' dir='ltr'>preceptorem</span> <span class='ocrx_word' id='word_1_213' title='bbox 857 3794 1007 3873; x_wconf 87' lang='lat' dir='ltr'>ballivie</span> <span class='ocrx_word' id='word_1_214' title='bbox 1018 3795 1314 3884; x_wconf 90' lang='lat' dir='ltr'>Cathalanensis‚</span> <span class='ocrx_word' id='word_1_215' title='bbox 1326 3796 1563 3902; x_wconf 90' lang='lat' dir='ltr'>presentibus</span> <span class='ocrx_word' id='word_1_216' title='bbox 1573 3794 1684 3873; x_wconf 85' lang='lat' dir='ltr'>fratre</span> <span class='ocrx_word' id='word_1_217' title='bbox 1698 3793 1904 3901; x_wconf 88' lang='lat' dir='ltr'>Hymberto</span> 
     </span>
     <span class='ocr_line' id='line_1_26' title="bbox 481 3923 1904 4033; baseline 0 -33"><span class='ocrx_word' id='word_1_218' title='bbox 481 3924 528 4000; x_wconf 88' lang='lat' dir='ltr'>de</span> <span class='ocrx_word' id='word_1_219' title='bbox 552 3923 676 4002; x_wconf 89' lang='lat' dir='ltr'>Cremi</span> <span class='ocrx_word' id='word_1_220' title='bbox 706 3943 744 4002; x_wconf 90' lang='lat' dir='ltr'>et</span> <span class='ocrx_word' id='word_1_221' title='bbox 768 3924 879 4001; x_wconf 86' lang='lat' dir='ltr'>fratre</span> <span class='ocrx_word' id='word_1_222' title='bbox 906 3927 1063 4033; x_wconf 91' lang='lat' dir='ltr'>Hugone</span> <span class='ocrx_word' id='word_1_223' title='bbox 1089 3925 1232 4003; x_wconf 90' lang='lat' dir='ltr'>Cochet</span> <span class='ocrx_word' id='word_1_224' title='bbox 1267 3925 1403 4013; x_wconf 83' lang='lat' dir='ltr'>milite,</span> <span class='ocrx_word' id='word_1_225' title='bbox 1431 3927 1497 4032; x_wconf 92' lang='lat' dir='ltr'>qui</span> <span class='ocrx_word' id='word_1_226' title='bbox 1523 3923 1594 4002; x_wconf 83' lang='lat' dir='ltr'>luit</span> <span class='ocrx_word' id='word_1_227' title='bbox 1620 3942 1791 4030; x_wconf 88' lang='lat' dir='ltr'>receptus</span> <span class='ocrx_word' id='word_1_228' title='bbox 1819 3952 1904 4001; x_wconf 90' lang='lat' dir='ltr'>cum</span> 
     </span>
     <span class='ocr_line' id='line_1_27' title="bbox 481 4053 1433 4161; baseline 0 -30"><span class='ocrx_word' id='word_1_229' title='bbox 481 4083 542 4144; x_wconf 88' lang='lat' dir='ltr'>eo,</span> <span class='ocrx_word' id='word_1_230' title='bbox 564 4072 602 4131; x_wconf 90' lang='lat' dir='ltr'>et</span> <span class='ocrx_word' id='word_1_231' title='bbox 617 4053 697 4131; x_wconf 87' lang='lat' dir='ltr'>aliis</span> <span class='ocrx_word' id='word_1_232' title='bbox 718 4054 764 4131; x_wconf 93' lang='lat' dir='ltr'>de</span> <span class='ocrx_word' id='word_1_233' title='bbox 780 4084 944 4161; x_wconf 92' lang='lat' dir='ltr'>quorum</span> <span class='ocrx_word' id='word_1_234' title='bbox 960 4055 1178 4133; x_wconf 90' lang='lat' dir='ltr'>nominibus</span> <span class='ocrx_word' id='word_1_235' title='bbox 1197 4084 1275 4132; x_wconf 94' lang='lat' dir='ltr'>non</span> <span class='ocrx_word' id='word_1_236' title='bbox 1290 4054 1433 4132; x_wconf 89' lang='lat' dir='ltr'>recolit.</span> 
     </span>
    </p>

    <p class='ocr_par' dir='ltr' id='par_1_8' title="bbox 479 4184 1904 4939">
     <span class='ocr_line' id='line_1_28' title="bbox 535 4184 1904 4292; baseline 0.001 -32"><span class='ocrx_word' id='word_1_237' title='bbox 535 4186 628 4262; x_wconf 88' lang='lat' dir='ltr'>ltem</span> <span class='ocrx_word' id='word_1_238' title='bbox 655 4185 749 4262; x_wconf 89' lang='lat' dir='ltr'>dixit</span> <span class='ocrx_word' id='word_1_239' title='bbox 779 4214 846 4291; x_wconf 89' lang='lat' dir='ltr'>per</span> <span class='ocrx_word' id='word_1_240' title='bbox 870 4187 1127 4292; x_wconf 88' lang='lat' dir='ltr'>juramentum</span> <span class='ocrx_word' id='word_1_241' title='bbox 1153 4215 1263 4264; x_wconf 83' lang='lat' dir='ltr'>suuni</span> <span class='ocrx_word' id='word_1_242' title='bbox 1290 4185 1405 4292; x_wconf 82' lang='lat' dir='ltr'>quod,</span> <span class='ocrx_word' id='word_1_243' title='bbox 1432 4214 1477 4263; x_wconf 88' lang='lat' dir='ltr'>eo</span> <span class='ocrx_word' id='word_1_244' title='bbox 1501 4202 1666 4290; x_wconf 85' lang='lat' dir='ltr'>recepto,</span> <span class='ocrx_word' id='word_1_245' title='bbox 1687 4184 1904 4290; x_wconf 88' lang='lat' dir='ltr'>juramento</span> 
     </span>
     <span class='ocr_line' id='line_1_29' title="bbox 479 4313 1904 4420; baseline 0 -30"><span class='ocrx_word' id='word_1_246' title='bbox 479 4317 635 4420; x_wconf 89' lang='lat' dir='ltr'>prestito</span> <span class='ocrx_word' id='word_1_247' title='bbox 653 4315 847 4392; x_wconf 87' lang='lat' dir='ltr'>abeodem</span> <span class='ocrx_word' id='word_1_248' title='bbox 865 4315 912 4393; x_wconf 91' lang='lat' dir='ltr'>de</span> <span class='ocrx_word' id='word_1_249' title='bbox 926 4317 1072 4393; x_wconf 89' lang='lat' dir='ltr'>statutis</span> <span class='ocrx_word' id='word_1_250' title='bbox 1090 4334 1128 4393; x_wconf 93' lang='lat' dir='ltr'>et</span> <span class='ocrx_word' id='word_1_251' title='bbox 1147 4315 1299 4411; x_wconf 77' lang='lat' dir='ltr'>seeretis</span> <span class='ocrx_word' id='word_1_252' title='bbox 1314 4315 1458 4392; x_wconf 90' lang='lat' dir='ltr'>ordinis</span> <span class='ocrx_word' id='word_1_253' title='bbox 1478 4313 1732 4403; x_wconf 87' lang='lat' dir='ltr'>observandis,</span> <span class='ocrx_word' id='word_1_254' title='bbox 1751 4330 1789 4391; x_wconf 90' lang='lat' dir='ltr'>et</span> <span class='ocrx_word' id='word_1_255' title='bbox 1804 4343 1904 4391; x_wconf 89' lang='lat' dir='ltr'>man·</span> 
     </span>
     <span class='ocr_line' id='line_1_30' title="bbox 479 4444 1904 4554; baseline 0 -33"><span class='ocrx_word' id='word_1_256' title='bbox 479 4444 568 4523; x_wconf 89' lang='lat' dir='ltr'>tello</span> <span class='ocrx_word' id='word_1_257' title='bbox 588 4446 658 4524; x_wconf 91' lang='lat' dir='ltr'>sibi</span> <span class='ocrx_word' id='word_1_258' title='bbox 680 4446 726 4521; x_wconf 90' lang='lat' dir='ltr'>ad</span> <span class='ocrx_word' id='word_1_259' title='bbox 747 4445 888 4523; x_wconf 90' lang='lat' dir='ltr'>collum</span> <span class='ocrx_word' id='word_1_260' title='bbox 904 4446 1044 4552; x_wconf 87' lang='lat' dir='ltr'>posito,</span> <span class='ocrx_word' id='word_1_261' title='bbox 1068 4445 1251 4551; x_wconf 86' lang='lat' dir='ltr'>recipiens</span> <span class='ocrx_word' id='word_1_262' title='bbox 1267 4462 1414 4523; x_wconf 85' lang='lat' dir='ltr'>ostensa</span> <span class='ocrx_word' id='word_1_263' title='bbox 1439 4445 1509 4524; x_wconf 92' lang='lat' dir='ltr'>sibi</span> <span class='ocrx_word' id='word_1_264' title='bbox 1534 4473 1644 4522; x_wconf 89' lang='lat' dir='ltr'>cruce</span> <span class='ocrx_word' id='word_1_265' title='bbox 1671 4472 1756 4521; x_wconf 89' lang='lat' dir='ltr'>cum</span> <span class='ocrx_word' id='word_1_266' title='bbox 1782 4444 1904 4554; x_wconf 85' lang='lat' dir='ltr'>effigie</span> 
     </span>
     <span class='ocr_line' id='line_1_31' title="bbox 481 4575 1903 4684; baseline 0 -34"><span class='ocrx_word' id='word_1_267' title='bbox 481 4575 660 4665; x_wconf 84' lang='lat' dir='ltr'>crucifixi,</span> <span class='ocrx_word' id='word_1_268' title='bbox 677 4578 845 4682; x_wconf 91' lang='lat' dir='ltr'>precepit</span> <span class='ocrx_word' id='word_1_269' title='bbox 865 4577 936 4654; x_wconf 90' lang='lat' dir='ltr'>sibi</span> <span class='ocrx_word' id='word_1_270' title='bbox 954 4576 1060 4683; x_wconf 91' lang='lat' dir='ltr'>quod</span> <span class='ocrx_word' id='word_1_271' title='bbox 1079 4577 1280 4684; x_wconf 89' lang='lat' dir='ltr'>abnegaret</span> <span class='ocrx_word' id='word_1_272' title='bbox 1294 4605 1382 4653; x_wconf 86' lang='lat' dir='ltr'>eum</span> <span class='ocrx_word' id='word_1_273' title='bbox 1402 4593 1470 4666; x_wconf 90' lang='lat' dir='ltr'>ter,</span> <span class='ocrx_word' id='word_1_274' title='bbox 1490 4593 1527 4653; x_wconf 90' lang='lat' dir='ltr'>et</span> <span class='ocrx_word' id='word_1_275' title='bbox 1545 4593 1603 4668; x_wconf 86' lang='lat' dir='ltr'>ter</span> <span class='ocrx_word' id='word_1_276' title='bbox 1622 4592 1774 4681; x_wconf 90' lang='lat' dir='ltr'>spueret</span> <span class='ocrx_word' id='word_1_277' title='bbox 1793 4602 1903 4681; x_wconf 91' lang='lat' dir='ltr'>supra</span> 
     </span>
     <span class='ocr_line' id='line_1_32' title="bbox 482 4704 1903 4815; baseline 0 -35"><span class='ocrx_word' id='word_1_278' title='bbox 482 4733 629 4788; x_wconf 88' lang='lat' dir='ltr'>crucem</span> <span class='ocrx_word' id='word_1_279' title='bbox 657 4725 693 4782; x_wconf 88' lang='lat' dir='ltr'>et</span> <span class='ocrx_word' id='word_1_280' title='bbox 716 4708 927 4814; x_wconf 83' lang='lat' dir='ltr'>ymaginem</span> <span class='ocrx_word' id='word_1_281' title='bbox 955 4708 1161 4814; x_wconf 79' lang='lat' dir='ltr'>predictas3</span> <span class='ocrx_word' id='word_1_282' title='bbox 1183 4736 1275 4814; x_wconf 89' lang='lat' dir='ltr'>quas</span> <span class='ocrx_word' id='word_1_283' title='bbox 1303 4704 1594 4815; x_wconf 88' lang='lat' dir='ltr'>abnegacionem</span> <span class='ocrx_word' id='word_1_284' title='bbox 1614 4723 1652 4784; x_wconf 89' lang='lat' dir='ltr'>et</span> <span class='ocrx_word' id='word_1_285' title='bbox 1672 4705 1903 4811; x_wconf 86' lang='lat' dir='ltr'>spuioionem</span> 
     </span>
     <span class='ocr_line' id='line_1_33' title="bbox 482 4834 1509 4939; baseline 0.007 -32"><span class='ocrx_word' id='word_1_286' title='bbox 482 4834 559 4939; x_wconf 89' lang='lat' dir='ltr'>ipse</span> <span class='ocrx_word' id='word_1_287' title='bbox 580 4834 668 4912; x_wconf 87' lang='lat' dir='ltr'>lecit</span> <span class='ocrx_word' id='word_1_288' title='bbox 688 4836 821 4927; x_wconf 88' lang='lat' dir='ltr'>semel,</span> <span class='ocrx_word' id='word_1_289' title='bbox 847 4867 890 4915; x_wconf 88' lang='lat' dir='ltr'>ex</span> <span class='ocrx_word' id='word_1_290' title='bbox 910 4865 993 4929; x_wconf 89' lang='lat' dir='ltr'>ore,</span> <span class='ocrx_word' id='word_1_291' title='bbox 1015 4837 1082 4914; x_wconf 89' lang='lat' dir='ltr'>sed</span> <span class='ocrx_word' id='word_1_292' title='bbox 1100 4865 1176 4915; x_wconf 92' lang='lat' dir='ltr'>non</span> <span class='ocrx_word' id='word_1_293' title='bbox 1194 4837 1325 4927; x_wconf 87' lang='lat' dir='ltr'>corde,</span> <span class='ocrx_word' id='word_1_294' title='bbox 1348 4854 1391 4914; x_wconf 93' lang='lat' dir='ltr'>ut</span> <span class='ocrx_word' id='word_1_295' title='bbox 1406 4836 1509 4914; x_wconf 90' lang='lat' dir='ltr'>dicit.</span> 
     </span>
    </p>
   </div>
   <div class='ocr_carea' id='block_1_5' title="bbox 0 0 2126 5940">
    <p class='ocr_par' dir='ltr' id='par_1_9' title="bbox 0 0 2126 5940">
     <span class='ocr_line' id='line_1_34' title="bbox 0 0 2126 5940; baseline 0 0"><span class='ocrx_word' id='word_1_296' title='bbox 0 0 2126 5940; x_wconf 95' lang='lat' dir='ltr'> </span> 
     </span>
    </p>
   </div>
  </div>
 </body>
</html>
