4236 5948
752 529 948 619 raucus
974 548 1070 618 oss
1096 544 1393 622 TEMPLIERS.
1712 556 1784 628 ssi
1831 566 1837 575 ¹

340 685 608 791 accipientem
630 685 667 761 in
688 714 769 773 ore,
787 688 825 762 in
839 686 1018 765 umbilico
1034 705 1071 764 et
1089 706 1206 780 retro,
1222 688 1352 768 subtus
1372 717 1516 781 zonam,
1534 718 1659 770 versus
1672 693 1787 771 linem

363 817 468 923 spine
490 817 602 893 dorsi.

419 952 511 1025 ltem
535 949 626 1024 dixit
646 976 713 1054 per
722 950 979 1055 juramentum
1000 950 1105 1059 quod
1123 952 1305 1056 recipiens
1318 954 1484 1060 precepit
1499 954 1569 1030 sibi
1585 956 1689 1061 quod
1707 956 1788 1032 abs-

363 1079 499 1155 tineret
513 1106 534 1153 a
548 1077 786 1170 mulieribus,
805 1097 843 1155 et
859 1080 930 1155 iret
949 1079 995 1154 ad
1016 1078 1146 1157 fratres
1166 1107 1269 1170 suos,
1291 1082 1337 1158 ad
1359 1082 1576 1161 habendum
1597 1113 1678 1161 rem
1699 1114 1784 1161 cum

365 1208 433 1296 eis,
456 1208 486 1283 si
503 1208 603 1284 calor
621 1208 799 1285 naturalis
819 1225 986 1286 moveret
1006 1237 1106 1286 eum.

419 1340 511 1415 Item
528 1337 621 1414 dixit
635 1368 702 1445 per
711 1340 968 1447 juramentum
982 1341 1085 1445 quod
1105 1341 1155 1430 vi,
1176 1341 1233 1417 vel
1247 1360 1352 1419 metu
1372 1342 1528 1418 carceris
1544 1361 1607 1418 aut
1621 1360 1787 1422 tormen-

363 1486 505 1556 torum,
525 1497 600 1546 non
622 1470 714 1546 dixit
733 1470 833 1547 aliud
854 1500 964 1576 quam
986 1473 1195 1559 veritatem,
1220 1501 1289 1548 nec
1311 1474 1350 1549 in
1370 1474 1560 1578 premissis
1582 1474 1787 1552 immiscuit
1845 1530 1850 1537 -

363 1600 525 1706 aliquam
547 1598 758 1688 salsitatem,
781 1617 844 1676 aut
864 1601 1040 1678 subticuit
1055 1601 1265 1691 veritatem,
1285 1620 1322 1680 et
1332 1604 1437 1710 quod
1448 1632 1580 1709 puram
1591 1605 1785 1682 veritatem

365 1730 455 1808 dixit
468 1758 537 1836 pro
555 1731 672 1807 salute
693 1731 815 1808 anime
835 1760 914 1807 sue.

397 1998 511 2072 ·ltem
536 2023 651 2088 anno,
677 1996 882 2086 indicione,
909 1997 1146 2104 pontificatu,
1174 2025 1272 2074 anno
1301 2015 1338 2073 et
1364 1998 1425 2074 die
1452 1997 1645 2103 predictis,
1676 1998 1788 2076 frater

363 2125 583 2230 Radulpbus
611 2125 657 2203 de
682 2126 936 2214 Bretencuria‚
961 2128 1067 2205 etatis
1100 2152 1181 2206 xxvt
1208 2154 1394 2205 annorum
1419 2126 1476 2203 vel
1505 2127 1618 2218 circa,
1652 2129 1786 2206 eodem

364 2255 479 2332 modo
492 2257 887 2365 constitutus‚juratus
900 2275 938 2337 et
952 2260 1214 2367 interrogatus,
1228 2258 1320 2336 dixit
1329 2287 1398 2364 per
1404 2259 1661 2366 juramentum
1677 2287 1786 2336 suum

364 2386 467 2490 quod
487 2385 559 2463 fuit
577 2404 748 2491 receptus
767 2389 943 2478 Parisius‚
967 2417 1034 2493 per
1052 2388 1203 2466 fratrem
1224 2391 1421 2494 Hugonem
1445 2390 1493 2466 de
1517 2389 1686 2466 Paraudo
1704 2393 1788 2466 visi-

362 2531 522 2593 tatorem
547 2517 712 2608 Fraude,
744 2518 782 2596 in
812 2517 907 2596 festo
928 2519 1030 2596 Beati
1055 2518 1423 2624 lobannis'Baptiste
1449 2520 1581 2598 ultimo
1606 2523 1787 2626 preterito

363 2645 514 2725 fuerunt
533 2649 700 2754 quinque
720 2650 825 2737 anni,
847 2649 1085 2755 presentibus
1104 2649 1216 2726 fratre
1239 2649 1409 2726 Johanne
1434 2649 1481 2725 de
1507 2651 1638 2728 Turno
1665 2680 1786 2757 thon-

365 2778 448 2853 dam
479 2778 741 2856 elemosinario
775 2780 918 2856 domiui
945 2779 1059 2887 regis,
1091 2780 1201 2856 fratre
1228 2780 1419 2884 Stephano
1450 2780 1582 2867 Pater,
1615 2780 1786 2857 lohanne

363 2908 616 2998 Bias—de-Fer,
635 2910 823 2987 Richardo
840 2912 987 2999 Bescot‚
1009 2910 1194 2987 Ricbardo
1210 2911 1257 2987 de
1278 2910 1451 3015 Caprosia
1471 2907 1678 3015 quadrifico
1699 2911 1787 2987 dicti

365 3038 505 3116 ordinis
525 3040 564 3115 in
585 3042 697 3118 domo
712 3040 860 3146 Templi
880 3041 1105 3118 Parisiensis.

419 3172 511 3246 Item
532 3171 623 3247 dixit
642 3200 709 3276 per
720 3173 976 3279 jurameutum
991 3199 1101 3248 suum
1121 3171 1225 3279 quod
1244 3171 1429 3277 recipiens
1449 3170 1537 3248 lecit
1558 3198 1646 3247 eum
1660 3172 1787 3277 jurare

364 3327 508 3376 servare
522 3317 655 3378 statuta
669 3319 706 3378 et
720 3319 861 3379 secreta
876 3302 1036 3390 ordinis,
1052 3320 1090 3379 et
1106 3304 1229 3408 posuit
1245 3302 1315 3379 sibi
1332 3301 1552 3379 mantellum
1567 3302 1614 3378 ad
1629 3301 1785 3389 collum,

364 3446 403 3507 et
419 3430 608 3507 osculatus
627 3430 698 3506 fuit
718 3459 806 3509 eum
825 3432 865 3506 in
887 3459 968 3519 ore,
987 3449 1025 3508 et
1043 3447 1172 3538 postea
1192 3431 1357 3509 ostendit
1377 3429 1448 3508 sibi
1469 3458 1618 3506 crucem
1638 3431 1678 3507 in
1694 3459 1792 3536 quo·

366 3559 451 3635 dam
472 3559 587 3647 libr0‚
610 3560 766 3637 sednon
783 3559 914 3636 recolit
936 3579 1063 3638 utrum
1083 3578 1163 3638 erat
1180 3561 1220 3637 in
1237 3589 1279 3639 ea
1298 3589 1432 3668 ymago
1445 3561 1563 3638 Jbesu
1581 3560 1719 3640 Christi
1731 3562 1789 3638 vel

364 3714 455 3779 non,
479 3706 517 3765 et
538 3690 629 3765 dixit
650 3689 753 3797 quod
771 3689 955 3793 recipiens
978 3691 1145 3796 precepit
1164 3690 1236 3768 sibi
1254 3690 1358 3797 quod
1378 3692 1579 3797 abnegaret
1598 3690 1704 3769 illum
1722 3694 1787 3798 qui

363 3846 491 3923 passus
512 3819 632 3895 fuerat
645 3820 684 3893 in
699 3819 795 3895 dicta
808 3847 934 3906 eruce,
953 3835 991 3895 et
1007 3835 1065 3894 ter
1084 3837 1236 3925 spueret
1250 3847 1364 3925 supra
1377 3848 1476 3910 eam;
1494 3838 1531 3897 et
1550 3821 1629 3926 ipse
1650 3823 1715 3927 qui
1733 3822 1789 3898 lo·

364 3949 494 4056 quitur
507 3951 599 4026 dixit
614 3950 717 4054 quod
733 3976 808 4025 non
821 3946 972 4038 faceret,
989 3967 1027 4027 et
1037 3965 1127 4026 tune
1143 3950 1327 4055 recipiens
1340 3951 1463 4028 adhuc
1473 3950 1545 4028 sibi
1559 3950 1733 4056 injunxit,
1746 3953 1786 4026 in

364 4079 496 4156 virtute
511 4078 749 4167 obediencie,
767 4077 871 4185 quod
883 4077 956 4155 hoc
970 4078 1120 4168 laceret,
1140 4080 1269 4157 dicens
1284 4080 1355 4155 sibi
1368 4080 1473 4186 quod
1486 4079 1560 4156 hoc
1579 4078 1726 4156 faceret.
1742 4082 1789 4155 Et

364 4225 454 4286 tune
472 4210 550 4315 ipse
567 4211 631 4317 qui
646 4211 824 4316 loquitur,
846 4208 976 4285 videns
995 4208 1100 4316 quod
1112 4209 1228 4317 janue
1244 4209 1396 4290 ecclesie
1416 4226 1521 4286 erant
1536 4209 1658 4287 clause
1675 4239 1786 4316 supra

365 4367 468 4427 eum,
488 4356 525 4417 et
542 4341 646 4446 quod
664 4340 771 4417 multi
783 4357 888 4417 erant
901 4339 953 4416 ibi
968 4338 1099 4418 fratres
1109 4340 1199 4418 dicti
1215 4340 1360 4419 ordinis
1374 4340 1513 4447 quibus
1523 4340 1694 4418 resistere
1709 4369 1787 4418 non

364 4487 525 4575 poterat,
539 4471 733 4577 abnegavit
743 4499 829 4548 eum
841 4471 905 4577 qui
916 4496 1044 4576 passus
1052 4469 1124 4548 lixit
1139 4471 1179 4547 in
1194 4471 1293 4549 diota
1307 4499 1416 4549 cruce
1430 4471 1563 4558 semel,
1583 4488 1619 4548 et
1632 4473 1731 4576 spuit
1741 4474 1788 4548 ad

364 4617 519 4690 terram,
532 4600 723 4707 lingensse
735 4629 869 4707 spuere
880 4628 990 4708 supra
1002 4616 1215 4691 crucem,et
1225 4603 1296 4679 hoc
1307 4602 1481 4694 fautore,
1494 4601 1648 4680 sednon
1660 4603 1786 4680 corde.

382 4779 385 4783 -
409 4731 513 4806 Item
540 4731 632 4807 dixit
651 4760 719 4836 per
734 4733 992 4839 juramentum
1015 4758 1126 4810 suum
1152 4732 1256 4840 quod
1275 4733 1459 4837 recipiens
1480 4729 1574 4809 dixit
1592 4730 1663 4809 sibi
1685 4734 1790 4841 quod

366 4860 395 4936 si
415 4859 516 4936 calor
531 4861 709 4939 naturalis
729 4879 897 4939 moveret
921 4890 1024 4953 eum,
1044 4864 1149 4970 quod
1169 4864 1306 4941 melius
1327 4881 1406 4941 erat
1423 4891 1490 4969 pro
1511 4864 1706 4942 honestate
1728 4892 1790 4940 or-

472 5011 576 5069 raocts
600 5029 652 5070 oss
673 5028 943 5071 reuertens-u.
1358 5004 1403 5087 Ο
1602 5010 1641 5075 ἠδ
