4236 5948
619 518 817 610 rnocts
844 537 939 609 ons
964 536 1264 615 ratramnus.
1579 549 1651 619 ror

232 693 467 782 preceptores
499 677 700 755 castitatem
729 698 910 786 quantum
942 679 990 756 ad
1015 678 1209 770 mulieres,
1244 682 1409 760 dicentes
1439 684 1473 760 ei
1498 686 1653 792 quodsi

231 805 362 912 aliquis
391 805 490 886 calor
515 807 690 886 naturalis
720 827 886 889 moveret
909 839 1016 900 eum,
1044 812 1148 917 quod
1172 797 1321 919 poterat*
1345 843 1384 889 se
1415 812 1653 922 refrigescere

232 968 314 1014 cum
335 938 462 1045 aliquo
475 939 522 1016 de
537 937 710 1018 fratribus
725 941 884 1033 ordinis,
905 942 972 1019 sed
986 941 1076 1018 dixit
1089 971 1157 1048 per
1164 944 1418 1051 juramentum
1432 974 1541 1022 sumn
1551 947 1656 1052 quod
1688 1026 1692 1037 ,

232 1097 423 1175 nunquam
438 1070 642 1148 immiscuit
660 1100 699 1149 se
721 1102 805 1150 cum
826 1071 953 1180 aliquo
974 1072 1155 1175 homine.)

285 1202 534 1309 Interrogatus
550 1201 596 1278 de
612 1203 758 1293 osculo,
775 1202 866 1279 dixit
879 1203 1208 1311 perjuramentum
1225 1234 1333 1281 suum
1350 1206 1455 1311 quod
1468 1206 1654 1287 osculatus

233 1331 300 1407 Iuit
314 1330 556 1438 recipientem
577 1351 612 1410 et
630 1334 720 1412 alios
740 1334 870 1412 Iratres
888 1353 1079 1441 presentes
1100 1335 1137 1409 in
1160 1363 1223 1412 ore
1242 1335 1381 1425 solum,
1399 1353 1435 1413 et
1449 1354 1539 1413 tunc
1561 1339 1654 1415 reci-

232 1462 336 1565 piens
356 1461 472 1538 dixit:
491 1501 503 1529 a
519 1463 614 1542 Satis
633 1482 705 1553 est,
734 1493 863 1542 eamus
882 1494 1070 1571 pransum.
1089 1504 1100 1531 u

287 1593 532 1700 Interrogatus
553 1613 679 1673 utrum
699 1596 748 1685 vi,
776 1595 833 1673 vel
853 1614 972 1683 metu,
1000 1596 1055 1674 vel
1074 1613 1179 1674 metu
1199 1615 1470 1675 tormentorum
1495 1598 1554 1676 vel
1578 1628 1657 1677 car-

232 1723 340 1813 ceris,
354 1722 411 1801 vel
428 1723 560 1802 alinde
579 1754 703 1814 causa,
719 1725 884 1832 aliquam
899 1726 1094 1805 salsitatem
1112 1728 1371 1818 immiscuerit,
1389 1745 1452 1804 aut
1465 1728 1655 1807 veritatem

231 1855 385 1933 tacuerit
403 1855 442 1932 in
462 1885 527 1932 sua
545 1856 800 1962 deposicione,
824 1858 918 1934 dixit
936 1887 1003 1964 per
1023 1849 1280 1966 juramentum
1304 1887 1416 1938 suum
1436 1859 1539 1965 quod
1559 1888 1653 1949 non;
1750 1940 1755 1953 ,

233 1986 307 2064 imo
327 2015 395 2093 pro
411 1986 525 2064 salute
547 1988 670 2066 anime
691 2016 756 2066 sue
777 2018 910 2096 puram
933 2007 969 2066 et
990 1990 1170 2096 integram
1188 1990 1328 2066 dixerat
1348 1991 1550 2068 veritatem.

286 2250 378 2326 Item
402 2247 514 2327 irater
544 2250 773 2330 Guillcrmus
799 2252 846 2330 de
872 2251 1006 2358 Riceyo
1031 2253 1278 2359 Lingonensis
1306 2253 1480 2341 diocesis,
1504 2253 1659 2360 capella-

233 2409 302 2456 nus
321 2381 472 2489 majoris
498 2383 662 2487 Magistri
691 2383 780 2458 dicti
802 2382 959 2470 ordinis,
991 2383 1125 2459 eodem
1146 2382 1260 2467 modo
1275 2383 1423 2490 juratus
1444 2401 1481 2459 et
1499 2384 1658 2462 interro·

232 2529 335 2617 gatus
357 2511 404 2589 de
432 2530 601 2618 tempore
631 2531 668 2589 et
696 2513 810 2590 modo
831 2542 897 2590 sue
918 2513 1162 2619 recepcionis‚
1192 2512 1285 2588 dixit
1309 2541 1377 2618 per
1400 2513 1657 2618 juramentum

232 2671 341 2719 suum
360 2643 464 2749 quod
485 2644 685 2721 duodecim
705 2645 792 2721 anni
814 2643 872 2722 veI
892 2643 986 2720 circa
1007 2661 1095 2720 sunt
1114 2643 1227 2750 elapsi
1245 2643 1351 2750 quod
1371 2644 1450 2748 ipse
1471 2640 1543 2718 Iuit
1562 2670 1659 2720 rece·

232 2790 315 2877 ptus
335 2774 435 2880 apud
458 2774 708 2882 EspeiIIeyum
734 2775 832 2852 dicte
855 2774 1013 2852 diocesis
1034 2775 1298 2880 Lingonensis,
1320 2801 1388 2880 per
1407 2773 1558 2850 fratrem
1583 2776 1660 2851 Hu-

231 2932 365 3009 gonem
392 2905 439 2982 de
464 2906 634 2983 Paraudo
650 2972 651 2976 ,
658 2924 916 3012 preceptorem
941 2923 1029 2981 tunc
1054 2902 1203 2982 ballivis
1229 2904 1399 2992 Francie,
1424 2903 1658 3011 presentibus

233 3032 340 3111 Iratre
368 3036 558 3143 Stephano
579 3035 769 3142 capellano
791 3037 888 3114 dicte
907 3035 1052 3114 domus.
1070 3036 1172 3114 Dixit
1192 3036 1308 3112 eciam
1321 3063 1389 3142 per
1402 3034 1658 3142 juramentum

232 3192 341 3241 suum
360 3167 480 3272 quod,
495 3184 580 3273 post
598 3166 734 3244 multas
752 3167 1017 3274 promissiones
1033 3166 1081 3243 de
1100 3167 1246 3243 statutis
1267 3183 1305 3241 et
1325 3164 1474 3242 secretis
1493 3165 1580 3241 dicti
1603 3192 1657 3242 or·

234 3293 329 3371 dinis
343 3294 583 3375 observandis
595 3296 706 3375 saetas
720 3297 766 3375 ab
784 3326 845 3387 eo,
863 3295 1080 3374 mantellum
1095 3295 1166 3372 tuit
1178 3295 1250 3372 sibi
1264 3295 1427 3401 positum
1440 3294 1488 3371 ad
1500 3293 1654 3384 cottum,

233 3441 269 3501 et
288 3425 475 3505 osculatus
493 3426 567 3504 Iuit
586 3428 689 3509 idem
711 3446 882 3535 receptus
906 3428 1148 3535 recipientem
1170 3428 1207 3502 in
1229 3457 1293 3504 ore
1315 3442 1354 3503 et
1371 3445 1502 3534 postea
1522 3426 1560 3502 in
1582 3424 1656 3505 fine
1783 3466 1787 3474 ·

232 3556 335 3660 spine
357 3557 469 3635 dorsi.
490 3558 591 3637 Dixit
610 3561 726 3636 eciam
740 3589 808 3667 per
818 3561 1075 3667 juramentum
1094 3588 1205 3636 suum
1221 3557 1327 3665 quod
1341 3558 1462 3647 dictus
1476 3558 1659 3664 recipiens

232 3687 397 3794 precepit
416 3688 486 3766 sibi
502 3689 606 3795 quod
619 3690 817 3796 abnegaret
833 3691 975 3768 dictum
993 3689 1150 3766 Jhesum
1165 3689 1373 3777 Christum,
1384 3704 1422 3763 et
1436 3706 1494 3771 ter
1508 3705 1658 3793 spueret

232 3846 341 3923 supra
365 3848 542 3910 crucem„
557 3820 799 3927 despiciendo
826 3822 1034 3900 Dominum
1058 3821 1212 3898 Jhesum
1233 3819 1423 3897 Christum
1444 3820 1507 3924 qui
1529 3847 1657 3924 passus

232 3945 301 4026 suit
318 3951 359 4026 in
373 3980 432 4041 ea;
454 3981 526 4058 que
547 3951 634 4030 Iecit
654 3980 735 4042 ore,
759 3970 796 4030 et
811 3982 888 4030 non
908 3953 1038 4041 corde,
1062 3952 1157 4029 sicut
1180 3951 1283 4028 dixit.
1353 4030 1355 4034 Α
1633 4032 1637 4043 ,

287 4081 537 4188 Interrogatus
548 4099 674 4160 utrum
688 4083 791 4160 aliud
800 4082 873 4160 Iuit
886 4083 956 4161 sibi
970 4082 1195 4190 injunctum,
1210 4080 1302 4158 dixit
1317 4107 1383 4186 per
1393 4079 1653 4185 juramentum

232 4240 342 4290 suum
362 4214 466 4320 quod
486 4213 555 4303 sic,
577 4243 664 4291 nam
690 4214 784 4303 dixit
801 4243 870 4321 per
888 4215 1145 4323 juramentum
1166 4239 1276 4290 suum
1299 4209 1403 4316 quod
1424 4208 1545 4287 dictus
1564 4207 1657 4299 reciss

232 4342 338 4446 piens
356 4343 524 4450 precepit
546 4342 616 4421 sibi
636 4346 742 4452 quod
766 4346 795 4423 si
824 4345 957 4454 aliquis
981 4344 1136 4423 fratrum
1156 4343 1244 4421 dicti
1267 4340 1416 4430 ordinis
1434 4338 1542 4416 vellet
1573 4365 1654 4416 rem

232 4471 371 4552 habere
383 4475 577 4557 carnaliter
596 4506 683 4554 cum
704 4505 765 4564 eo,
786 4477 891 4584 quod
910 4477 988 4583 ipse
1008 4474 1259 4584 permitteret,
1280 4471 1347 4549 sed
1362 4472 1442 4578 ipse
1463 4497 1659 4577 nunquam

234 4607 418 4709 permisit,
440 4627 481 4685 ut
503 4608 607 4686 dixit.

287 4739 536 4845 Interrogatus
565 4756 692 4817 utrum
726 4755 823 4816 esset
854 4737 1046 4846 presbyter
1079 4765 1165 4812 cum
1198 4734 1344 4811 intravit
1378 4731 1550 4810 ordinem
1582 4759 1661 4837 pre-

235 4866 391 4958 dictum,
412 4869 505 4946 dixit
525 4900 591 4977 per
606 4871 865 4977 juramentum
885 4897 995 4947 suum
1017 4866 1122 4975 quod
1138 4867 1202 4944 sic.

340 5029 445 5088 exostra
459 5047 512 5086 nes
528 5044 699 5087 reuertens
716 5058 757 5070 -
773 5044 806 5086 rr.
1454 5019 1495 5079 38
