4236 5948
357 532 426 603 rao
745 480 939 603 raeces
966 532 1059 601 nas
1085 530 1384 601 retrectans.

351 671 464 759 circa,
488 669 710 749 mantellum
744 671 887 748 ordinis
917 669 1118 757 defferens,
1146 668 1339 746 absolutus
1360 685 1398 744 et
1420 670 1680 748 reconciliatus
1706 701 1775 778 per

352 802 550 878 dominum
582 802 799 908 episcopum
835 800 1201 888 Claramontensem,
1231 801 1297 907 qui
1328 799 1572 907 inquisiverat
1602 831 1688 879 cum
1709 830 1775 880 eo-

352 933 450 1007 dem.
474 931 596 1008 Lectis
615 946 741 1007 autem
765 949 801 1008 et
829 930 1029 1038 diligenter
1056 929 1231 1036 expositis
1256 928 1327 1008 sibi
1357 929 1536 1008 omnibus
1558 949 1597 1008 et
1616 933 1774 1040 singulis

351 1061 530 1154 articulis,
554 1063 747 1167 respondit
772 1090 811 1138 se
839 1049 1001 1149 nescire,
1033 1089 1102 1136 nec
1128 1062 1299 1153 credere,
1320 1088 1391 1137 nec
1421 1060 1604 1138 audivisse
1631 1062 1704 1140 dici
1724 1063 1772 1140 de

352 1192 534 1268 contentis
563 1191 675 1268 ineis
696 1193 765 1268 nisi
791 1192 895 1298 quod
925 1191 1108 1298 sequitur.
1132 1191 1233 1268 Dixit
1253 1193 1356 1268 enirn
1376 1219 1416 1269 se
1444 1191 1558 1270 fuisse
1577 1212 1772 1300 receptum

350 1323 388 1397 in
415 1321 555 1427 capella
583 1320 680 1399 dicte
702 1322 838 1399 denaus
864 1320 1014 1427 Templi
1036 1322 1083 1398 de
1105 1320 1236 1410 Sellis,
1265 1322 1360 1398 circa
1387 1321 1528 1399 instans
1547 1321 1686 1401 festum
1706 1352 1773 1401 ua-

348 1454 499 1531 tivitatis
519 1453 616 1531 beati
636 1455 816 1532 Johannis
831 1454 994 1560 Baptiste
1017 1472 1128 1531 erunt
1156 1454 1305 1530 circiter
1324 1476 1387 1532 rur
1409 1452 1513 1544 anni,
1535 1481 1604 1559 per
1618 1453 1772 1531 fratrem

351 1583 598 1690 llymbertum
616 1584 771 1661 Blanchi
790 1584 966 1675 militem,
989 1601 1248 1690 preceptorem
1272 1584 1458 1675 Alvemie,
1482 1584 1547 1691 qui
1574 1586 1613 1660 in
1640 1583 1772 1694 Anglia

351 1714 553 1805 detinetur,
588 1715 827 1819 presentibus
855 1712 1032 1790 fratribus
1057 1713 1236 1790 bernardi
1268 1713 1481 1802 Charnerii,
1511 1742 1628 1821 quem
1654 1716 1774 1793 credit

347 1846 485 1937 vivere,
504 1844 687 1922 Durando
714 1845 928 1934 Chamerii,
953 1860 990 1920 et
1018 1843 1181 1921 Geraldo
1210 1844 1333 1921 Sudre
1349 1843 1667 1922 Claramontensis
1687 1845 1772 1922 dio·

348 1975 457 2065 cesis,
480 1973 697 2062 deffunctis,
724 1976 763 2051 in
790 2002 878 2051 eum
903 1975 1087 2051 modum:
1110 2002 1196 2050 nam
1226 1973 1315 2052 lecit
1345 1975 1467 2052 dictus
1485 1994 1658 2082 receptor
1683 2005 1771 2055 eum

347 2133 479 2183 vovere
503 2124 540 2183 et
557 2106 684 2214 jurare
712 2106 935 2191 castitatem,
968 2103 1252 2192 obedienciam,
1275 2123 1313 2181 et
1338 2105 1459 2182 vivere
1490 2107 1570 2182 sine
1596 2109 1769 2214 proprio,

349 2253 386 2312 et
405 2237 510 2343 qnod
531 2265 607 2314 non
628 2237 810 2315 revelaret
830 2252 970 2314 secreta
992 2234 1262 2343 capitulorum,
1279 2264 1350 2312 nec
1369 2236 1578 2313 dimitteret
1597 2237 1773 2315 ordinem

346 2397 414 2473 pro
435 2368 525 2458 alio;
548 2385 584 2445 et
605 2368 780 2475 imposito
807 2367 877 2445 sibi
898 2366 1092 2456 mantello,
1117 2365 1190 2444 tuit
1211 2394 1300 2443 eum
1327 2365 1516 2444 osculatus
1536 2367 1574 2443 in
1598 2395 1681 2457 ore,
1704 2369 1772 2446 sed

348 2526 425 2574 non
446 2515 616 2575 astantes.
638 2498 784 2575 Deinde
813 2498 921 2574 allata
952 2526 1019 2604 per
1045 2496 1187 2574 dictum
1214 2515 1446 2603 receptorem
1473 2497 1636 2603 quadam
1660 2525 1772 2575 cruce

347 2625 469 2733 lignea
491 2629 529 2704 in
546 2657 620 2735 qua
640 2648 719 2705 erat
741 2657 874 2736 ymago
894 2627 1086 2719 Crucifixi‚
1108 2628 1280 2734 precepit
1298 2629 1332 2704 ei
1357 2627 1461 2735 quod
1490 2643 1643 2732 spueret
1658 2654 1774 2733 super

347 2787 445 2847 eam,
472 2759 600 2835 dicens
634 2758 755 2835 dictus
787 2776 957 2864 receptor
983 2757 1089 2864 quod
1122 2757 1195 2833 hoc
1217 2756 1380 2834 debebat
1407 2756 1527 2833 facere
1559 2754 1771 2834 secundum

345 2889 660 2966 consuetudinem
694 2889 861 2975 ordinis3
894 2906 930 2965 et
965 2905 1056 2964 tunc
1084 2888 1162 2994 ipse
1191 2889 1299 2966 testis
1325 2888 1426 2994 spuit
1458 2916 1536 2964 non
1563 2915 1675 2992 supra
1703 2885 1772 2963 sed

341 3019 445 3125 juxta
475 3047 569 3095 earn.
603 3020 728 3095 Primo
761 3036 887 3094 tamen
918 3034 1135 3124 preceperat
1168 3018 1202 3093 ei
1230 3018 1335 3123 quod
1364 3017 1564 3123 abnegaret
1588 3018 1768 3103 lhesum,

345 3150 474 3226 dicens
501 3149 618 3226 eciam
649 3149 753 3254 quod
773 3148 845 3224 hoc
870 3149 988 3224 facere
1016 3147 1180 3225 debebat
1210 3148 1421 3225 secundum
1446 3147 1584 3224 dictam
1610 3174 1772 3225 consue·

344 3281 517 3357 tudinem
537 3279 699 3365 ordinis,
732 3295 770 3354 et
800 3280 877 3384 ipse
905 3279 1010 3356 testis
1041 3279 1238 3386 abnegavit
1261 3279 1417 3357 Jhesum
1439 3306 1505 3357 ore
1525 3307 1603 3356 non
1634 3279 1769 3370 corde,

346 3388 432 3515 quia
449 3409 526 3516 jam
547 3408 709 3485 habebat
730 3407 950 3485 mantellum
972 3427 1011 3486 et
1032 3409 1156 3514 ipsum
1176 3409 1365 3486 dimittere
1386 3437 1464 3486 non
1483 3426 1646 3514 poterat,
1673 3409 1772 3487 sicut

345 3541 447 3624 dixit.
474 3539 554 3617 Alia
582 3540 712 3616 illicita
743 3568 817 3616 non
844 3542 1126 3617 intervenerunt
1155 3542 1195 3616 in
1229 3540 1325 3617 dicta
1352 3569 1428 3617 sua
1448 3539 1668 3645 reeepcione
1700 3566 1772 3615 nec

344 3688 444 3775 post,
467 3689 505 3748 et
525 3671 645 3748 credit
662 3672 765 3778 quod
796 3671 927 3748 eadem
955 3672 1226 3748 intervenirent
1245 3671 1499 3748 communiter
1522 3671 1561 3746 in
1581 3669 1772 3776 recepcio·

344 3800 456 3877 nibus
487 3800 648 3879 aliorum
673 3800 829 3878 fratrum
856 3800 947 3877 dicti
973 3800 1118 3880 ordinis
1144 3800 1201 3878 vel
1227 3819 1331 3908 post,
1358 3802 1446 3909 quia
1466 3801 1546 3905 ipse
1575 3799 1664 3875 lecit
1684 3827 1771 3905 pre·

345 3931 458 4022 dicta,
482 3949 520 4008 et
544 3933 630 4039 quia
645 3932 737 4008 vidit
756 3933 871 4037 recipi
888 3930 1042 4009 fratrem
1057 3931 1309 4010 Guillelmum
1338 3933 1385 4009 de
1406 3933 1570 4038 Masayes
1589 3929 1768 4020 militem,

342 4077 476 4138 testem
502 4062 554 4137 eri
585 4062 857 4149 examinatum,
885 4090 953 4167 per
980 4061 1132 4138 fratrem
1150 4062 1400 4138 bertrandum
1424 4061 1471 4137 de
1489 4061 1651 4166 Sartiges
1669 4059 1771 4135 mili·

344 4207 438 4281 tem,
461 4191 508 4272 ad
539 4190 813 4269 deffensionem
844 4191 992 4269 ordinis
1020 4208 1270 4298 assumptum,
1301 4193 1339 4267 in
1368 4191 1468 4268 dicta
1499 4189 1658 4295 capella,
1680 4206 1771 4266 sunt

343 4320 489 4398 circiter
512 4323 616 4410 anni,
646 4322 884 4428 presentibus
918 4321 1095 4399 fratribus
1114 4322 1329 4429 Stephano,
1358 4321 1405 4399 de
1433 4321 1606 4399 Glotonis
1633 4320 1770 4397 Lemo·

341 4452 511 4541 vicensis,
540 4448 747 4531 Guillelmo
775 4452 912 4558 Aprilis
943 4469 982 4530 et
1013 4454 1124 4530 Petro
1151 4453 1198 4529 de
1228 4452 1421 4562 Alteyraco
1451 4450 1770 4529 Claramontenais

343 4581 867 4675 diocesinm,‘servientibus,
898 4584 999 4689 apud
1029 4584 1207 4661 Riomum
1228 4572 1326 4661 dicte
1348 4583 1510 4660 diocesis
1527 4581 1709 4669 detentis,
1731 4597 1770 4659 et

341 4710 435 4788 vidit
466 4728 504 4788 et
535 4712 676 4789 audivit
704 4714 787 4820 ipse
815 4713 935 4801 testis,
965 4742 1156 4790 unacum
1184 4711 1365 4820 predictis
1402 4711 1528 4788 tribus
1566 4709 1766 4796 mnibus,

341 4841 494 4947 quando
532 4840 653 4919 dietus
685 4842 798 4920 frater
835 4843 1080 4930 bertrandus,
1115 4861 1202 4948 post
1234 4843 1484 4921 tradicionem
1528 4839 1700 4917 montelli
1730 4855 1768 4917 et
