4236 5948
361 547 409 622 ao
749 529 945 622 rnocts
973 550 1068 622 oss
1094 550 1400 622 'rtttptltllts

357 689 587 797 presbiter0,
610 689 762 767 Matheo
785 691 832 767 de
850 688 1001 767 Tilbeio
1023 708 1061 767 et
1075 691 1188 768 Petro
1209 693 1255 767 de
1276 667 1446 798 Loyson,
1474 691 1540 795 qui
1560 690 1735 768 Matbeus
1757 708 1796 768 et

258 846 260 849 ’
357 821 491 899 Petrus
502 818 778 926 lueruntsupra
790 822 998 899 examinati.
1022 822 1144 929 Aquo
1156 841 1352 928 receptore
1365 851 1450 898 cum
1468 821 1643 926 peciisset
1658 851 1796 928 panem

359 970 398 1031 et
409 981 545 1060 aquam
561 970 598 1028 et
612 953 831 1030 societatem
849 953 1010 1042 ordinis,
1028 972 1065 1030 et
1084 956 1254 1060 predicto
1270 955 1304 1031 ei
1319 953 1424 1060 quod
1436 952 1534 1031 bene
1552 953 1795 1045 deliberaret,

359 1087 449 1192 quia
464 1096 657 1190 oporteret
672 1113 761 1162 eum
780 1084 963 1187 voluntati
983 1085 1118 1193 subjici
1139 1086 1281 1178 aliene,
1305 1103 1342 1163 et
1360 1086 1478 1163 multa
1502 1085 1596 1163 dura
1613 1103 1650 1164 et
1667 1114 1796 1194 aspera

360 1218 561 1308 sustinere,
591 1217 849 1308 concessisset,
877 1216 965 1293 lecit
992 1246 1079 1293 euru
1101 1247 1233 1295 vovere
1255 1236 1294 1296 et
1309 1219 1436 1325 jurare
1457 1218 1680 1306 castitatem,
1706 1217 1798 1296 obe-

361 1350 566 1436 dienciam,
593 1348 713 1424 vivere
740 1348 821 1424 sine
846 1348 1020 1456 proprio;
1047 1367 1086 1426 et
1111 1350 1290 1456 imposito
1323 1348 1396 1427 sibi
1424 1349 1621 1438 mantello,
1650 1349 1729 1454 ipsc
1758 1367 1798 1426 et

359 1481 491 1558 fratres
501 1497 664 1557 astantes
675 1479 833 1558 fuerunt
845 1510 933 1557 euru
950 1481 1108 1559 osculati
1124 1483 1163 1559 in
1180 1512 1257 1560 ore.
1276 1484 1364 1576 Quo
1381 1483 1565 1559 instructo
1581 1497 1676 1587 quot
1687 1481 1800 1559 Pater

360 1627 475 1691 noster
491 1641 561 1718 pro
581 1612 686 1690 horis
710 1612 788 1691 suis
809 1611 953 1688 diceret
973 1629 1012 1689 et
1036 1600 1201 1719 qualiter
1221 1614 1261 1689 in
1279 1614 1415 1691 ordine
1436 1642 1475 1689 se
1500 1630 1665 1721 regeret,
1690 1632 1799 1691 'rece-⁴

361 1744 541 1821 dentibus
566 1741 747 1850 predictis
771 1741 974 1835 fratribus,
1004 1746 1174 1852 precepit
1201 1745 1326 1822 cidem
1349 1745 1458 1836 testi,
1488 1745 1693 1821 ostendens
1722 1742 1795 1820 sibi

360 1878 564 1982 quamdam
578 1904 729 1953 crucem
746 1874 911 1983 ligneam
923 1876 963 1952 in
976 1906 1051 1983 qua
1066 1876 1171 1953 nulla
1184 1894 1264 1954 erat
1274 1905 1408 1985 ymago
1421 1875 1615 1964 crucifixi,
1633 1874 1680 1951 de
1694 1891 1795 1952 retro

360 2007 475 2085 altare
495 2025 702 2115 acceptam,
725 2007 831 2112 quod
844 2009 1047 2117 abnegaret
1063 2010 1189 2088 Deum
1206 2026 1245 2086 et
1260 2025 1414 2117 spueret
1431 2036 1544 2115 super
1560 2007 1699 2085 dictam
1713 2037 1797 2086 cru-

301 2237 304 2243 ·
361 2168 465 2232 cem;
487 2156 527 2216 et
545 2139 627 2244 ipso
647 2155 742 2215 teste
762 2141 1016 2246 respondente
1041 2141 1145 2247 quod
1164 2140 1273 2218 nullo
1294 2140 1410 2217 modo
1431 2140 1633 2248 abnegaret
1651 2156 1795 2215 creato·

362 2299 443 2347 rem
469 2296 599 2362 suurn,
628 2271 722 2350 dixit
746 2272 780 2348 ei
807 2271 912 2379 quod
938 2273 1010 2349 hoc
1037 2272 1238 2378 oportebat
1257 2301 1346 2349 eum
1366 2272 1504 2363 lacere,
1527 2270 1616 2377 quia
1636 2271 1715 2375 ipse
1736 2298 1796 2346 re·
1824 2338 1838 2353 ,

361 2419 492 2508 ceptor
511 2402 584 2479 hoc
607 2401 746 2479 lecerat
769 2402 809 2479 in
835 2404 1058 2509 recepcione
1082 2431 1167 2492 sua3
1190 2419 1232 2478 et
1254 2419 1346 2479 tunc
1371 2402 1450 2510 ipse
1471 2402 1577 2480 testis
1599 2400 1797 2508 abnegavit

361 2534 487 2611 Deum
508 2563 574 2611 ore
598 2561 676 2610 non
696 2533 826 2624 corde,
849 2551 887 2612 et
905 2535 1007 2640 spuit
1020 2562 1105 2611 ‚non
1125 2562 1237 2640 supra
1260 2532 1328 2610 sed
1343 2532 1449 2639 juxta
1472 2531 1610 2608 dictam
1631 2561 1801 2610 crucem.⁴

361 2666 545 2773 Postque
573 2666 740 2772 precepit
764 2666 890 2742 eidem
912 2665 999 2743 testi
1021 2664 1128 2772 quod
1153 2665 1386 2742 oscularetur
1409 2664 1534 2769 ipsum
1560 2682 1795 2771 receptorem

362 2797 402 2872 in
423 2824 495 2874 ano
511 2829 520 2877 ι
535 2796 608 2873 fuit
628 2825 717 2874 eum
737 2796 928 2874 osculatus
944 2797 1040 2874 circa
1061 2825 1207 2875 zonam.
1220 2825 1332 2903 supra
1353 2796 1554 2874 camisiam.
1584 2794 1665 2907 Alia
1684 2797 1795 2874 inho·

362 2945 468 3004 nesta
494 2956 572 3005 nou
600 2927 887 3004 intervenerunt
906 2929 945 3003 in
966 2929 1064 3005 dicta
1085 2958 1152 3007 sua
1166 2928 1398 3033 recepcione
1419 2955 1489 3004 nec
1508 2944 1610 3034 post3
1633 2956 1704 3004 nec
1728 2929 1797 3005 scit

363 3060 470 3137 aliter
487 3059 517 3137 si
532 3059 805 3136 intervenirent
818 3059 858 3134 in
873 3042 1160 3165 recepcionibus
1174 3058 1353 3151 aliorum,
1371 3088 1440 3136 nec
1457 3059 1530 3136 boc
1546 3057 1689 3135 audivit
1703 3058 1794 3150 dici,

362 3220 433 3268 nec
456 3191 526 3267 scit
551 3188 657 3295 quod
677 3218 791 3294 super
816 3189 891 3267 hoc
914 3189 1058 3279 credat,
1082 3191 1171 3298 quia
1191 3220 1326 3298 parum
1346 3188 1418 3266 fuit
1442 3190 1481 3265 in
1510 3189 1655 3266 ordine.
1682 3190 1794 3281 Item,

364 3322 458 3399 dixit
478 3349 516 3398 se
537 3322 637 3398 bene
661 3320 815 3399 credere
836 3321 1094 3416 ecclesiasticis
1114 3324 1372 3414 sacramentis,
1398 3341 1436 3399 et
1457 3321 1562 3427 quod
1581 3321 1644 3398 alii
1664 3321 1796 3400 fratres

363 3454 578 3545 crederent,
602 3471 640 3531 et
655 3453 761 3560 quod
776 3481 909 3531 eorum
931 3455 1144 3533 sacerdotes
1160 3454 1287 3533 debite
1304 3452 1551 3532 celebrarent.
1574 3453 1708 3531 Statim
1726 3482 1795 3559 pro

362 3584 540 3693 professis
555 3584 804 3663 habebantur.
827 3584 1071 3665 Clandestine
1089 3587 1380 3693 recipiebantur,
1404 3614 1444 3662 ex
1463 3613 1541 3692 quo
1557 3582 1676 3661 credit
1690 3584 1797 3691 quod

251 3706 258 3725 ‘
363 3733 462 3794 esset
484 3716 647 3824 suspicio
673 3734 801 3806 contra
822 3745 898 3794 eos.
926 3717 1105 3797 Cordulis
1125 3718 1228 3795 unde
1247 3715 1424 3795 volebant
1450 3715 1652 3822 assumptis
1671 3717 1796 3825 cinge·

362 3848 501 3925 bantur
515 3877 627 3956 supra
639 3849 807 3927 camisias
819 3877 908 3925 cum
921 3849 1062 3955 quibus
1072 3849 1261 3957 jacebant,
1284 3878 1353 3925 nec
1368 3848 1437 3925 scit
1452 3876 1522 3925 nec
1533 3846 1678 3924 audivit
1691 3847 1797 3953 quod

362 3995 559 4089 tangerent
578 3981 697 4087 capita
716 3979 934 4088 ydolorum.
956 3981 1161 4060 Dicebatur
1183 3983 1236 4059 eis
1257 3999 1295 4058 et
1315 3980 1604 4063 deffendebatur
1625 4007 1674 4056 ne
1692 4008 1796 4055 reve-

362 4109 485 4188 larent
499 4118 641 4189 secreta
656 4111 908 4218 capitulorum
925 4138 996 4188 nee
1010 4112 1169 4191 modum
1188 4142 1255 4190 sue
1276 4111 1519 4218 recepcionis.
1542 4111 1582 4188 Si
1603 4110 1670 4216 qui
1691 4127 1797 4187 erant

362 4239 493 4319 fratres
509 4243 670 4319 seientes
691 4269 836 4321 errores
856 4243 896 4319 iu
914 4245 1064 4334 ordine,
1086 4244 1244 4322 fuerunt
1262 4242 1495 4351 negligentes
1514 4243 1696 4347 quianon
1718 4271 1797 4320 cor·

363 4390 541 4451 rexerunt
567 4400 633 4451 eos
655 4400 725 4450 nec
746 4372 1065 4454 denunciaverunt
1085 4377 1262 4454 Ecclesie.
1284 4374 1519 4453 Elemosinas
1542 4390 1581 4450 et
1600 4354 1796 4480 hospitali-

363 4519 478 4579 tatem
498 4504 592 4580 vidit
613 4505 881 4603 convenienter
900 4507 982 4585 lieri
1007 4525 1046 4586 et
1071 4509 1226 4600 servari,
1253 4526 1339 4584 ante
1368 4508 1450 4615 ejus
1473 4506 1735 4612 recepcionern
1761 4522 1797 4582 et

363 4651 463 4739 post,
481 4635 521 4711 in
535 4635 713 4715 domibus
726 4638 870 4717 ordinis
882 4639 922 4716 in
937 4641 1075 4747 quibus
1086 4640 1226 4719 exstitit
1237 4656 1501 4717 commoratus.
1516 4636 1797 4743 Preeipiebatur

364 4763 418 4842 eis
430 4765 535 4873 quod
546 4766 672 4846 debite
686 4770 924 4876 acquirerent
938 4773 1074 4850 ordini.
1093 4772 1246 4850 Audivit
1262 4771 1336 4849 dici
1347 4770 1453 4879 quod
1466 4768 1656 4876 capitulia,
1669 4770 1796 4876 januis

364 4894 517 4987 clausis,
532 4896 649 4977 nullis
663 4899 904 5008 presentibus
918 4904 991 4981 nisi
1005 4902 1195 4993 fratribus,
1212 4902 1417 5010 aliquando
1430 4901 1670 4988 tenebuntur,
1684 4901 1795 4979 valde
