4236 5948
350 509 417 583 us
736 489 930 582 rnocns
957 506 1053 578 nas
1080 482 1376 578 ra'uvmans

343 648 623 757 capituliorum,
644 646 759 724 laicus
774 647 971 753 presidens
986 645 1135 723 dicebat
1149 644 1327 723 iratribus
1344 646 1417 722 hoc
1433 643 1547 720 modo
1564 675 1571 716 :
1597 643 1679 719 «De
1696 643 1769 718 lviis

343 811 417 887 que
436 779 620 856 obmititis
638 780 777 869 dicere,
801 779 851 857 ob
873 779 1136 857 verecundiam
1153 778 1273 853 carnis
1292 776 1348 853 vel
1365 774 1415 851 ob
1430 776 1607 851 timorem
1619 774 1772 881 justicie

343 913 496 1001 domus,
519 910 627 987 saciat
647 911 753 987 vobis
768 912 871 988 Deus
894 909 1008 986 talem
1030 909 1307 1015 indulgenciam
1333 906 1484 1013 qualem
1507 906 1595 982 fecit
1622 905 1773 1011 Magda-

343 1044 426 1120 lene
446 1043 492 1119 de
514 1042 672 1148 peccatis
688 1042 781 1130 suis,
797 1059 835 1118 et
852 1058 978 1147 rogate
993 1041 1118 1117 Deum
1139 1040 1244 1146 quod
1258 1038 1451 1144 indulgeat
1463 1038 1568 1115 vobis
1588 1055 1625 1114 et
1640 1036 1769 1115 nobis,

343 1191 379 1248 et
394 1202 463 1250 nos
484 1173 600 1248 eciam
622 1201 796 1280 rogamus
817 1172 920 1279 qnod
943 1171 1136 1278 indulgeat
1157 1171 1259 1248 vobis
1280 1189 1318 1247 et
1337 1170 1457 1246 nobis.
1476 1207 1488 1237 v
1505 1169 1720 1276 Requisitus
1740 1167 1772 1245 si

342 1332 409 1407 per
419 1302 533 1379 talem
553 1302 834 1381 absolucionem
852 1301 1054 1379 credebant
1068 1330 1147 1379 esse
1164 1301 1327 1378 absoluti
1344 1331 1365 1378 a
1380 1301 1557 1406 peccatis,
1576 1299 1771 1405 respondit

342 1433 447 1537 quod
465 1433 544 1538 ipse
562 1460 638 1509 non
655 1433 850 1521 credebat,
872 1461 942 1509 nec
958 1431 1077 1507 credit
1097 1431 1201 1537 quod
1221 1431 1281 1507 alii
1303 1430 1501 1507 crederent
1520 1431 1591 1508 nisi
1613 1430 1772 1508 confite·

343 1580 474 1638 rentur
495 1562 761 1639 sacerdotibus.
780 1562 952 1640 Predicta
967 1579 1092 1637 autem
1111 1562 1252 1638 audivit
1265 1563 1303 1636 in
1320 1563 1492 1667 capitulis
1507 1591 1581 1668 que
1594 1559 1772 1638 teneban-

342 1709 404 1768 tur
429 1693 525 1769 ultra
548 1721 651 1769 mare
673 1721 742 1798 per
766 1692 908 1768 dictum
931 1691 1082 1769 fratrem
1109 1691 1339 1768 Ademarum
1367 1692 1414 1769 de
1440 1694 1639 1800 Peyrucza,
1667 1709 1705 1769 et
1729 1693 1768 1767 in

342 1823 530 1912 Alvernia,
559 1823 598 1898 in
619 1821 790 1927 capitulis
814 1851 889 1928 que
913 1821 1140 1899 tenebantur
1159 1851 1226 1928 per
1247 1823 1386 1900 dictum
1408 1822 1558 1898 fratrem
1582 1823 1772 1899 Humber-

343 1970 422 2027 tum
447 1953 599 2030 BIancti.
628 1953 761 2031 Statim
786 1980 855 2058 pro
875 1951 1053 2058 professis
1077 1951 1323 2030 habebantur.
1346 1953 1451 2031 Clam
1476 1951 1765 2058 recipiebantur,

342 2083 456 2160 nullis
476 2082 714 2190 presentibus
733 2083 805 2160 nisi
831 2082 1008 2159 fratribus
1036 2083 1196 2171 ordinis,
1218 2112 1262 2161 ex
1292 2114 1368 2190 quo
1396 2084 1515 2161 credit
1539 2083 1642 2190 quod
1669 2101 1768 2161 esset

342 2215 503 2319 suspicio
523 2213 619 2289 mala
640 2231 768 2291 contra
791 2242 866 2292 eos.
891 2212 1067 2291 Cordulis
1089 2213 1334 2321 cingebantur
1352 2243 1464 2321 super
1487 2214 1654 2290 camisias
1678 2242 1767 2290 cum

342 2343 481 2448 quibus
495 2343 686 2451 jacebant;
707 2345 823 2420 nescit
842 2362 968 2420 tamen
983 2372 1053 2421 nec
1068 2344 1187 2421 credit
1205 2345 1310 2451 quod
1328 2363 1524 2452 tangerent
1541 2346 1659 2451 capita
1675 2345 1769 2450 ydo-

344 2474 480 2551 lorum.
499 2475 575 2568 Qui
592 2474 817 2552 revelassent
840 2492 980 2552 secreta
1003 2474 1265 2581 capituliorum
1285 2477 1408 2582 puniti
1425 2475 1598 2568 luissent,
1618 2474 1686 2552 sed
1702 2503 1769 2553 ne·

342 2606 409 2679 scit
422 2586 596 2711 qualiter.
616 2607 763 2683 Fratres
783 2605 943 2682 scientes
963 2634 1110 2683 errores
1131 2606 1364 2714 negligentes
1388 2605 1563 2691 suerunt,
1586 2606 1766 2711 quianon

342 2753 584 2812 correxerunt
605 2752 641 2812 et
661 2765 737 2812 non
759 2737 1078 2814 denunciaverunt
1097 2735 1273 2814 Ecclesia.
1296 2737 1526 2813 Elemosinas
1546 2753 1583 2811 et
1601 2736 1768 2841 hospita·

342 2865 482 2941 litatem
503 2865 595 2942 vidit
615 2868 881 2944 convenienter
909 2867 992 2943 [ieri
1014 2883 1051 2943 et
1078 2868 1230 2956 servari,
1253 2866 1351 2944 ultra
1383 2895 1485 2943 mare
1516 2884 1554 2943 et
1580 2883 1698 2952 extra,
1727 2866 1767 2941 in

343 2995 520 3073 domibus
543 2996 686 3074 ordinis
706 2998 746 3072 in
767 2998 907 3103 quibus
926 2996 998 3074 luit
1020 3015 1283 3075 commoratus.
1300 2999 1403 3075 Vidit
1422 3000 1525 3105 quod
1547 2997 1642 3073 clam
1661 3015 1768 3074 tene-

341 3125 480 3202 bantur
499 3126 690 3232 capitulia,
708 3128 834 3233 januis
853 3126 1005 3218 clausis,
1024 3145 1061 3204 et
1080 3128 1347 3233 providebatur
1360 3128 1465 3233 quod
1479 3156 1556 3203 non
1572 3126 1769 3204 audiretur

342 3257 506 3331 exterius
523 3255 630 3363 quod
645 3256 804 3333 interius
824 3257 1012 3363 agebatur.
1035 3258 1184 3352 Servata
1204 3257 1362 3336 luissent
1395 3260 1434 3333 in
1461 3257 1592 3335 ordine
1618 3286 1659 3333 ea
1692 3286 1769 3363 que

343 3414 500 3490 maguus
511 3387 686 3492 Magister
705 3415 792 3463 cum
814 3405 999 3464 conventu
1019 3417 1088 3465 suo
1110 3391 1296 3467 statuisset
1311 3406 1348 3466 et
1368 3390 1587 3466 ordinasset.
1603 3387 1768 3467 Grandia

342 3515 527 3604 scandala,
549 3516 710 3623 suspicio
733 3535 770 3595 et
790 3517 940 3595 infamia
961 3536 1115 3625 propter
1132 3520 1300 3625 predicta
1326 3537 1453 3596 contra
1479 3520 1653 3595 ordinem
1681 3537 1770 3597 suut

344 3662 480 3721 exorta.
502 3644 634 3722 lllicita
655 3646 860 3725 confessata
879 3677 946 3754 per
966 3677 1054 3726 eum
1076 3650 1196 3726 credit
1214 3650 1320 3756 quod
1340 3668 1464 3726 essent
1486 3667 1573 3725 nota
1593 3648 1771 3725 fratribus

344 3774 501 3865 ordinis,
525 3795 786 3887 contraquam
806 3781 1041 3858 audivitdici
1063 3810 1242 3886 magnum
1273 3783 1493 3889 Magistrum
1522 3798 1560 3858 et
1587 3780 1679 3857 alios
1704 3778 1770 3856 ali-

343 3933 437 4009 quos
459 3935 622 3996 errores,
646 3912 764 3988 nescit
782 3930 908 3988 tamen
929 3939 1043 4018 quos,
1062 3912 1175 3989 luisse
1197 3910 1396 3989 confessos.

399 4039 614 4144 Requisitus
632 4042 661 4118 si
684 4043 736 4119 sic
753 4043 979 4150 deposuerat
989 4071 1115 4148 prece,
1131 4059 1319 4148 precepto,
1337 4043 1490 4130 timore,
1509 4069 1647 4128 amore,
1665 4043 1769 4129 odio,

343 4168 400 4243 vel
419 4171 618 4276 temporali
641 4174 801 4251 comodo
824 4172 953 4250 habito
971 4174 1029 4250 vel
1049 4173 1238 4263 habendo,
1258 4174 1454 4279 respondit
1471 4173 1574 4279 quod
1591 4200 1684 4261 non,
1704 4171 1772 4249 sed

343 4328 411 4402 pro
438 4300 590 4378 veritate
616 4302 791 4390 dicenda;
817 4305 876 4379 cui
902 4301 974 4379 luit
999 4304 1210 4412 injunctum
1235 4303 1340 4409 quod
1366 4332 1442 4380 non
1468 4303 1649 4380 revelaret
1675 4303 1773 4379 hanc

344 4460 448 4506 suam
465 4432 765 4537 deposicionem,
788 4461 986 4538 quousque
1002 4434 1262 4511 attestaciones
1279 4433 1419 4510 luerint
1431 4433 1679 4538 publicate;et
1694 4461 1770 4509 non

345 4561 532 4637 obtulerat
547 4591 586 4639 se
601 4563 645 4639 ad
670 4563 941 4641 deffensionem
960 4564 1103 4641 ordinis
1124 4564 1337 4670 supradicti.

400 4824 528 4898 Frater
543 4824 723 4929 Rogerius
743 4824 790 4900 de
811 4826 916 4930 Rupe
942 4827 1120 4917 serviens,
1138 4825 1381 4903 Bituricensis
1403 4827 1574 4914 diocesis
1593 4827 1699 4902 testis
1714 4855 1770 4903 su-
