4236 5948
341 529 415 604 nsi
736 507 935 602 rnocts
963 527 1058 597 nus
1085 522 1385 595 rnurnrnns

342 671 448 759 citur,
470 699 490 745 a
513 667 619 746 dictis
642 669 832 755 fratribus,
853 667 944 745 dixit
962 664 1064 773 quod
1081 693 1175 755 ηοη,
1198 664 1284 771 quia
1310 690 1500 769 nunquam
1522 660 1592 739 fuit
1611 662 1649 737 in
1670 661 1769 767 capi-

341 801 431 878 tulis
453 829 582 877 eorum
603 799 849 904 generalibus.

402 1064 494 1139 ltem
517 1090 631 1149 anno,
655 1060 876 1143 indictione,
899 1057 1133 1165 pontificatu,
1154 1086 1269 1146 anno,
1291 1084 1419 1133 mense
1441 1055 1557 1132 etdie
1575 1055 1768 1162 predictis,

344 1193 382 1268 in
407 1192 524 1296 ipsius
549 1190 795 1297 inquisitoris,
823 1209 993 1268 nostrum
1018 1190 1248 1266 notariorum
1273 1187 1509 1294 publicorum
1530 1203 1567 1263 et
1587 1185 1770 1264 infrascri-

344 1341 493 1427 ptorum
515 1323 667 1399 testium
686 1322 876 1428 presencia
902 1322 1126 1399 constitutus
1149 1319 1261 1397 irater
1284 1321 1455 1397 Matbeus
1481 1318 1529 1396 de
1555 1320 1672 1396 Bosco
1695 1318 1770 1395 Au-

346 1454 488 1529 demari
518 1453 748 1530 Belvacensis
771 1452 946 1542 diocesis,
976 1452 1149 1558 magister
1169 1450 1304 1527 domus
1328 1451 1375 1526 de
1402 1449 1607 1538 Clicbiaco,
1634 1449 1771 1527 eodem

346 1584 464 1661 modo
479 1585 640 1691 juratus,
661 1601 698 1659 et
713 1582 960 1689 interrogatus
988 1582 1034 1658 de
1059 1600 1230 1686 ternpore
1252 1598 1289 1656 et
1305 1580 1420 1657 modo
1435 1579 1665 1686 recepcionis
1684 1608 1769 1670 sue,

348 1713 440 1789 dixit
467 1743 534 1819 per
551 1715 809 1819 juramentum
835 1742 947 1790 suum
972 1713 1077 1820 quod
1101 1727 1273 1818 receptus
1292 1710 1364 1787 fuit
1392 1709 1490 1815 apud
1517 1710 1772 1817 Latigniacum

347 1846 495 1922 Siccum
526 1844 726 1922 Meldensis
746 1844 922 1933 diocesis,
953 1873 1021 1950 per
1045 1842 1197 1921 lratrcm
1213 1841 1427 1919 *lobannem
1452 1842 1499 1918 de
1527 1843 1657 1919 Turno
1682 1859 1773 1918 tunc

345 1976 616 2052 thesaurarium
637 1974 787 2081 Templi
807 1974 984 2063 Parisius‚
1003 1972 1241 2080 presentibus
1256 1972 1366 2050 fratre
1385 1972 1555 2049 lohanne
1575 1970 1623 2047 de
1644 1974 1773 2050 Besen·

348 2109 451 2184 curia
474 2124 510 2183 et
530 2105 641 2182 fratre
662 2105 812 2183 Nicolao
832 2105 1042 2212 Flamingo,
1068 2104 1243 2182 fratribus
1263 2103 1404 2181 ordinis
1423 2101 1598 2208 predicti,
1625 2083 1662 2178 et
1690 2103 1774 2210 qui-

347 2238 506 2314 busdam
528 2236 607 2313 aliis
627 2238 673 2313 de
689 2266 850 2344 quorum
871 2236 1087 2315 nominibus
1104 2265 1180 2314 ηοη
1195 2235 1337 2313 recolit.

405 2372 652 2475 Interrogatus
672 2369 866 2474 quomodo
884 2369 957 2446 luit
979 2386 1166 2476 receptus,
1189 2367 1281 2444 dixit
1300 2398 1368 2475 per
1382 2369 1638 2475 juramentum
1662 2397 1773 2446 suurn

348 2499 647 2606 quodoxpositis
672 2499 796 2577 cidem
817 2499 942 2578 multis
962 2500 1145 2606 preceptis
1176 2518 1212 2575 et
1233 2500 1478 2576 observanciis
1503 2499 1592 2577 dicti
1612 2499 1771 2593 ordinis,

350 2647 386 2706 et
408 2630 553 2707 statutis
574 2647 610 2706 et
630 2630 797 2717 secretis,
825 2660 898 2737 que
920 2629 1115 2707 observare
1134 2630 1307 2737 promisit
1333 2649 1370 2708 et
1394 2649 1539 2721 tenere,
1564 2649 1775 2736 posuerunt

349 2762 396 2839 ad
416 2761 552 2838 collum
573 2790 683 2837 suum
702 2761 920 2838 mantellum
940 2761 1099 2850 ordinis3
1123 2778 1160 2838 et
1178 2780 1268 2839 tunc
1288 2761 1471 2868 recipiens
1491 2762 1596 2839 duxit
1619 2791 1707 2840 cum
1727 2762 1775 2839 ad

347 2910 507 2999 partem,
524 2910 580 2979 et,
602 2911 745 2968 ostensa
766 2892 836 2970 sibi
853 2891 1014 2999 quadam
1031 2921 1138 2968 cruce
1158 2893 1196 2968 iu
1213 2922 1287 2998 qua
1307 2909 1386 2970 erat
1404 2893 1549 2998 depicta
1560 2921 1693 3000 ymago
1703 2895 1776 2972 Do·

349 3025 439 3100 mini
459 3024 576 3101 nostri
596 3024 711 3100 Jbesu
732 3022 869 3099 Christi
894 3023 1074 3112 crucifixi,
1095 3024 1256 3130 quesivit
1269 3023 1317 3101 ab
1334 3052 1379 3100 eo
1394 3041 1521 3101 utrum
1541 3023 1712 3101 crederet
1727 3054 1773 3102 an

350 3154 412 3230 ille
433 3156 540 3262 cujus
564 3183 696 3261 ymago
728 3172 806 3231 erat
826 3154 879 3231 ibi
906 3154 1051 3260 depicta
1073 3172 1169 3231 esset
1191 3156 1309 3244 Deus,
1344 3174 1381 3230 ct
1408 3156 1486 3261 ipse
1512 3155 1577 3261 qui
1608 3153 1775 3260 loquitur

272 3338 275 3344 ‚
348 3285 543 3390 respondit
557 3284 660 3390 quod
679 3285 777 3361 bene
799 3285 973 3363 credebat
988 3286 1093 3390 quod
1107 3285 1172 3363 sic.
1186 3287 1233 3361 Et
1246 3303 1334 3362 tunc
1350 3285 1441 3362 dixit
1458 3283 1579 3362 dictus
1592 3285 1775 3390 recipiens

350 3415 453 3520 quod
472 3415 668 3520 oportebat
688 3416 793 3522 quod
812 3445 898 3493 eum
919 3416 1134 3522 abnegaret;
1156 3416 1291 3522 etipse
1311 3416 1503 3520 respondit
1522 3417 1627 3523 quod
1647 3416 1775 3523 aliquo

350 3545 464 3622 modo
483 3573 560 3622 non
581 3545 728 3622 laceret.
750 3548 796 3622 Et
816 3563 904 3622 tunc
928 3546 1051 3623 dictus
1071 3547 1254 3652 recipiens
1283 3547 1409 3653 posuit
1435 3575 1523 3622 eum
1548 3546 1586 3622 in
1609 3547 1774 3651 quodam
1799 3563 1800 3566 ’

351 3704 513 3765 carcere,
533 3677 572 3751 in
592 3703 668 3782 quo
689 3677 789 3753 stetit
807 3703 929 3783 usque
950 3678 998 3753 ad
1016 3706 1197 3786 vesperas.
1221 3681 1267 3754 Et
1289 3706 1373 3754 cum
1392 3677 1543 3753 vidisset
1561 3676 1664 3782 quod
1680 3695 1776 3755 esset

350 3807 388 3882 in
407 3806 574 3912 periculo
593 3807 741 3898 mortis,
758 3808 889 3913 petivit
906 3808 1010 3915 quod
1031 3808 1160 3897 exiret,
1176 3826 1213 3885 et
1226 3808 1364 3894 laceret
1373 3809 1602 3886 voluntatem
1621 3808 1713 3915 ejus.
1730 3811 1776 3887 Et
1810 3808 1812 3814 ’

348 3954 453 4030 ωηο,
477 3936 656 4015 liberatus
677 3939 724 4015 de
742 3968 902 4030 carcere,
926 3941 1122 4049 abnegavit
1135 3957 1193 4017 ter
1205 3941 1361 4018 Jhesurn
1382 3940 1589 4032 Christum3
1612 3940 1774 4018 sednon

349 4069 480 4147 recolit
499 4071 603 4176 quod
627 4072 770 4176 spuerit
796 4099 905 4177 supra
931 4100 1079 4150 crucem
1102 4104 1111 4146 :
1134 4089 1171 4148 et
1190 4088 1344 4178 propter
1366 4072 1438 4150 boc
1458 4100 1535 4149 non
1561 4069 1711 4163 recolit,
1733 4088 1775 4150 ut

350 4199 457 4311 dixit,
476 4202 580 4307 quod
600 4219 679 4278 erat
698 4202 747 4277 ita
767 4201 937 4280 turbatus
958 4222 994 4281 et
1013 4203 1165 4281 territus
1184 4221 1337 4309 propter
1353 4202 1452 4281 illam
1468 4202 1772 4310 abnegacionem,

349 4330 453 4437 quod
472 4332 530 4407 vix
550 4330 689 4409 sciebat
707 4332 801 4439 quid
824 4332 990 4412 faciebat.
1021 4335 1122 4411 Dixit
1144 4351 1271 4411 tamen
1293 4333 1396 4411 idem
1418 4334 1481 4440 qui
1507 4332 1686 4440 loquitur,
1710 4362 1776 4439 per

343 4461 599 4565 juramentum
616 4492 742 4552 suum,
760 4465 882 4571 quod,
901 4466 948 4543 de
964 4483 1141 4572 precepto
1154 4465 1243 4542 dicti
1257 4464 1485 4572 recipientis,
1505 4464 1689 4542 osculatus
1706 4463 1777 4541 luit

350 4593 486 4667 eumin
497 4594 674 4671 umbilico
689 4612 728 4671 et
742 4595 780 4672 in
791 4624 869 4672 ore.
881 4597 966 4690 Quo
976 4597 1088 4688 facto,
1108 4597 1201 4673 dixit
1215 4596 1589 4704 sibirecipiensquod
1599 4595 1628 4671 si
1640 4594 1776 4702 aliquis

350 4719 449 4799 calor
463 4724 638 4801 naturalis
661 4745 827 4804 moveret
847 4756 934 4803 eum
951 4727 998 4803 ad
1010 4727 1207 4804 libidinem
1225 4727 1483 4818 exercendam,
1499 4726 1638 4804 faceret
1649 4754 1782 4803 secum

341 4853 467 4959 jacere
487 4882 605 4932 unum
627 4856 675 4933 de
691 4856 867 4936 fratribus
886 4857 963 4935 suis
980 4875 1017 4935 et
1033 4857 1191 4938 baberet
1207 4887 1286 4936 rem
1305 4888 1389 4936 cum
1404 4886 1468 4948 eo,
1492 4875 1530 4935 et
1544 4858 1777 4963 permitteret
