4236 5948
343 524 413 594 ros
724 502 917 593 rnocns
944 521 1038 592 nus
1063 519 1365 591 rnururnns.

340 663 544 740 dicendum
562 661 747 767 predicta,
771 660 962 766 respondit
979 661 1083 766 quod
1103 687 1196 748 non,
1219 687 1288 735 nec
1302 657 1407 764 quod
1422 656 1556 764 aliquis
1579 658 1612 734 ei
1632 658 1752 735 luerat

340 793 602 869 comminatus.

398 921 589 998 Predictus
618 920 730 997 lrater
758 922 947 998 lohannes
971 918 1141 996 Durandi
1170 918 1261 995 dixit
1293 946 1416 994 coram
1450 917 1558 994 dictis
1589 918 1754 997 dominis

342 1050 602 1129 commissariis
627 1079 665 1127 se
690 1049 803 1127 fuisse
820 1050 1020 1125 mentitum
1044 1076 1167 1124 coram
1193 1047 1305 1124 eisin
1330 1046 1401 1121 alia
1427 1075 1493 1124 sua
1512 1047 1753 1153 deposicione

342 1182 434 1256 lacta
453 1209 576 1257 coram
594 1181 666 1270 eis3
688 1197 725 1256 et
734 1180 948 1285 juramento
966 1207 1032 1284 per
1048 1206 1134 1254 eum
1150 1177 1326 1283 prestito,
1345 1176 1437 1253 dixit
1452 1178 1555 1283 quod
1574 1179 1614 1253 in
1631 1205 1756 1284 recep

344 1311 450 1385 cione
472 1338 538 1386 sua
557 1308 750 1418 abnegavit
767 1311 923 1385 Jhesum
945 1336 1010 1385 ore
1030 1335 1107 1385 non
1128 1307 1260 1397 corde,
1291 1308 1337 1383 de
1362 1307 1536 1383 mandato
1552 1309 1755 1411 receptoria

316 1517 319 1522 ,
343 1441 419 1529 sui,
436 1439 672 1543 presentibus
688 1457 725 1517 et
738 1438 948 1515 viventibus
964 1437 1139 1514 fratribus
1155 1436 1323 1515 Gerardo
1340 1436 1387 1513 de
1402 1439 1530 1544 Nonay
1547 1438 1753 1544 etHugone

345 1570 391 1644 de
411 1570 560 1659 Narsac,
593 1570 822 1674 inquorum
850 1568 964 1643 eciam
989 1567 1181 1673 presencia
1208 1566 1374 1673 precepit
1405 1566 1439 1642 ei
1472 1567 1574 1671 quod
1604 1585 1756 1672 spueret

345 1728 457 1804 super
479 1698 679 1805 quamdam
702 1726 850 1773 crucem
874 1697 1036 1804 ligneam
1056 1698 1095 1772 in
1116 1723 1190 1802 qua
1213 1724 1290 1774 non
1311 1712 1389 1771 erat
1406 1724 1538 1802 ymago
1559 1694 1754 1787 Crucifixi,

346 1829 463 1905 nescit
487 1856 554 1934 per
578 1856 693 1933 quem
718 1827 887 1917 allatam,
917 1826 1058 1902 ibidem
1078 1826 1253 1931 positam,
1278 1843 1315 1901 et
1338 1826 1416 1930 ipse
1433 1826 1537 1902 testis
1562 1826 1662 1931 spuit
1678 1855 1755 1903 non

346 1987 457 2063 supra
476 1957 543 2034 sed
558 1959 662 2065 juxta
683 1986 776 2033 eam.
794 1956 1008 2062 Requisitus
1022 1955 1117 2062 qnid
1134 1955 1311 2062 processit
1333 1956 1380 2031 de
1400 1954 1578 2060 predictis
1598 1955 1756 2063 abnega-

346 2089 453 2164 cione
475 2106 511 2164 et
538 2086 750 2192 spuieione,
770 2086 963 2192 respondit
986 2115 1025 2162 se
1045 2114 1122 2162 non
1148 2084 1345 2162 recordari.
1373 2084 1587 2190 Requisitus
1610 2085 1640 2161 si
1660 2114 1757 2164 reve·

346 2217 483 2292 laverat
501 2216 612 2292 alicui
631 2243 736 2292 suam
756 2215 1033 2320 deposicionem
1052 2214 1188 2291 factam
1204 2241 1328 2291 coram
1350 2214 1457 2290 dictis
1475 2214 1638 2291 dominis
1655 2243 1757 2292 com·

347 2346 543 2435 missariis,
576 2346 771 2451 respondit
798 2345 903 2451 quod
927 2372 1016 2420 non.
1048 2344 1265 2451 Requisitus
1292 2345 1322 2419 si
1351 2343 1517 2448 predicta
1544 2344 1689 2449 spuicio
1720 2362 1758 2420 et

347 2475 547 2581 abnegacio
560 2473 713 2552 luerunt
732 2492 905 2580 precepta
924 2491 964 2550 et
982 2473 1075 2550 sacta
1089 2474 1130 2549 in
1149 2473 1431 2579 recepcionibus
1449 2472 1604 2548 illorum
1618 2473 1758 2579 quibus

348 2603 522 2710 deposuit
536 2634 575 2680 se
591 2602 768 2691 adfuisse,
788 2604 983 2709 respondit
998 2604 1101 2709 quod
1115 2603 1178 2679 sic.
1193 2603 1343 2679 Audivit
1357 2602 1518 2709 precipi‚
1541 2629 1620 2678 non
1632 2620 1758 2680 tamen

347 2732 438 2808 vidit
457 2734 556 2823 fieri,
575 2735 662 2839 quia
692 2734 802 2842 longe
830 2735 931 2811 etin
960 2733 1172 2809 recedendo
1202 2750 1280 2809 erat
1308 2748 1462 2837 propter
1491 2733 1760 2837 occupaciones

348 2891 438 2967 quas
453 2863 616 2939 habebat
632 2864 670 2939 in
689 2863 971 2969 recepcionibus
992 2861 1147 2939 fratrum
1159 2860 1362 2941 Guausredi
1374 2860 1554 2939 Gomrnar
1563 2878 1601 2938 et
1610 2862 1761 2942 alterius

348 2991 477 3070 militis
490 2992 554 3098 qui
571 2992 684 3068 simul
699 2992 838 3098 recepti
856 2992 1026 3082 suerunt,
1045 3011 1082 3068 et
1096 2991 1214 3069 credit
1229 2991 1332 3098 quod
1349 2990 1481 3067 eadem
1494 2990 1763 3071 intervenirent

347 3123 598 3198 communiter
618 3124 654 3197 in
672 3123 957 3228 recepcionibus
971 3122 1131 3200 aliorum
1151 3123 1208 3199 vel
1231 3140 1326 3228 post.
1348 3121 1429 3198 Alia
1449 3150 1525 3199 non
1540 3123 1618 3199 vult
1637 3124 1763 3198 inmu-

346 3269 424 3327 tare
448 3252 485 3325 in
502 3281 566 3328 sua
582 3252 820 3357 deposicione
840 3252 1024 3357 predicta,
1043 3271 1086 3329 ut
1106 3253 1214 3342 dixit,
1234 3253 1300 3330 sed
1313 3281 1545 3359 perseverare
1562 3254 1601 3328 in
1617 3282 1671 3330 ea.
1691 3255 1763 3329 Re-

348 3381 507 3484 quisitus
523 3380 553 3456 si
574 3380 694 3457 suerat
713 3410 780 3486 per
799 3382 962 3487 aliquem
983 3382 1159 3459 inductus
1176 3382 1224 3458 ad
1244 3383 1447 3460 dicendum
1463 3384 1547 3474 ista,
1568 3383 1764 3488 respondit

347 3509 451 3613 quod
472 3537 560 3586 non.
579 3511 792 3616 Requisitus
809 3540 924 3617 quare
942 3514 1014 3589 hoc
1027 3539 1103 3588 non
1127 3512 1268 3589 dixerat
1282 3513 1435 3619 quando
1449 3514 1572 3618 primo
1588 3512 1764 3619 deposuit

348 3665 473 3712 coram
493 3637 604 3719 ‚dictis
626 3639 789 3715 dominis
809 3640 1087 3728 commissariis,
1115 3642 1310 3745 respondit
1335 3641 1440 3747 quod
1465 3641 1641 3718 credebat
1659 3640 1763 3718 sulli-

348 3794 448 3854 cere,
475 3767 562 3872 quia
586 3769 750 3873 predicta
768 3769 1009 3875 'deposuerat
1033 3799 1157 3848 coram
1178 3771 1276 3847 dicto
1304 3770 1453 3849 officiali
1483 3773 1702 3860 Pictavensi,
1726 3790 1764 3848 et

347 3897 451 4001 quod
471 3898 649 3975 celaverat
663 3900 729 3975 ista
749 3917 901 4005 propter
921 3901 1128 3979 fatuitatem
1148 3930 1264 3978 suam.

402 4159 724 4236 Predictusrlrater
743 4161 929 4239 lohannes
946 4163 993 4238 de
1011 4165 1134 4239 Ruans
1154 4191 1277 4240 coram
1291 4163 1469 4269 predictis
1483 4163 1647 4240 dominis
1660 4192 1765 4240 com-

346 4289 524 4366 rnissariis
544 4291 784 4380 constitutus,
795 4290 1011 4397 juramento
1031 4293 1148 4397 ipsius
1163 4294 1318 4399 prestito
1333 4322 1400 4398 per
1412 4274 1591 4371 eumdem
1603 4294 1651 4371 de
1666 4295 1765 4371 veri·

346 4435 418 4493 tate
433 4418 612 4508 dicenda,
629 4420 723 4496 dixit
731 4449 770 4496 se
782 4420 895 4497 luisse
911 4421 1120 4500 consessum
1138 4449 1261 4499 coram
1280 4422 1428 4499 officiali
1444 4424 1648 4500 Pictavensi
1660 4423 1764 4529 quod

346 4565 495 4649 spuerat
509 4578 618 4654 supra
631 4578 797 4641 crucem,
816 4567 853 4626 et
865 4551 968 4656 quod
984 4551 1228 4659 abnegaverat
1244 4554 1385 4639 Deum,
1409 4570 1446 4629 et
1461 4554 1564 4659 quod
1584 4553 1633 4628 ita
1649 4552 1765 4629 fiebat

346 4673 385 4748 in
409 4675 560 4767 ordine,
583 4696 620 4754 et
642 4679 745 4785 quod
768 4678 944 4757 credebat
968 4679 1242 4761 confessionem
1269 4683 1392 4789 magni
1416 4681 1581 4788 Magistri
1606 4698 1645 4756 et
1670 4681 1765 4757 alio-

346 4832 429 4879 rum
455 4806 734 4883 nominatorum
767 4810 807 4883 in
835 4808 975 4885 lictoris
1006 4810 1219 4915 apostolicis
1249 4839 1328 4889 esse
1354 4840 1489 4890 veram.
1519 4810 1590 4888 Cui
1618 4808 1765 4887 confes·
