4236 5948
730 551 928 643 esoces
954 568 1051 641 uus
1078 566 1377 641 reuulsus.
1692 571 1761 642 301

395 709 593 788 Actasunt
612 712 683 788 hec
702 739 817 802 anno,
838 711 1046 799 indicione,
1063 738 1209 798 mense,
1231 709 1467 816 pontificatu,
1487 709 1620 788 diebus
1633 728 1671 788 et
1684 708 1766 788 loco

342 840 537 950 predictis,
559 842 794 948 presentibus
814 841 996 948 religiosis
1017 857 1054 918 et
1079 841 1245 919 honestis
1266 840 1353 919 viris
1368 839 1543 918 fratribus
1561 841 1767 948 Reginaldo

340 972 464 1080 priore
487 971 534 1049 de
554 972 732 1059 Pissiaco,
754 972 960 1078 Reginaldo
986 971 1032 1048 de
1057 971 1236 1050 Credolio
1263 971 1404 1049 ordinis
1419 970 1716 1064 Predicatorum,
1733 993 1770 1048 et

342 1103 510 1182 discretis
529 1103 616 1179 viris
633 1103 829 1182 Clemente
846 1104 894 1181 de
917 1102 1141 1182 Castellione
1163 1104 1415 1191 Nivernensis,
1440 1121 1478 1179 et
1497 1104 1673 1210 magistro
1698 1106 1769 1180 Re-

341 1233 492 1342 ginaldo
513 1234 560 1310 de
576 1232 797 1341 Albigniaco
813 1236 1053 1311 Bituricensis
1073 1233 1311 1310 ecclesiarum
1325 1233 1525 1325 canonicis,
1537 1251 1575 1310 et
1596 1233 1768 1340 pluribus

342 1364 424 1441 aliis
444 1363 590 1441 clericis
611 1383 649 1443 et
667 1364 787 1453 laicis,
809 1365 968 1442 testibus
988 1364 1035 1439 ad
1051 1362 1122 1440 hec
1136 1364 1272 1441 vocatis
1288 1363 1497 1469 specialiter
1513 1380 1549 1440 et
1569 1365 1717 1470 rogatis.

397 1627 444 1703 Et
475 1656 543 1733 ego
563 1627 727 1704 Amisius
749 1627 795 1703 de
813 1626 1014 1703 Aureliano
1035 1624 1157 1702 dietus
1177 1624 1213 1700 le
1233 1624 1347 1713 Ratis,
1368 1625 1524 1703 clericus
1537 1647 1765 1705 sacrosancte

343 1759 508 1835 Romane
528 1757 699 1848 ecclesie,
715 1757 882 1835 notarius
896 1755 1085 1864 publicus,
1103 1757 1293 1862 premissis
1307 1757 1606 1863 juramentorum
1627 1777 1766 1864 presta-

342 1888 512 1967 cionibus
528 1906 566 1966 ct
583 1887 894 1975 confessionibus,
912 1905 949 1965 et
964 1887 1140 1964 omnihus
1155 1883 1237 1964 aliis
1247 1903 1285 1966 et
1299 1887 1470 1993 singulis,
1487 1905 1600 1993 prout
1612 1888 1651 1965 in
1668 1909 1766 1967 carta

342 2047 406 2097 seu
426 2020 530 2126 pecia
549 2020 711 2126 presenti
732 2036 770 2095 et
786 2016 1075 2124 precedentibus
1092 2045 1178 2096 meo
1194 2018 1301 2124 signo
1320 2019 1471 2124 signatis
1484 2018 1631 2124 plenius
1647 2023 1766 2098 conti-

341 2166 488 2239 nentur,
517 2149 856 2255 unacumscriptis
885 2149 1041 2226 testibus
1081 2165 1119 2225 et
1147 2148 1331 2254 magistris
1362 2148 1543 2227 Gausrido
1575 2153 1767 2259 Enguelor

342 2279 442 2360 dicto
456 2280 617 2387 Chalop,
640 2282 811 2358 Johnnne
834 2281 881 2357 de
902 2281 1063 2358 Pruvino
1088 2296 1125 2357 et
1146 2280 1272 2356 Eveno
1292 2279 1389 2356 Phili
1416 2280 1570 2358 notariis
1586 2281 1763 2384 puhlicis,

342 2440 492 2518 presens
511 2412 684 2500 interlui,
712 2441 753 2487 ac
781 2412 828 2488 de
856 2412 1030 2488 mandato
1060 2411 1293 2516 inquisitoris
1321 2411 1478 2517 predicti
1511 2412 1602 2488 huic
1627 2413 1767 2490 instru-

308 2580 314 2593 ·
341 2560 468 2622 mento
495 2572 556 2620 me
581 2542 782 2648 subscripsi
804 2544 843 2618 in
862 2541 1119 2619 testimoninm
1146 2541 1434 2645 premissorum,
1466 2541 1636 2648 illudque
1661 2544 1765 2650 signo

341 2700 426 2752 meo
440 2673 551 2753 solito
567 2674 704 2780 signavi
721 2690 882 2781 rogatus.

395 2937 443 3014 Et
462 2963 531 3044 ego
551 2935 757 3016 Gaufridus
778 2936 967 3042 Enguelor
985 2934 1106 3012 dictus
1129 2935 1288 3041 Chalop,
1311 2935 1469 3013 clericus
1485 2935 1662 3014 Dolensis
1687 2938 1766 3015 dio-

341 3067 451 3157 cesis,
473 3067 674 3175 apostolica
695 3069 914 3145 auctoritate
930 3068 1099 3144 notarius
1119 3066 1309 3173 publicus,
1331 3068 1521 3173 premissis
1537 3068 1712 3145 omnibus
1729 3087 1766 3146 et

342 3198 496 3306 singulis
508 3199 546 3274 in
564 3199 636 3275 hoc
652 3215 689 3275 et
702 3200 871 3305 quinque
882 3199 965 3275 aliis
976 3198 1192 3276 immediate
1202 3199 1492 3304 precedentibus
1506 3200 1638 3306 peciis,
1652 3201 1767 3277 simul

341 3328 449 3418 sutis,
471 3329 656 3406 contentis
677 3347 714 3405 et
733 3330 839 3436 signo
855 3357 941 3407 meo
960 3329 1128 3436 signatis,
1151 3358 1224 3407 uua
1245 3359 1330 3405 curn
1352 3330 1536 3437 magistris
1555 3329 1697 3408 Amisio
1718 3332 1765 3407 de

340 3459 543 3537 Aureliano
561 3460 750 3565 predicto,
773 3461 942 3537 Johanne
970 3461 1017 3536 de
1037 3462 1198 3539 Pruvino
1219 3479 1257 3537 et
1273 3463 1398 3539 Eveno
1414 3460 1527 3551 Phili,
1549 3462 1680 3539 eadem
1702 3491 1768 3540 au-

341 3566 507 3669 ctoritate
527 3590 681 3668 notariis
697 3591 879 3696 publicis,
900 3610 937 3668 et
956 3591 1116 3667 testibus
1130 3592 1404 3698 suprascriptis,
1427 3620 1580 3697 presens
1594 3594 1764 3685 interlui,

342 3739 393 3811 et,
418 3722 662 3800 demandato
685 3722 772 3797 dicti
805 3722 1051 3829 inquisitoris,
1075 3750 1134 3798 rna
1155 3721 1372 3828 subscripsi,
1402 3739 1439 3799 et
1468 3725 1615 3830 signum
1638 3755 1765 3802 meum

341 3853 496 3960 apposui
517 3870 741 3930 consuetum
762 3870 912 3931 vocatus
932 3869 969 3930 et
989 3871 1148 3958 rogatus.

396 4116 443 4192 Et
462 4142 531 4222 ego
545 4115 690 4192 Euenus
705 4115 811 4222 Phily
832 4114 879 4191 de
904 4117 1039 4192 Sancto
1059 4115 1203 4192 Nicasio
1228 4114 1400 4203 clericus,
1419 4114 1622 4220 apostolica
1648 4116 1766 4221 publi-

342 4271 405 4321 cus
432 4245 650 4322 auctoritate
685 4246 867 4330 notarius,
903 4244 1093 4350 premissis
1121 4245 1423 4350 juramentorum
1452 4245 1763 4349 prestacionibus,

342 4373 636 4453 confessionibus
663 4392 700 4451 et
725 4376 915 4481 premissis
940 4374 1117 4453 omnibus
1136 4376 1175 4450 in
1195 4375 1263 4451 hac
1283 4376 1445 4481 presenti
1467 4392 1563 4452 carta
1582 4392 1620 4452 et
1637 4404 1765 4481 prece-

342 4502 516 4583 dentibus
527 4506 727 4596 contentis,
742 4507 849 4615 signo
860 4506 1122 4614 meosignatis,
1135 4533 1301 4582 unacum
1313 4505 1467 4583 notariis
1480 4504 1640 4611 publicis
1657 4524 1695 4583 et
1710 4523 1766 4582 te-

338 4634 460 4741 stibus
476 4637 714 4742 supradictis,
726 4665 881 4742 presens
893 4634 1062 4724 interlui,
1082 4654 1133 4725 et,
1153 4636 1200 4712 de
1216 4636 1392 4713 mandato
1411 4635 1498 4712 dicti
1515 4637 1763 4743 inquisitoris,

342 4764 474 4844 hicme
489 4769 681 4873 suscripsi,
700 4785 737 4845 et
748 4796 823 4844 una
833 4796 919 4844 cum
933 4768 1048 4876 signis
1058 4783 1095 4844 et
1108 4766 1326 4874 subscriptis
1335 4768 1522 4846 dictorum
1534 4771 1764 4847 notariorum

342 4894 489 5003 signnm
506 4927 633 4976 meum
655 4916 875 4978 consuetum
895 4900 1049 5005 apposui
1066 4917 1228 5006 rogatus.
