4236 5948
720 549 925 640 rnouss
951 569 1047 639 nes
1072 567 1370 640 reuertens.
1689 568 1762 642 sss

342 706 519 784 mandato
546 706 701 812 predicti
730 708 993 797 commissarii,
1021 708 1111 785 huic
1134 707 1284 816 publico
1316 709 1562 786 instrumento
1593 733 1653 780 me
1679 706 1766 782 sub-

342 839 489 944 scripsi,
511 838 682 944 illudque
703 840 809 945 signo
823 867 910 917 meo
925 839 1037 918 solito
1052 839 1191 946 signavi
1205 855 1369 945 rogatus.

399 1102 448 1177 Et
462 1127 531 1208 ego
548 1100 708 1178 lacobus
728 1100 775 1177 de
795 1101 943 1177 Virtuto
960 1100 1115 1178 clericus
1134 1098 1442 1178 Cathalsunensis
1458 1097 1632 1185 diocesis,
1650 1094 1770 1200 publi-

345 1259 410 1309 cus
437 1228 618 1335 imperiali
643 1230 858 1308 auctoritate
893 1231 1075 1317 notarius,
1110 1230 1299 1337 premissis
1321 1228 1499 1307 omnibus
1528 1244 1566 1304 et
1595 1225 1767 1332 singulis,

346 1379 458 1466 prout
469 1362 508 1437 in
520 1360 681 1467 presenti
697 1378 794 1437 carta
809 1389 877 1438 seu
889 1361 994 1468 pecie
1010 1378 1048 1438 et
1062 1360 1351 1466 precedentibus
1361 1358 1508 1466 plenius
1520 1356 1767 1439 continentur,

347 1519 421 1568 una
441 1520 528 1567 cnm
547 1490 703 1567 testibus
726 1507 763 1568 et
783 1491 937 1568 notariis
956 1520 1066 1597 snpra
1090 1507 1128 1568 et
1147 1489 1243 1567 infra
1263 1490 1407 1596 scriptis
1426 1517 1578 1597 presens
1602 1485 1768 1574 interfui,

348 1639 402 1709 et,
422 1622 469 1697 nd
479 1621 698 1697 mandatum
713 1640 749 1697 et
766 1621 1059 1727 requisicionem
1075 1619 1166 1697 dicti
1183 1620 1442 1708 commissarii,
1462 1622 1534 1699 boc
1549 1619 1773 1696 instrumen-

348 1769 428 1828 tum
444 1752 714 1857 manupropria
731 1752 859 1857 scripsi
872 1753 910 1827 in
920 1752 1180 1829 testimonium
1194 1751 1480 1857 premissorum,
1504 1749 1674 1855 illudque
1687 1775 1772 1824 meo

349 1884 456 1986 signo
475 1881 586 1959 solito
605 1881 741 1989 signavi
763 1899 924 1988 rogatus.

406 2144 453 2219 Et
478 2171 547 2250 ego
576 2146 723 2221 Evenus
743 2144 851 2251 Phily
892 2145 938 2219 de
968 2146 1105 2222 Sancto
1136 2145 1280 2222 Nicasio
1305 2144 1462 2220 clericus
1488 2141 1776 2246 Corisopitensis

352 2273 524 2360 diocesis,
543 2273 741 2379 apostolica
763 2273 933 2378 publicus
954 2276 1172 2351 auctoritate
1188 2275 1371 2362 notarius,
1391 2274 1583 2380 premissis
1601 2272 1776 2349 omnibus

352 2421 390 2480 et
409 2402 563 2511 singulis
576 2405 761 2479 contentis
776 2404 815 2478 in
837 2405 999 2508 presenti
1022 2421 1059 2480 et
1072 2403 1361 2509 precedentibus
1376 2402 1485 2480 cartis
1505 2403 1616 2481 simul
1632 2402 1724 2480 sutis
1741 2420 1777 2478 et

353 2534 459 2642 signo
484 2560 571 2609 meo
600 2533 768 2641 signatis,
797 2550 947 2639 excepta
974 2551 1100 2609 tamen
1127 2532 1359 2610 consessione
1387 2532 1624 2638 precedentis
1651 2531 1775 2609 ultimi

353 2662 471 2750 testis,
486 2690 639 2768 presens
653 2661 805 2738 interfui
818 2690 891 2738 nna
905 2691 990 2738 oum
1005 2663 1159 2740 notariis
1175 2680 1212 2739 et
1222 2662 1380 2739 testibus
1394 2662 1628 2767 subscriptis,
1644 2678 1776 2737 etcum

354 2795 469 2901 signis
484 2810 520 2870 et
532 2792 871 2898 subscripcionibus
891 2794 1058 2899 ipsorum
1074 2794 1320 2882 notariorum,
1333 2793 1478 2898 signum
1490 2820 1617 2870 meum
1628 2811 1777 2899 rogatus

355 2925 509 3029 apposui
531 2924 592 2999 hic
606 2950 667 2998 mc
682 2920 930 3000 subscribens.

411 3186 454 3258 ln
470 3184 608 3262 Christi
626 3189 776 3262 nomine
795 3215 918 3263 amen.
939 3188 1065 3264 Pateat
1087 3187 1267 3264 universis
1284 3186 1389 3293 qnod
1409 3214 1505 3263 anuo
1524 3185 1677 3263 Domini
1696 3185 1779 3261 mil-

356 3313 491 3392 lesimo
507 3330 588 3393 ccc⁰
602 3317 777 3420 septimo,
796 3316 986 3394 indicione
1006 3335 1124 3405 sexta,
1146 3316 1269 3395 xvdie
1285 3315 1424 3392 mensis
1438 3313 1664 3402 novembris,
1684 3342 1779 3419 pon-

356 3443 516 3522 tificatns
532 3446 752 3523 sanctissimi
771 3448 885 3553 patris
898 3466 935 3524 et
954 3449 1098 3525 domini
1121 3446 1263 3524 domini
1289 3445 1494 3524 Clementis
1515 3443 1636 3521 divina
1658 3446 1781 3550 provi·

359 3574 483 3651 dentia
503 3602 597 3679 pape
617 3574 737 3677 quinti
760 3605 855 3653 anno
881 3577 1064 3663 secundo,
1086 3579 1126 3653 in
1152 3576 1314 3683 religiosi
1340 3593 1377 3652 et
1397 3575 1548 3652 bonesti
1570 3575 1637 3650 viri
1657 3574 1780 3651 fratris

356 3703 497 3779 Nicolai
515 3703 561 3778 de
581 3701 780 3778 Anessiaco
806 3705 949 3780 ordinis
968 3706 1267 3792 Predicatorum‚
1294 3705 1539 3782 commissarii
1556 3704 1631 3782 dati
1654 3705 1781 3782 areli-

358 3832 462 3936 gioso
484 3848 521 3907 et
540 3831 699 3907 honesto
720 3834 798 3908 viro
819 3833 930 3910 fratre
953 3834 1157 3912 Guillelmo
1183 3835 1230 3911 de
1250 3834 1410 3911 Parisius
1430 3834 1598 3942 ejusdem
1620 3834 1776 3922 ordinis,

359 3961 578 4067 inquisitore
598 3961 763 4037 heretice
783 3964 970 4068 pravitatis
988 3965 1025 4040 in
1046 3993 1162 4071 regno
1177 3964 1331 4040 Francie
1347 3964 1565 4040 auctoritate
1581 3962 1781 4067 apostolica

361 4090 554 4196 deputato,
570 4109 739 4169 nostrum
756 4093 986 4170 notariorum
1000 4093 1237 4199 publicorum
1253 4111 1289 4170 et
1300 4094 1452 4170 testium
1464 4092 1782 4198 infrascriptomm

360 4221 549 4325 presencia
569 4222 814 4326 personaliter
830 4224 1052 4301 constitutus
1071 4224 1185 4301 frater
1199 4224 1291 4303 Milo
1308 4225 1355 4300 de
1372 4226 1508 4302 Sancto
1524 4225 1553 4300 F
1554 4222 1667 4299 iacrio
1681 4250 1784 4328 pres-

359 4352 477 4456 byter,
500 4352 642 4429 ordinis
666 4352 805 4429 milicie
825 4355 989 4459 Templi,
1011 4355 1118 4432 etatis
1136 4382 1235 4432 xxnn
1259 4382 1441 4431 annorum
1456 4353 1514 4431 vel
1531 4354 1641 4441 circa,
1669 4369 1711 4428 ut
1727 4352 1784 4428 di-

362 4481 484 4567 cebat,
502 4480 648 4586 juratus
668 4482 714 4558 ad
735 4501 858 4560 sancta
878 4485 950 4560 Dei
970 4485 1166 4593 Evangelia
1190 4484 1259 4561 sibi
1280 4501 1426 4562 ostensa
1446 4499 1484 4560 et
1501 4509 1615 4558 manu
1634 4482 1783 4589 propria

361 4629 457 4688 tacta
473 4610 521 4687 de
536 4639 574 4686 se
589 4629 626 4688 et
641 4612 722 4689 aliis
733 4614 824 4690 dicti
842 4614 984 4692 ordinis
996 4614 1134 4692 milicie
1148 4615 1296 4722 Templi
1312 4615 1533 4721 superdicto
1548 4613 1705 4690 crimine
1720 4613 1784 4690 de-

362 4741 443 4818 latis
459 4740 584 4817 dicere
604 4743 812 4833 veritatem3
830 4761 867 4820 et
881 4745 1128 4852 interrogatus
1144 4747 1191 4823 de
1210 4763 1379 4852 tempore
1397 4763 1434 4823 et
1448 4745 1562 4822 modo
1578 4772 1643 4822 sue
1657 4772 1785 4850 recep·

364 4872 498 4959 cionis,
523 4870 615 4947 dixit
630 4902 698 4978 per
707 4874 963 4981 juramentum
986 4905 1096 4957 suum
1115 4877 1219 4984 quod
1237 4893 1406 4984 receptus
1420 4875 1490 4954 tuit
1507 4876 1607 4982 apud
1627 4876 1785 4983 Moysia-

450 5021 555 5082 rroc'ns
567 5040 619 5082 oss
635 5040 806 5085 reuertens.
824 5057 866 5070 -
881 5042 913 5082 ιι.
1598 5024 1637 5084 50
