4236 5948
747 495 937 591 enonas
963 517 1057 588 uns
1083 516 1379 592 annumeras.
1701 529 1769 600 165

405 656 451 772 Et
464 646 609 733 ibidem
625 652 756 733 iratres
768 657 900 734 Petrus
922 657 969 735 de
993 659 1157 737 Turonis
1178 676 1376 767 preceptor
1388 659 1436 736 de
1448 644 1585 769 Frotay
1601 664 1770 770 ejusdem

351 787 527 879 diocesis,
550 787 722 864 Matheus
743 787 790 864 de
806 788 1083 895 Montelupello
1102 790 1382 898 Lugdunensis,
1399 793 1530 870 Petrus
1550 795 1598 870 de
1613 796 1773 871 Lanneis

350 917 623 1005 Maeloviensis‚
646 918 935 997 Bartholomeus
955 919 1161 997 Bartholeti
1182 922 1449 1009 Xantonensis‚
1476 922 1703 1002 Guiileimus
1724 928 1771 1003 de

348 1046 506 1155 Piexeyo
523 1049 776 1137 Ebroicensis‚
796 1048 1027 1128 Guilleimus
1043 1049 1257 1159 Talheboys
1276 1053 1541 1143 Xantonensis,
1559 1055 1771 1133 Gausredus

348 1178 395 1256 de
411 1179 668 1257 Manchanson
683 1179 1018 1268 claromontensis,
1034 1181 1234 1260 Amandus
1246 1185 1439 1292 Brucgeon
1458 1184 1768 1291 Engolismensis,

347 1308 536 1386 Johannes
549 1309 693 1386 Picardi
706 1309 953 1401 Belvacensis,
966 1310 1207 1389 Audebertus
1231 1313 1277 1389 de
1298 1313 1406 1390 Porta
1425 1331 1621 1419 preceptor
1634 1316 1770 1394 domus

348 1437 528 1527 d‘Auson,
550 1438 788 1529 Pictavensis,
812 1458 850 1518 et
871 1438 1032 1517 Parisius
1059 1439 1106 1517 de
1131 1442 1241 1519 Buris
1268 1442 1514 1551 Lingonc'nsis
1543 1443 1767 1539 diocesium,

348 1568 499 1645 adducti
515 1596 584 1674 pro
604 1568 763 1648 testibus
784 1569 834 1646 ad
848 1570 1078 1676 presenciam
1107 1572 1328 1648 eorumdem
1344 1573 1588 1650 dominomm
1602 1578 1771 1652 commis

348 1700 548 1789 sariorum,
579 1701 759 1805 premissa
785 1701 1062 1808 protestacione
1089 1701 1192 1807 quod
1218 1730 1294 1778 non
1323 1701 1525 1780 intendunt
1550 1705 1724 1781 recedere
1751 1737 1770 1782 a

349 1829 654 1937 deposicionibus
673 1831 764 1909 alias
784 1859 852 1937 per
872 1859 937 1908 cos
955 1829 1059 1908 sactis
1080 1859 1204 1908 coram
1226 1832 1425 1909 ordinariis
1447 1849 1485 1908 et
1505 1834 1656 1937 prelatis
1673 1839 1767 1924 suis,

350 1978 386 2036 et
405 1960 509 2066 quod
529 1960 558 2037 si
575 1960 661 2067 plus
691 1962 748 2039 vei
768 1962 894 2038 minus
916 1961 1086 2037 dicerent
1110 1961 1215 2066 quod
1249 1962 1302 2037 eis
1322 1991 1399 2039 non
1419 1962 1642 2069 prejudicet,
1665 1967 1769 2071 jura·

348 2104 498 2179 verunt,
526 2091 630 2167 tactis
650 2091 890 2168 sacrosanctis
910 2089 1134 2198 Evangeliis,
1163 2090 1285 2167 dicere
1306 2091 1345 2166 in
1357 2092 1430 2169 isto
1450 2093 1607 2199 negocio
1633 2111 1767 2184 totam,

347 2220 495 2324 plenam
519 2237 557 2297 et
573 2247 716 2298 meram
737 2220 948 2309 veritatem,
976 2220 1185 2299 secundum
1211 2220 1370 2297 sormam
1387 2222 1591 2327 juramenti
1608 2223 1768 2302 aliorum

347 2350 499 2428 testium
516 2350 689 2458 superius
703 2352 951 2457 mgistratum,
976 2349 1180 2456 expositam
1196 2367 1234 2426 et
1244 2350 1505 2458 vulgan'zatam
1522 2351 1677 2429 eisdem.

401 2480 491 2558 Acta
530 2480 684 2559 suerunt
717 2483 787 2559 hec
824 2480 885 2558 die
918 2497 957 2558 et
987 2480 1070 2557 loco
1099 2479 1295 2586 predictis,
1323 2482 1562 2587 presentibus
1594 2486 1768 2589 magistro

348 2610 589 2697 Amisio‚'me
610 2611 864 2692 Floriamonte
885 2608 1104 2697 Dondedei,
1129 2627 1167 2687 et
1191 2609 1273 2687 aliis
1306 2611 1460 2688 notariis
1489 2638 1598 2716 supra
1632 2613 1768 2690 ultimo

347 2757 558 2818 nominatis.

400 3007 489 3083 Post
505 3006 590 3092 hec,
613 3006 677 3083 die
696 3007 802 3083 Lune
823 3006 1014 3111 sequenti,
1031 3033 1106 3111 que
1125 3003 1196 3081 fuit
1215 3005 1346 3110 quinta
1364 3003 1444 3081 dies
1459 3004 1598 3082 mensis
1622 3006 1763 3110 aprilis,

345 3135 414 3210 suit
427 3134 614 3213 adduct-us
628 3135 675 3211 ad
689 3136 920 3240 presenciam
932 3135 1153 3213 eorumdem
1166 3134 1410 3211 dominorum
1424 3135 1765 3211 commissariorum

346 3283 382 3341 et
404 3265 548 3342 domini
569 3265 726 3352 Mathai,
745 3267 783 3341 in
805 3268 920 3344 domo
942 3266 1108 3371 predicta
1131 3265 1276 3343 domini
1293 3264 1392 3341 Petri
1416 3265 1463 3341 de
1479 3264 1683 3353 Sabaudia,
1702 3267 1767 3342 sra-

343 3411 401 3470 ter
429 3396 562 3471 Petrus
599 3395 761 3473 Amaiini
799 3395 962 3472 serviens
988 3412 1026 3470 et
1051 3395 1266 3502 bergerius‚
1297 3394 1551 3472 Ruthenensis
1587 3395 1763 3482 diocesis,

342 3525 447 3601 testis
474 3553 585 3630 supra
604 3525 769 3630 juratus,
800 3525 1045 3631 quadraginta
1073 3543 1157 3601 octo
1186 3552 1372 3601 annorum
1395 3524 1454 3601 vel
1474 3525 1585 3611 circa,
1615 3525 1767 3601 mantel·

343 3653 423 3730 lum
444 3656 588 3733 ordinis
607 3673 645 3734 et
663 3654 817 3733 barbam
837 3653 1038 3741 defferens,
1058 3683 1144 3731 cum
1160 3682 1238 3760 quo
1254 3654 1478 3759 inquisitum
1502 3653 1641 3742 suerat,
1665 3654 1766 3730 abso

343 3785 451 3861 lutus
477 3804 514 3863 et
533 3785 793 3864 reconciliatus
818 3812 886 3890 per
905 3785 1103 3861 dominum
1133 3785 1351 3890 episcopum
1377 3784 1676 3872 Ruthenensem,
1700 3786 1764 3889 qui

342 3930 517 4019 receptus
538 3914 658 3992 suerat
680 3915 720 3990 in
743 3913 884 4020 capella
907 3915 1044 3991 domus
1071 3913 1222 4020 Templi
1248 3914 1381 3990 Sancte
1406 3911 1552 3990 Eulalie
1578 3914 1675 3989 dicte
1691 3913 1766 3989 dio·

342 4045 450 4137 cesis,
476 4072 545 4151 per
563 4046 715 4122 fratrem
735 4045 916 4122 Poncium
943 4043 991 4120 de
1011 4046 1148 4122 Broeto
1174 4043 1334 4120 militem
1364 4041 1573 4148 quondam,
1592 4042 1631 4116 in
1647 4044 1766 4117 carni-

341 4173 461 4279 privio
494 4176 675 4282 preterito
707 4174 862 4251 fuerunt
896 4174 1042 4252 circiter
1074 4171 1139 4250 mdi
1170 4173 1279 4258 anni,
1319 4171 1557 4277 presentibus
1590 4169 1765 4247 fratribus

341 4300 515 4411 Guigone
542 4303 714 4382 Ademari
741 4302 886 4395 milite,
919 4319 1136 4410 preceptore
1172 4300 1271 4378 dicte
1307 4302 1461 4389 domus,
1499 4317 1537 4376 et
1567 4299 1762 4404 Aymerico

341 4429 503 4510 Calador
536 4433 761 4540 presbitero,
791 4431 1010 4522 deffunctis;
1040 4432 1170 4537 etqui
1203 4430 1243 4506 in
1279 4431 1411 4507 eadem
1444 4428 1584 4535 capella
1622 4426 1763 4504 viderat

341 4559 473 4667 recipi,
495 4589 564 4668 per
589 4563 730 4639 dictum
757 4562 910 4641 bouem
938 4562 1167 4668 Guigonem,
1195 4559 1345 4637 fratrem
1366 4560 1581 4637 Deodatum
1601 4555 1762 4636 Gavalda

341 4691 430 4768 dicti
456 4691 529 4770 loci
555 4695 690 4772 Sancte
713 4692 877 4781 Eulalie,
908 4711 997 4770 sunt
1019 4691 1167 4769 circiter
1194 4717 1239 4768 xv
1266 4688 1373 4778 anni,
1410 4687 1648 4796 presentibus
1662 4688 1762 4765 dicto

341 4820 550 4925 presbitero
575 4841 613 4901 et
635 4823 716 4928 ipso
743 4841 856 4910 teste,
888 4823 953 4928 qui
986 4822 1151 4929 plurium
1182 4817 1466 4926 recepcionibus
1496 4846 1573 4895 non
1593 4816 1762 4894 adfuerat
