4236 5948
808 167 823 205 t

399 484 441 599 t*
535 468 1252 627 *mctsnnsrnnncmas
1400 536 1481 675 w*-
1559 546 1634 626 aaa

211 693 335 776 Ortoli
355 688 583 799 presbitero,
603 690 669 799 qui
688 691 842 768 recessit
861 689 910 766 de
929 689 1031 767 dicto
1051 689 1202 781 ordine,
1219 689 1337 767 nescit
1355 715 1398 765 ex
1414 670 1489 796 qua
1507 718 1633 785 causa,

209 825 394 933 dvcujnt
416 823 491 900 vita
513 817 572 899 vel
595 838 716 899 morte
745 849 824 898 non
848 820 965 898 habet
987 820 1265 898 certitudinem.
1291 819 1420 926 liquo
1442 838 1634 929 receptore

211 952 525 1063 potita-societate
551 951 694 1029 ordinis
722 969 760 1028 et
787 952 820 1028 ei
847 978 1040 1043 concessa,
1066 949 1267 1029 faciteam
1291 980 1423 1030 vovere
1450 970 1487 1030 et
1508 955 1635 1061 jurare

213 1085 436 1173 ominem,
458 1081 737 1174 obedienciam,
758 1082 880 1159 vivere
902 1080 981 1158 sine
998 1083 1168 1188 proprio,
1183 1111 1328 1160 servare
1345 1083 1466 1162 bonos
1489 1114 1579 1163 usus
1599 1107 1636 1165 et

213 1215 332 1294 bonta
355 1211 645 1292 consuetudines
671 1240 747 1318 que
768 1227 860 1290 tunc
881 1228 986 1289 erant
1008 1213 1046 1287 in
1068 1212 1200 1290 ordine
1225 1230 1264 1296 et
1286 1241 1361 1320 qne
1383 1214 1421 1291 in
1440 1234 1635 1320 posterum

214 1346 499 1453 imponerentur
510 1372 596 1420 cum
607 1342 765 1421 consilio
783 1342 1081 1448 presbiterorum
1093 1343 1252 1433 ordinis,
1266 1347 1370 1450 quod
1383 1373 1460 1423 non
1476 1347 1636 1427 dimitte

212 1493 299 1556 rent
313 1477 456 1553 dictum
469 1474 642 1552 ordinem
653 1501 722 1580 pro
733 1472 882 1550 meliori
898 1472 955 1551 vel
966 1473 1105 1580 pejori,
1120 1474 1226 1579 quod
1242 1475 1347 1551 daret
1361 1504 1514 1583 operam
1524 1506 1633 1556 suum

214 1605 475 1711 (noanduml)
494 1634 600 1711 posse
619 1606 665 1680 ad
678 1602 980 1710 recuperandum
992 1606 1147 1680 Terram
1159 1622 1340 1694 sanctam,
1356 1608 1636 1712 etquodtrans·

213 1735 367 1815 beteret
385 1738 537 1843 quando
554 1735 810 1842 preciperetur
831 1734 974 1824 eidem,
1003 1751 1040 1810 et
1059 1734 1164 1841 quod
1185 1761 1262 1811 non
1288 1736 1469 1813 revelaret
1496 1758 1635 1816 secreta

213 1866 463 1974 capitulomm
474 1895 545 1944 nec
559 1865 719 1942 modum
739 1893 804 1942 sue
823 1864 1071 1970 recopcionis,
1090 1865 1258 1970 predicto
1272 1865 1345 1942 sibi
1361 1870 1482 1973 quod,
1497 1871 1524 1945 si
1547 1900 1635 1947 con·

212 1999 369 2076 tranium
387 1996 543 2087 laceret,
568 1996 877 2083 incarceraretur3
897 2010 934 2071 et
954 1995 1129 2100 imposito
1153 1995 1223 2071 sibi
1246 1996 1442 2085 mantello,
1465 2019 1635 2106 receptor

213 2127 392 2206 luit-eum
417 2127 606 2206 osculatus
628 2127 666 2202 in
690 2154 755 2203 ore
778 2142 816 2204 et
835 2126 874 2201 in
894 2141 1045 2231 pectore
1065 2152 1179 2232 super
1201 2145 1335 2219 vestes,
1357 2146 1394 2204 et
1417 2146 1577 2207 astantes
1596 2132 1634 2206 in

214 2284 291 2337 ore.
306 2260 394 2336 Post
409 2287 500 2364 que,
515 2257 622 2334 allata
642 2258 803 2362 quadam
824 2285 933 2332 cruce
949 2254 1141 2333 metallina
1154 2256 1196 2332 in
1208 2276 1374 2362 quaerat
1388 2287 1521 2365 ymago
1542 2263 1637 2338 Cru-

214 2387 311 2467 eifixi
338 2414 406 2494 per
429 2389 573 2465 dictum
597 2386 866 2493 presbiterum,
892 2405 1065 2493 receptor
1088 2388 1255 2494 precepit
1277 2389 1403 2466 eidem
1426 2392 1512 2468 testi
1531 2395 1636 2498 «prod

214 2519 416 2627 abnegaret
431 2516 679 2604 crucifixum,
701 2535 737 2594 et
752 2534 904 2623 spueret
922 2545 1034 2623 super
1053 2545 1161 2609 enm,
1176 2535 1214 2595 et
1227 2516 1309 2624 ipse
1323 2519 1431 2596 testis
1441 2519 1636 2626 abnegavit

214 2649 357 2727 dictttm
377 2648 621 2738 Crucifixum,
644 2667 681 2725 et
702 2645 803 2753 spuit
816 2673 895 2724 non
914 2675 1026 2753 supra
1047 2648 1114 2725 sed
1126 2647 1230 2753 juxta
1249 2647 1390 2754 ipsum,
1408 2667 1447 2725 et
1460 2649 1533 2728 hoc
1548 2650 1636 2729 lecit

214 2778 363 2869 dolens,
385 2795 429 2855 nt
454 2778 562 2869 dixit,
588 2765 669 2870 ore,
693 2805 771 2854 non
791 2778 915 2854 corde.
943 2778 1090 2856 Deinde
1111 2778 1204 2855 dixit
1222 2779 1324 2856 idem
1346 2781 1451 2855 testis
1466 2808 1505 2856 se
1527 2784 1634 2858 audi-

213 2911 308 2990 visse
330 2938 352 2987 a
375 2908 552 2986 fratribus
571 2908 735 3001 ordinis,
759 2936 835 2985 non
856 2908 990 2986 recolit
1008 2937 1029 2984 a
1051 2906 1201 3016 quibus,
1223 2908 1328 3017 quod
1350 2928 1496 3016 poterat
1513 2912 1634 2988 iratri-

196 3042 285 3121 bus
302 3041 446 3120 ordinis
464 3041 662 3118 carnaliter
677 3041 928 3129 commisceri,
951 3058 988 3117 et
1007 3041 1075 3146 ipsi
1098 3070 1183 3118 cum
1205 3070 1263 3132 eo,
1286 3059 1325 3120 et
1342 3044 1448 3149 quod
1467 3043 1634 3120 hocerat

213 3175 263 3251 de
278 3174 429 3280 punctis
444 3172 597 3249 ordinis.
615 3174 696 3278 lpse
712 3189 839 3250 tamen
858 3172 932 3249 boc
946 3200 1023 3248 non
1041 3171 1143 3260 lecit,
1162 3199 1230 3250 nec
1248 3171 1319 3250 suit
1330 3174 1549 3279 requisitus,
1567 3203 1635 3251 nec

215 3304 333 3383 credit
351 3303 457 3409 quod
476 3303 515 3377 in
534 3301 666 3379 ordine
688 3302 816 3391 fieret,
838 3301 905 3378 sed
928 3302 1048 3378 credit
1067 3303 1171 3408 quod
1195 3303 1358 3379 dixerint
1379 3306 1631 3392 mendacium

212 3449 385 3540 receptor
402 3450 529 3509 tamen
547 3460 623 3508 non
645 3432 737 3509 dixit
756 3433 790 3508 ei
811 3431 928 3521 istud,
949 3433 1016 3509 sed
1034 3433 1082 3510 de
1103 3432 1353 3543 abnegacione
1370 3452 1406 3511 et
1423 3436 1632 3541 spuicione,

213 3580 251 3641 et
266 3561 372 3670 qnod
390 3578 496 3638 erant
517 3561 564 3637 de
583 3561 734 3665 punctis
753 3561 913 3648 ordinis,
938 3577 976 3638 et
998 3560 1117 3639 credit
1135 3562 1241 3668 quod
1260 3563 1358 3641 dicta
1375 3562 1579 3672 abnegacio
1599 3585 1636 3646 et

213 3692 356 3798 npuicio
380 3708 418 3769 et
440 3718 517 3768 non
542 3690 613 3766 alia
639 3690 768 3768 illicita
794 3691 1061 3768 intervenirent
1084 3693 1336 3770 communiter
1364 3712 1401 3770 et
1426 3695 1569 3803 ubique
1596 3699 1635 3772 in

212 3820 496 3928 retapcionibus
513 3820 673 3898 aliorum
692 3820 848 3898 fratrum
871 3821 1030 3907 ordinis,
1057 3823 1145 3928 quia
1168 3823 1236 3900 ista
1256 3840 1295 3903 ct
1318 3825 1485 3901 nonalia
1508 3827 1635 3904 illicita

212 3950 495 4031 intervenerunt
521 3952 560 4027 in
587 3951 806 4056 recepcione
831 3979 913 4040 sua,
943 3970 982 4028 et
1009 3953 1096 4058 quia
1114 3951 1209 4029 vidit
1226 3981 1295 4061 per
1314 3952 1459 4031 dictum
1475 3957 1635 4033 modurn

212 4082 329 4188 recipi
348 4081 501 4158 lratrem
519 4083 671 4158 Petrum
697 4082 744 4158 de
762 4082 867 4159 Bono
887 4084 1022 4173 Fonte,
1046 4099 1182 4161 testem
1200 4080 1283 4161 heri
1303 4084 1569 4173 examinatum,
1597 4088 1636 4164 in

211 4212 373 4318 quadam
397 4240 541 4288 camera
556 4213 692 4289 domus
707 4212 856 4318 Templi
878 4210 926 4290 do
940 4213 1105 4292 Marchia
1122 4212 1443 4293 claromontensis
1464 4216 1633 4311 diocesis,

210 4339 460 4447 per·fratrem
490 4341 742 4453 Humbertum
774 4341 927 4419 Blanchi
959 4342 1142 4433 militem,
1174 4361 1262 4421 sunt
1292 4344 1437 4423 circiter
1467 4349 1635 4455 quinque

211 4473 316 4559 anni,
340 4474 580 4578 presentibus
604 4472 781 4551 fratribus
804 4474 976 4551 Johanne
1003 4474 1052 4551 de
1076 4475 1217 4565 Menat,
1244 4493 1339 4554 teste
1363 4506 1475 4583 supra
1499 4482 1636 4555 exami-

211 4619 310 4697 nato,
329 4618 368 4679 et
380 4603 550 4681 lohanne
565 4604 719 4681 Roberti
741 4604 969 4709 presbitero,
992 4604 1147 4683 detento
1169 4607 1268 4712 apud
1287 4607 1513 4686 Exodunum
1532 4611 1636 4688 Bitn-

209 4732 367 4812 rioensis
382 4732 557 4826 diocesim
578 4751 615 4812 et
634 4733 787 4811 fratrem
808 4735 959 4812 Petrum
980 4735 1141 4843 Poyntet
1166 4736 1383 4846 bergerium
1404 4739 1453 4816 de
1472 4741 1632 4829 Bituria‚

209 4863 454 4952 seuientem,
474 4863 521 4944 de
543 4865 650 4971 cujus
678 4865 752 4942 vita
771 4864 829 4945 vel
846 4881 968 4948 morte
994 4893 1072 4946 non
1100 4866 1214 4945 habet
1234 4868 1517 4959 certitudinem,
1537 4899 1637 4949 rece-
