<?xml version="1.0" encoding="UTF-8"?>
<!DOCTYPE html PUBLIC "-//W3C//DTD XHTML 1.0 Transitional//EN"
    "http://www.w3.org/TR/xhtml1/DTD/xhtml1-transitional.dtd">
<html xmlns="http://www.w3.org/1999/xhtml" xml:lang="en" lang="en">
 <head>
  <title>
</title>
<meta http-equiv="Content-Type" content="text/html;charset=utf-8" />
  <meta name='ocr-system' content='tesseract 3.04.00' />
  <meta name='ocr-capabilities' content='ocr_page ocr_carea ocr_par ocr_line ocrx_word'/>
</head>
<body>
  <div class='ocr_page' id='page_1' title='image "./procsdestemplie00defegoog/procsdestemplie00defegoog_0177.png"; bbox 0 0 4236 5948; ppageno 0'>
   <div class='ocr_carea' id='block_1_1' title="bbox 743 517 1768 615">
    <p class='ocr_par' dir='ltr' id='par_1_1' title="bbox 743 517 1768 615">
     <span class='ocr_line' id='line_1_1' title="bbox 743 517 1768 615; baseline 0.011 -11"><span class='ocrx_word' id='word_1_1' title='bbox 743 517 936 606; x_wconf 71' lang='lat' dir='ltr'>ruccas</span> <span class='ocrx_word' id='word_1_2' title='bbox 965 535 1058 607; x_wconf 84' lang='lat' dir='ltr'>uns</span> <span class='ocrx_word' id='word_1_3' title='bbox 1085 537 1380 612; x_wconf 70' lang='lat' dir='ltr'>renuamus.</span> <span class='ocrx_word' id='word_1_4' title='bbox 1700 544 1768 615; x_wconf 77' lang='lat'>155</span> 
     </span>
    </p>
   </div>
   <div class='ocr_carea' id='block_1_2' title="bbox 340 673 1771 4830">
    <p class='ocr_par' dir='ltr' id='par_1_2' title="bbox 340 673 1771 4830">
     <span class='ocr_line' id='line_1_2' title="bbox 348 673 1771 786; baseline 0.004 -34"><span class='ocrx_word' id='word_1_5' title='bbox 348 704 425 752; x_wconf 92' lang='lat' dir='ltr'>non</span> <span class='ocrx_word' id='word_1_6' title='bbox 447 691 525 751; x_wconf 89' lang='lat' dir='ltr'>erat</span> <span class='ocrx_word' id='word_1_7' title='bbox 545 702 678 782; x_wconf 84' lang='lat' dir='ltr'>ymago</span> <span class='ocrx_word' id='word_1_8' title='bbox 699 673 892 764; x_wconf 81' lang='lat' dir='ltr'>Crucifixi,</span> <span class='ocrx_word' id='word_1_9' title='bbox 915 676 1032 753; x_wconf 89' lang='lat' dir='ltr'>nescit</span> <span class='ocrx_word' id='word_1_10' title='bbox 1052 704 1273 785; x_wconf 87' lang='lat' dir='ltr'>perquem,</span> <span class='ocrx_word' id='word_1_11' title='bbox 1297 683 1392 757; x_wconf 90' lang='lat' dir='ltr'>etin</span> <span class='ocrx_word' id='word_1_12' title='bbox 1413 698 1511 756; x_wconf 90' lang='lat' dir='ltr'>terra</span> <span class='ocrx_word' id='word_1_13' title='bbox 1531 682 1665 784; x_wconf 86' lang='lat' dir='ltr'>posita,</span> <span class='ocrx_word' id='word_1_14' title='bbox 1689 711 1771 786; x_wconf 90' lang='lat' dir='ltr'>pre-</span> 
     </span>
     <span class='ocr_line' id='line_1_3' title="bbox 346 805 1770 917; baseline 0.002 -33"><span class='ocrx_word' id='word_1_15' title='bbox 346 808 445 913; x_wconf 89' lang='lat' dir='ltr'>cepit</span> <span class='ocrx_word' id='word_1_16' title='bbox 467 806 500 882; x_wconf 90' lang='lat' dir='ltr'>ei</span> <span class='ocrx_word' id='word_1_17' title='bbox 522 805 625 912; x_wconf 91' lang='lat' dir='ltr'>quod</span> <span class='ocrx_word' id='word_1_18' title='bbox 645 822 798 910; x_wconf 79' lang='lat' dir='ltr'><strong>spueret</strong></span> <span class='ocrx_word' id='word_1_19' title='bbox 816 833 929 910; x_wconf 89' lang='lat' dir='ltr'>super</span> <span class='ocrx_word' id='word_1_20' title='bbox 950 834 1053 896; x_wconf 85' lang='lat' dir='ltr'>eam,</span> <span class='ocrx_word' id='word_1_21' title='bbox 1072 825 1114 884; x_wconf 89' lang='lat' dir='ltr'>et</span> <span class='ocrx_word' id='word_1_22' title='bbox 1132 809 1211 914; x_wconf 85' lang='lat' dir='ltr'>ipse</span> <span class='ocrx_word' id='word_1_23' title='bbox 1229 809 1334 888; x_wconf 89' lang='lat' dir='ltr'>tostis</span> <span class='ocrx_word' id='word_1_24' title='bbox 1357 811 1457 917; x_wconf 89' lang='lat' dir='ltr'>spuit</span> <span class='ocrx_word' id='word_1_25' title='bbox 1477 838 1553 887; x_wconf 92' lang='lat' dir='ltr'>non</span> <span class='ocrx_word' id='word_1_26' title='bbox 1571 840 1683 916; x_wconf 84' lang='lat' dir='ltr'>supra</span> <span class='ocrx_word' id='word_1_27' title='bbox 1703 812 1770 887; x_wconf 88' lang='lat' dir='ltr'>sed</span> 
     </span>
     <span class='ocr_line' id='line_1_4' title="bbox 343 935 1771 1045; baseline 0.004 -31"><span class='ocrx_word' id='word_1_28' title='bbox 343 938 458 1045; x_wconf 78' lang='lat' dir='ltr'>juxta.</span> <span class='ocrx_word' id='word_1_29' title='bbox 481 935 629 1015; x_wconf 84' lang='lat' dir='ltr'><strong>Deinde</strong></span> <span class='ocrx_word' id='word_1_30' title='bbox 648 937 815 1041; x_wconf 81' lang='lat' dir='ltr'>precepit</span> <span class='ocrx_word' id='word_1_31' title='bbox 833 936 867 1012; x_wconf 89' lang='lat' dir='ltr'>ei</span> <span class='ocrx_word' id='word_1_32' title='bbox 888 936 994 1043; x_wconf 90' lang='lat' dir='ltr'>quod</span> <span class='ocrx_word' id='word_1_33' title='bbox 1010 938 1250 1018; x_wconf 78' lang='lat' dir='ltr'>oscularetur</span> <span class='ocrx_word' id='word_1_34' title='bbox 1269 969 1358 1017; x_wconf 91' lang='lat' dir='ltr'>eum</span> <span class='ocrx_word' id='word_1_35' title='bbox 1377 942 1415 1016; x_wconf 92' lang='lat' dir='ltr'>in</span> <span class='ocrx_word' id='word_1_36' title='bbox 1436 969 1507 1017; x_wconf 90' lang='lat' dir='ltr'>ano</span> <span class='ocrx_word' id='word_1_37' title='bbox 1528 957 1567 1017; x_wconf 89' lang='lat' dir='ltr'>at</span> <span class='ocrx_word' id='word_1_38' title='bbox 1586 942 1625 1016; x_wconf 92' lang='lat' dir='ltr'>in</span> <span class='ocrx_word' id='word_1_39' title='bbox 1646 943 1771 1019; x_wconf 87' lang='lat' dir='ltr'>umbi·</span> 
     </span>
     <span class='ocr_line' id='line_1_5' title="bbox 347 1066 1771 1176; baseline 0.004 -33"><span class='ocrx_word' id='word_1_40' title='bbox 347 1068 435 1157; x_wconf 89' lang='lat' dir='ltr'>lico,</span> <span class='ocrx_word' id='word_1_41' title='bbox 466 1085 503 1144; x_wconf 90' lang='lat' dir='ltr'>et</span> <span class='ocrx_word' id='word_1_42' title='bbox 527 1066 604 1144; x_wconf 78' lang='lat' dir='ltr'>fuit</span> <span class='ocrx_word' id='word_1_43' title='bbox 629 1093 718 1144; x_wconf 86' lang='lat' dir='ltr'>eum</span> <span class='ocrx_word' id='word_1_44' title='bbox 743 1067 932 1144; x_wconf 86' lang='lat' dir='ltr'>osculatus</span> <span class='ocrx_word' id='word_1_45' title='bbox 957 1069 995 1143; x_wconf 93' lang='lat' dir='ltr'>in</span> <span class='ocrx_word' id='word_1_46' title='bbox 1018 1069 1109 1147; x_wconf 91' lang='lat' dir='ltr'>locis</span> <span class='ocrx_word' id='word_1_47' title='bbox 1132 1072 1310 1176; x_wconf 80' lang='lat' dir='ltr'>predictis</span> <span class='ocrx_word' id='word_1_48' title='bbox 1336 1073 1375 1147; x_wconf 91' lang='lat' dir='ltr'>in</span> <span class='ocrx_word' id='word_1_49' title='bbox 1403 1101 1511 1149; x_wconf 88' lang='lat' dir='ltr'>carne</span> <span class='ocrx_word' id='word_1_50' title='bbox 1532 1073 1646 1148; x_wconf 90' lang='lat' dir='ltr'>nuda.</span> <span class='ocrx_word' id='word_1_51' title='bbox 1669 1074 1771 1151; x_wconf 81' lang='lat' dir='ltr'>Dixit</span> 
     </span>
     <span class='ocr_line' id='line_1_6' title="bbox 347 1197 1769 1307; baseline 0.002 -29"><span class='ocrx_word' id='word_1_52' title='bbox 347 1201 464 1278; x_wconf 88' lang='lat' dir='ltr'>eciam</span> <span class='ocrx_word' id='word_1_53' title='bbox 486 1199 522 1276; x_wconf 92' lang='lat' dir='ltr'>ei</span> <span class='ocrx_word' id='word_1_54' title='bbox 542 1199 645 1307; x_wconf 88' lang='lat' dir='ltr'>quod</span> <span class='ocrx_word' id='word_1_55' title='bbox 669 1197 867 1275; x_wconf 75' lang='lat' dir='ltr'>carnaliter</span> <span class='ocrx_word' id='word_1_56' title='bbox 890 1216 1037 1305; x_wconf 90' lang='lat' dir='ltr'>poterat</span> <span class='ocrx_word' id='word_1_57' title='bbox 1061 1202 1294 1278; x_wconf 82' lang='lat' dir='ltr'>commisceri</span> <span class='ocrx_word' id='word_1_58' title='bbox 1321 1203 1403 1278; x_wconf 87' lang='lat' dir='ltr'>aliis</span> <span class='ocrx_word' id='word_1_59' title='bbox 1428 1201 1605 1280; x_wconf 77' lang='lat' dir='ltr'>iratribus</span> <span class='ocrx_word' id='word_1_60' title='bbox 1626 1205 1769 1281; x_wconf 88' lang='lat' dir='ltr'>ordinis</span> 
     </span>
     <span class='ocr_line' id='line_1_7' title="bbox 346 1329 1765 1444; baseline 0.001 -36"><span class='ocrx_word' id='word_1_61' title='bbox 346 1348 383 1408; x_wconf 86' lang='lat' dir='ltr'>et</span> <span class='ocrx_word' id='word_1_62' title='bbox 398 1331 468 1438; x_wconf 89' lang='lat' dir='ltr'>ipsi</span> <span class='ocrx_word' id='word_1_63' title='bbox 485 1359 571 1409; x_wconf 88' lang='lat' dir='ltr'>cum</span> <span class='ocrx_word' id='word_1_64' title='bbox 590 1358 652 1418; x_wconf 74' lang='grc' dir='ltr'>θος</span> <span class='ocrx_word' id='word_1_65' title='bbox 671 1330 743 1406; x_wconf 86' lang='lat' dir='ltr'>boc</span> <span class='ocrx_word' id='word_1_66' title='bbox 758 1347 884 1406; x_wconf 90' lang='lat' dir='ltr'>tamen</span> <span class='ocrx_word' id='word_1_67' title='bbox 897 1358 972 1407; x_wconf 91' lang='lat' dir='ltr'>non</span> <span class='ocrx_word' id='word_1_68' title='bbox 985 1329 1089 1417; x_wconf 86' lang='lat' dir='ltr'>lecit,</span> <span class='ocrx_word' id='word_1_69' title='bbox 1108 1361 1178 1409; x_wconf 90' lang='lat' dir='ltr'>nec</span> <span class='ocrx_word' id='word_1_70' title='bbox 1194 1334 1314 1444; x_wconf 87' lang='lat' dir='ltr'>credit</span> <span class='ocrx_word' id='word_1_71' title='bbox 1328 1334 1434 1440; x_wconf 92' lang='lat' dir='ltr'>quod</span> <span class='ocrx_word' id='word_1_72' title='bbox 1449 1333 1487 1410; x_wconf 91' lang='lat' dir='ltr'>in</span> <span class='ocrx_word' id='word_1_73' title='bbox 1505 1333 1765 1412; x_wconf 85' lang='lat' dir='ltr'>ordinesreret.</span> 
     </span>
     <span class='ocr_line' id='line_1_8' title="bbox 345 1460 1769 1570; baseline 0.001 -30"><span class='ocrx_word' id='word_1_74' title='bbox 345 1461 477 1540; x_wconf 82' lang='lat' dir='ltr'>Credit</span> <span class='ocrx_word' id='word_1_75' title='bbox 494 1481 622 1539; x_wconf 89' lang='lat' dir='ltr'>tamen</span> <span class='ocrx_word' id='word_1_76' title='bbox 636 1462 739 1568; x_wconf 90' lang='lat' dir='ltr'>quod</span> <span class='ocrx_word' id='word_1_77' title='bbox 755 1461 924 1567; x_wconf 88' lang='lat' dir='ltr'>predicta</span> <span class='ocrx_word' id='word_1_78' title='bbox 940 1460 1068 1538; x_wconf 87' lang='lat' dir='ltr'>illicita</span> <span class='ocrx_word' id='word_1_79' title='bbox 1083 1463 1286 1541; x_wconf 83' lang='lat' dir='ltr'>consessata</span> <span class='ocrx_word' id='word_1_80' title='bbox 1304 1493 1370 1570; x_wconf 93' lang='lat' dir='ltr'>per</span> <span class='ocrx_word' id='word_1_81' title='bbox 1386 1494 1490 1555; x_wconf 92' lang='lat' dir='ltr'>eum,</span> <span class='ocrx_word' id='word_1_82' title='bbox 1506 1463 1598 1542; x_wconf 83' lang='lat' dir='ltr'>lacta</span> <span class='ocrx_word' id='word_1_83' title='bbox 1617 1485 1655 1542; x_wconf 91' lang='lat' dir='ltr'>et</span> <span class='ocrx_word' id='word_1_84' title='bbox 1672 1466 1769 1544; x_wconf 89' lang='lat' dir='ltr'>dicta</span> 
     </span>
     <span class='ocr_line' id='line_1_9' title="bbox 346 1591 1769 1702; baseline 0.001 -32"><span class='ocrx_word' id='word_1_85' title='bbox 346 1596 384 1671; x_wconf 91' lang='lat' dir='ltr'>in</span> <span class='ocrx_word' id='word_1_86' title='bbox 410 1593 602 1701; x_wconf 81' lang='lat' dir='ltr'>presencia</span> <span class='ocrx_word' id='word_1_87' title='bbox 630 1591 902 1698; x_wconf 75' lang='lat' dir='ltr'>predictorum,</span> <span class='ocrx_word' id='word_1_88' title='bbox 928 1593 1199 1670; x_wconf 83' lang='lat' dir='ltr'>intervenirent</span> <span class='ocrx_word' id='word_1_89' title='bbox 1218 1595 1519 1672; x_wconf 86' lang='lat' dir='ltr'>communiterin</span> <span class='ocrx_word' id='word_1_90' title='bbox 1539 1597 1769 1702; x_wconf 71' lang='lat' dir='ltr'>receptioni-</span> 
     </span>
     <span class='ocr_line' id='line_1_10' title="bbox 346 1721 1769 1832; baseline -0.001 -28"><span class='ocrx_word' id='word_1_91' title='bbox 346 1726 417 1804; x_wconf 89' lang='lat' dir='ltr'>bus</span> <span class='ocrx_word' id='word_1_92' title='bbox 439 1724 598 1803; x_wconf 89' lang='lat' dir='ltr'>aliorum</span> <span class='ocrx_word' id='word_1_93' title='bbox 623 1723 780 1800; x_wconf 78' lang='lat' dir='ltr'>fratrum</span> <span class='ocrx_word' id='word_1_94' title='bbox 802 1722 947 1799; x_wconf 86' lang='lat' dir='ltr'>ordinis</span> <span class='ocrx_word' id='word_1_95' title='bbox 970 1721 1028 1798; x_wconf 88' lang='lat' dir='ltr'>vel</span> <span class='ocrx_word' id='word_1_96' title='bbox 1051 1740 1151 1828; x_wconf 87' lang='lat' dir='ltr'>post,</span> <span class='ocrx_word' id='word_1_97' title='bbox 1178 1723 1265 1801; x_wconf 89' lang='lat' dir='ltr'>licet</span> <span class='ocrx_word' id='word_1_98' title='bbox 1291 1725 1424 1803; x_wconf 90' lang='lat' dir='ltr'>viderit</span> <span class='ocrx_word' id='word_1_99' title='bbox 1448 1725 1544 1802; x_wconf 92' lang='lat' dir='ltr'>duos</span> <span class='ocrx_word' id='word_1_100' title='bbox 1568 1727 1699 1832; x_wconf 85' lang='lat' dir='ltr'>recipi,</span> <span class='ocrx_word' id='word_1_101' title='bbox 1731 1728 1769 1803; x_wconf 92' lang='lat' dir='ltr'>in</span> 
     </span>
     <span class='ocr_line' id='line_1_11' title="bbox 346 1852 1769 1968; baseline -0.001 -33"><span class='ocrx_word' id='word_1_102' title='bbox 346 1887 507 1968; x_wconf 90' lang='lat' dir='ltr'>quorum</span> <span class='ocrx_word' id='word_1_103' title='bbox 529 1853 810 1962; x_wconf 90' lang='lat' dir='ltr'>recepcionibus</span> <span class='ocrx_word' id='word_1_104' title='bbox 826 1852 941 1930; x_wconf 81' lang='lat' dir='ltr'>niclu&#39;l</span> <span class='ocrx_word' id='word_1_105' title='bbox 962 1853 1135 1930; x_wconf 88' lang='lat' dir='ltr'>illicitum</span> <span class='ocrx_word' id='word_1_106' title='bbox 1154 1856 1412 1945; x_wconf 85' lang='lat' dir='ltr'>intervenerit,</span> <span class='ocrx_word' id='word_1_107' title='bbox 1434 1857 1539 1964; x_wconf 88' lang='lat' dir='ltr'>quod</span> <span class='ocrx_word' id='word_1_108' title='bbox 1560 1856 1640 1962; x_wconf 89' lang='lat' dir='ltr'>ipse</span> <span class='ocrx_word' id='word_1_109' title='bbox 1660 1859 1769 1935; x_wconf 87' lang='lat' dir='ltr'>scive-</span> 
     </span>
     <span class='ocr_line' id='line_1_12' title="bbox 347 1982 1768 2091; baseline -0.001 -26"><span class='ocrx_word' id='word_1_110' title='bbox 347 1988 466 2065; x_wconf 81' lang='lat' dir='ltr'>ritvel</span> <span class='ocrx_word' id='word_1_111' title='bbox 486 1986 672 2064; x_wconf 79' lang='lat' dir='ltr'>audiverit</span> <span class='ocrx_word' id='word_1_112' title='bbox 692 1984 784 2075; x_wconf 93' lang='lat' dir='ltr'>dici,</span> <span class='ocrx_word' id='word_1_113' title='bbox 806 1982 980 2061; x_wconf 85' lang='lat' dir='ltr'>videlicet</span> <span class='ocrx_word' id='word_1_114' title='bbox 1000 1983 1152 2062; x_wconf 79' lang='lat' dir='ltr'>fratrem</span> <span class='ocrx_word' id='word_1_115' title='bbox 1170 1985 1385 2091; x_wconf 84' lang='lat' dir='ltr'>Guigouem</span> <span class='ocrx_word' id='word_1_116' title='bbox 1413 1988 1460 2064; x_wconf 93' lang='lat' dir='ltr'>de</span> <span class='ocrx_word' id='word_1_117' title='bbox 1489 1989 1649 2064; x_wconf 84' lang='lat' dir='ltr'>Namans</span> <span class='ocrx_word' id='word_1_118' title='bbox 1669 1989 1768 2064; x_wconf 89' lang='lat' dir='ltr'>mili-</span> 
     </span>
     <span class='ocr_line' id='line_1_13' title="bbox 344 2114 1767 2225; baseline -0.002 -27"><span class='ocrx_word' id='word_1_119' title='bbox 344 2138 438 2207; x_wconf 81' lang='lat' dir='ltr'>cem,</span> <span class='ocrx_word' id='word_1_120' title='bbox 459 2119 658 2196; x_wconf 89' lang='lat' dir='ltr'>detentum</span> <span class='ocrx_word' id='word_1_121' title='bbox 680 2116 719 2191; x_wconf 93' lang='lat' dir='ltr'>in</span> <span class='ocrx_word' id='word_1_122' title='bbox 735 2114 875 2192; x_wconf 87' lang='lat' dir='ltr'>diocesi</span> <span class='ocrx_word' id='word_1_123' title='bbox 894 2115 1145 2204; x_wconf 76' lang='lat' dir='ltr'>llutlaenenei,</span> <span class='ocrx_word' id='word_1_124' title='bbox 1169 2144 1284 2223; x_wconf 92' lang='lat' dir='ltr'>quem</span> <span class='ocrx_word' id='word_1_125' title='bbox 1305 2118 1446 2223; x_wconf 86' lang='lat' dir='ltr'>recepit</span> <span class='ocrx_word' id='word_1_126' title='bbox 1464 2116 1577 2194; x_wconf 82' lang='lat' dir='ltr'>frater</span> <span class='ocrx_word' id='word_1_127' title='bbox 1592 2119 1700 2225; x_wconf 78' lang='lat' dir='ltr'>[lugo</span> <span class='ocrx_word' id='word_1_128' title='bbox 1721 2119 1767 2195; x_wconf 89' lang='lat' dir='ltr'>de</span> 
     </span>
     <span class='ocr_line' id='line_1_14' title="bbox 345 2245 1766 2353; baseline -0.003 -25"><span class='ocrx_word' id='word_1_129' title='bbox 345 2250 554 2338; x_wconf 84' lang='lat' dir='ltr'>Penrando,</span> <span class='ocrx_word' id='word_1_130' title='bbox 576 2248 615 2323; x_wconf 90' lang='lat' dir='ltr'>in</span> <span class='ocrx_word' id='word_1_131' title='bbox 636 2246 799 2353; x_wconf 81' lang='lat' dir='ltr'>quadam</span> <span class='ocrx_word' id='word_1_132' title='bbox 819 2245 960 2351; x_wconf 87' lang='lat' dir='ltr'>capella</span> <span class='ocrx_word' id='word_1_133' title='bbox 978 2245 1117 2324; x_wconf 90' lang='lat' dir='ltr'>domus</span> <span class='ocrx_word' id='word_1_134' title='bbox 1133 2247 1283 2353; x_wconf 87' lang='lat' dir='ltr'>Templi</span> <span class='ocrx_word' id='word_1_135' title='bbox 1306 2247 1354 2323; x_wconf 89' lang='lat' dir='ltr'>de</span> <span class='ocrx_word' id='word_1_136' title='bbox 1374 2247 1548 2325; x_wconf 88' lang='lat' dir='ltr'>Montilio</span> <span class='ocrx_word' id='word_1_137' title='bbox 1570 2248 1766 2334; x_wconf 62' lang='lat' dir='ltr'>uldemari,</span> 
     </span>
     <span class='ocr_line' id='line_1_15' title="bbox 345 2372 1767 2482; baseline -0.003 -24"><span class='ocrx_word' id='word_1_138' title='bbox 345 2397 431 2458; x_wconf 91' lang='lat' dir='ltr'>sunt</span> <span class='ocrx_word' id='word_1_139' title='bbox 449 2404 511 2456; x_wconf 81' lang='lat' dir='ltr'>sex</span> <span class='ocrx_word' id='word_1_140' title='bbox 530 2372 624 2455; x_wconf 75' lang='lat' dir='ltr'>anni&#39;</span> <span class='ocrx_word' id='word_1_141' title='bbox 636 2376 693 2453; x_wconf 89' lang='lat' dir='ltr'>vel</span> <span class='ocrx_word' id='word_1_142' title='bbox 711 2377 825 2465; x_wconf 84' lang='lat' dir='ltr'>circa,</span> <span class='ocrx_word' id='word_1_143' title='bbox 856 2375 1096 2482; x_wconf 83' lang='lat' dir='ltr'>presentibus</span> <span class='ocrx_word' id='word_1_144' title='bbox 1123 2377 1223 2454; x_wconf 91' lang='lat' dir='ltr'>dicto</span> <span class='ocrx_word' id='word_1_145' title='bbox 1248 2377 1360 2455; x_wconf 80' lang='lat' dir='ltr'>fratre</span> <span class='ocrx_word' id='word_1_146' title='bbox 1385 2376 1565 2455; x_wconf 76' lang='lat' dir='ltr'>Gnidone</span> <span class='ocrx_word' id='word_1_147' title='bbox 1591 2377 1767 2454; x_wconf 86' lang='lat' dir='ltr'>Ademari</span> 
     </span>
     <span class='ocr_line' id='line_1_16' title="bbox 346 2505 1769 2614; baseline -0.001 -27"><span class='ocrx_word' id='word_1_148' title='bbox 346 2527 384 2587; x_wconf 87' lang='lat' dir='ltr'>et</span> <span class='ocrx_word' id='word_1_149' title='bbox 413 2507 526 2587; x_wconf 82' lang='lat' dir='ltr'>fratre</span> <span class='ocrx_word' id='word_1_150' title='bbox 558 2509 692 2587; x_wconf 85' lang='lat' dir='ltr'>laccho</span> <span class='ocrx_word' id='word_1_151' title='bbox 713 2506 766 2583; x_wconf 87' lang='lat' dir='ltr'>de</span> <span class='ocrx_word' id='word_1_152' title='bbox 799 2505 1005 2587; x_wconf 84' lang='lat' dir='ltr'>Mallavalle</span> <span class='ocrx_word' id='word_1_153' title='bbox 1039 2507 1240 2594; x_wconf 75' lang='lat' dir='ltr'>serviente,</span> <span class='ocrx_word' id='word_1_154' title='bbox 1261 2537 1376 2614; x_wconf 90' lang='lat' dir='ltr'>quem</span> <span class='ocrx_word' id='word_1_155' title='bbox 1408 2508 1529 2585; x_wconf 87' lang='lat' dir='ltr'>credit</span> <span class='ocrx_word' id='word_1_156' title='bbox 1556 2508 1694 2594; x_wconf 87' lang='lat' dir='ltr'>vivere,</span> <span class='ocrx_word' id='word_1_157' title='bbox 1731 2527 1769 2585; x_wconf 91' lang='lat' dir='ltr'>et</span> 
     </span>
     <span class='ocr_line' id='line_1_17' title="bbox 346 2636 1765 2746; baseline -0.002 -27"><span class='ocrx_word' id='word_1_158' title='bbox 346 2642 506 2730; x_wconf 86' lang='lat' dir='ltr'>ibidem,</span> <span class='ocrx_word' id='word_1_159' title='bbox 524 2657 562 2718; x_wconf 89' lang='lat' dir='ltr'>et</span> <span class='ocrx_word' id='word_1_160' title='bbox 577 2662 650 2746; x_wconf 87' lang='lat' dir='ltr'>per</span> <span class='ocrx_word' id='word_1_161' title='bbox 667 2636 870 2725; x_wconf 89' lang='lat' dir='ltr'>eumdem,</span> <span class='ocrx_word' id='word_1_162' title='bbox 897 2653 936 2713; x_wconf 92' lang='lat' dir='ltr'>et</span> <span class='ocrx_word' id='word_1_163' title='bbox 957 2637 1096 2714; x_wconf 83' lang='lat' dir='ltr'>eodem</span> <span class='ocrx_word' id='word_1_164' title='bbox 1120 2638 1254 2726; x_wconf 90' lang='lat' dir='ltr'>modo,</span> <span class='ocrx_word' id='word_1_165' title='bbox 1282 2655 1320 2714; x_wconf 88' lang='lat' dir='ltr'>et</span> <span class='ocrx_word' id='word_1_166' title='bbox 1342 2637 1485 2714; x_wconf 82' lang='lat' dir='ltr'>eisdem</span> <span class='ocrx_word' id='word_1_167' title='bbox 1512 2639 1765 2743; x_wconf 89' lang='lat' dir='ltr'>presentibus,</span> 
     </span>
     <span class='ocr_line' id='line_1_18' title="bbox 346 2766 1764 2877; baseline -0.005 -26"><span class='ocrx_word' id='word_1_168' title='bbox 346 2773 417 2850; x_wconf 87' lang='lat' dir='ltr'>fuit</span> <span class='ocrx_word' id='word_1_169' title='bbox 435 2788 609 2877; x_wconf 87' lang='lat' dir='ltr'>receptus</span> <span class='ocrx_word' id='word_1_170' title='bbox 629 2766 743 2845; x_wconf 85' lang='lat' dir='ltr'>frater</span> <span class='ocrx_word' id='word_1_171' title='bbox 762 2766 966 2844; x_wconf 82' lang='lat' dir='ltr'>Mendetus</span> <span class='ocrx_word' id='word_1_172' title='bbox 987 2767 1034 2844; x_wconf 91' lang='lat' dir='ltr'>de</span> <span class='ocrx_word' id='word_1_173' title='bbox 1053 2770 1142 2844; x_wconf 90' lang='lat' dir='ltr'>Fara</span> <span class='ocrx_word' id='word_1_174' title='bbox 1164 2767 1288 2855; x_wconf 89' lang='lat' dir='ltr'>miles,</span> <span class='ocrx_word' id='word_1_175' title='bbox 1312 2769 1359 2845; x_wconf 92' lang='lat' dir='ltr'>de</span> <span class='ocrx_word' id='word_1_176' title='bbox 1374 2769 1549 2845; x_wconf 89' lang='lat' dir='ltr'>Montilio</span> <span class='ocrx_word' id='word_1_177' title='bbox 1570 2769 1764 2857; x_wconf 87' lang='lat' dir='ltr'>Ademari,</span> 
     </span>
     <span class='ocr_line' id='line_1_19' title="bbox 345 2895 1768 3011; baseline -0.004 -32"><span class='ocrx_word' id='word_1_178' title='bbox 345 2903 408 3011; x_wconf 90' lang='lat' dir='ltr'>qui</span> <span class='ocrx_word' id='word_1_179' title='bbox 429 2901 626 2979; x_wconf 80' lang='lat' dir='ltr'>detinetur</span> <span class='ocrx_word' id='word_1_180' title='bbox 645 2895 955 2983; x_wconf 60' lang='lat' dir='ltr'>Passim-lum,</span> <span class='ocrx_word' id='word_1_181' title='bbox 979 2896 1072 2973; x_wconf 73' lang='lat' dir='ltr'>dixit</span> <span class='ocrx_word' id='word_1_182' title='bbox 1091 2895 1195 3002; x_wconf 93' lang='lat' dir='ltr'>quod</span> <span class='ocrx_word' id='word_1_183' title='bbox 1216 2897 1254 2971; x_wconf 94' lang='lat' dir='ltr'>in</span> <span class='ocrx_word' id='word_1_184' title='bbox 1275 2897 1377 2974; x_wconf 90' lang='lat' dir='ltr'>dicto</span> <span class='ocrx_word' id='word_1_185' title='bbox 1400 2897 1534 2974; x_wconf 85' lang='lat' dir='ltr'>ordine</span> <span class='ocrx_word' id='word_1_186' title='bbox 1555 2897 1768 2975; x_wconf 85' lang='lat' dir='ltr'>celebrabat</span> 
     </span>
     <span class='ocr_line' id='line_1_20' title="bbox 345 3025 1768 3132; baseline -0.005 -21"><span class='ocrx_word' id='word_1_187' title='bbox 345 3034 554 3112; x_wconf 69' lang='lat' dir='ltr'>secudum</span> <span class='ocrx_word' id='word_1_188' title='bbox 572 3030 734 3108; x_wconf 79' lang='lat' dir='ltr'>formam</span> <span class='ocrx_word' id='word_1_189' title='bbox 754 3025 937 3114; x_wconf 85' lang='lat' dir='ltr'>Ecclesia,</span> <span class='ocrx_word' id='word_1_190' title='bbox 964 3042 1009 3102; x_wconf 92' lang='lat' dir='ltr'>et·</span> <span class='ocrx_word' id='word_1_191' title='bbox 1027 3025 1147 3102; x_wconf 88' lang='lat' dir='ltr'>credit</span> <span class='ocrx_word' id='word_1_192' title='bbox 1172 3026 1276 3132; x_wconf 89' lang='lat' dir='ltr'>quod</span> <span class='ocrx_word' id='word_1_193' title='bbox 1300 3028 1361 3103; x_wconf 83' lang='lat' dir='ltr'>alii</span> <span class='ocrx_word' id='word_1_194' title='bbox 1384 3028 1596 3105; x_wconf 86' lang='lat' dir='ltr'>sacerdotes</span> <span class='ocrx_word' id='word_1_195' title='bbox 1624 3029 1768 3104; x_wconf 90' lang='lat' dir='ltr'>ordinis</span> 
     </span>
     <span class='ocr_line' id='line_1_21' title="bbox 343 3156 1765 3265; baseline -0.006 -21"><span class='ocrx_word' id='word_1_196' title='bbox 343 3165 481 3244; x_wconf 82' lang='lat' dir='ltr'>ecdem</span> <span class='ocrx_word' id='word_1_197' title='bbox 513 3160 629 3240; x_wconf 72' lang='lat' dir='ltr'>modo</span> <span class='ocrx_word' id='word_1_198' title='bbox 656 3159 902 3238; x_wconf 83' lang='lat' dir='ltr'>celebrarent.</span> <span class='ocrx_word' id='word_1_199' title='bbox 931 3156 1172 3235; x_wconf 84' lang='lat' dir='ltr'>Contrarium</span> <span class='ocrx_word' id='word_1_200' title='bbox 1202 3175 1329 3235; x_wconf 86' lang='lat' dir='ltr'>tamen</span> <span class='ocrx_word' id='word_1_201' title='bbox 1354 3159 1425 3237; x_wconf 83' lang='lat' dir='ltr'>fuit</span> <span class='ocrx_word' id='word_1_202' title='bbox 1451 3160 1521 3237; x_wconf 92' lang='lat' dir='ltr'>sibi</span> <span class='ocrx_word' id='word_1_203' title='bbox 1547 3178 1765 3265; x_wconf 84' lang='lat' dir='ltr'>preceptum</span> 
     </span>
     <span class='ocr_line' id='line_1_22' title="bbox 344 3286 1766 3402; baseline -0.006 -29"><span class='ocrx_word' id='word_1_204' title='bbox 344 3324 413 3402; x_wconf 93' lang='lat' dir='ltr'>per</span> <span class='ocrx_word' id='word_1_205' title='bbox 432 3294 576 3372; x_wconf 88' lang='lat' dir='ltr'>dictum</span> <span class='ocrx_word' id='word_1_206' title='bbox 596 3307 840 3396; x_wconf 87' lang='lat' dir='ltr'>receptorem,</span> <span class='ocrx_word' id='word_1_207' title='bbox 862 3286 951 3393; x_wconf 84' lang='lat' dir='ltr'>quia</span> <span class='ocrx_word' id='word_1_208' title='bbox 975 3286 1071 3364; x_wconf 84' lang='lat' dir='ltr'>dixit</span> <span class='ocrx_word' id='word_1_209' title='bbox 1092 3289 1303 3393; x_wconf 82' lang='lat' dir='ltr'>quoderat</span> <span class='ocrx_word' id='word_1_210' title='bbox 1327 3290 1365 3365; x_wconf 94' lang='lat' dir='ltr'>in</span> <span class='ocrx_word' id='word_1_211' title='bbox 1386 3290 1520 3367; x_wconf 89' lang='lat' dir='ltr'>ordina</span> <span class='ocrx_word' id='word_1_212' title='bbox 1542 3306 1766 3366; x_wconf 88' lang='lat' dir='ltr'>consuetum</span> 
     </span>
     <span class='ocr_line' id='line_1_23' title="bbox 344 3419 1766 3535; baseline -0.005 -30"><span class='ocrx_word' id='word_1_213' title='bbox 344 3427 448 3535; x_wconf 87' lang='lat' dir='ltr'>quod</span> <span class='ocrx_word' id='word_1_214' title='bbox 467 3424 713 3503; x_wconf 88' lang='lat' dir='ltr'>obmitterent</span> <span class='ocrx_word' id='word_1_215' title='bbox 731 3420 796 3497; x_wconf 91' lang='lat' dir='ltr'>illa</span> <span class='ocrx_word' id='word_1_216' title='bbox 809 3419 945 3497; x_wconf 85' lang='lat' dir='ltr'>verba:</span> <span class='ocrx_word' id='word_1_217' title='bbox 961 3419 1039 3495; x_wconf 81' lang='lat' dir='ltr'>Hoc</span> <span class='ocrx_word' id='word_1_218' title='bbox 1057 3433 1111 3495; x_wconf 79' lang='lat' dir='ltr'>est</span> <span class='ocrx_word' id='word_1_219' title='bbox 1130 3426 1218 3497; x_wconf 83' lang='lat' dir='ltr'>enim</span> <span class='ocrx_word' id='word_1_220' title='bbox 1239 3450 1361 3526; x_wconf 85' lang='lat' dir='ltr'>corpus</span> <span class='ocrx_word' id='word_1_221' title='bbox 1381 3451 1503 3500; x_wconf 82' lang='lat' dir='ltr'>meum.</span> <span class='ocrx_word' id='word_1_222' title='bbox 1524 3421 1676 3499; x_wconf 74' lang='lat' dir='ltr'>audivit</span> <span class='ocrx_word' id='word_1_223' title='bbox 1693 3421 1766 3498; x_wconf 88' lang='lat' dir='ltr'>dici</span> 
     </span>
     <span class='ocr_line' id='line_1_24' title="bbox 343 3548 1765 3664; baseline -0.006 -29"><span class='ocrx_word' id='word_1_224' title='bbox 343 3586 364 3635; x_wconf 86' lang='lat' dir='ltr'>a</span> <span class='ocrx_word' id='word_1_225' title='bbox 386 3554 680 3664; x_wconf 76' lang='lat' dir='ltr'>preceptoribus·</span> <span class='ocrx_word' id='word_1_226' title='bbox 700 3551 843 3630; x_wconf 88' lang='lat' dir='ltr'>ordinis</span> <span class='ocrx_word' id='word_1_227' title='bbox 868 3549 986 3639; x_wconf 89' lang='lat' dir='ltr'>laicis,</span> <span class='ocrx_word' id='word_1_228' title='bbox 1017 3548 1066 3625; x_wconf 87' lang='lat' dir='ltr'>da</span> <span class='ocrx_word' id='word_1_229' title='bbox 1090 3578 1253 3655; x_wconf 87' lang='lat' dir='ltr'>quorum</span> <span class='ocrx_word' id='word_1_230' title='bbox 1279 3553 1498 3630; x_wconf 91' lang='lat' dir='ltr'>nominibus</span> <span class='ocrx_word' id='word_1_231' title='bbox 1520 3581 1597 3630; x_wconf 91' lang='lat' dir='ltr'>non</span> <span class='ocrx_word' id='word_1_232' title='bbox 1616 3551 1765 3642; x_wconf 90' lang='lat' dir='ltr'>recolit,</span> 
     </span>
     <span class='ocr_line' id='line_1_25' title="bbox 343 3679 1767 3795; baseline -0.004 -31"><span class='ocrx_word' id='word_1_233' title='bbox 343 3689 448 3795; x_wconf 90' lang='lat' dir='ltr'>quod</span> <span class='ocrx_word' id='word_1_234' title='bbox 480 3687 550 3793; x_wconf 89' lang='lat' dir='ltr'>ipsi</span> <span class='ocrx_word' id='word_1_235' title='bbox 575 3700 750 3792; x_wconf 87' lang='lat' dir='ltr'>poterant</span> <span class='ocrx_word' id='word_1_236' title='bbox 774 3679 985 3764; x_wconf 86' lang='lat' dir='ltr'>absolvere,</span> <span class='ocrx_word' id='word_1_237' title='bbox 1017 3679 1225 3756; x_wconf 86' lang='lat' dir='ltr'>secundum</span> <span class='ocrx_word' id='word_1_238' title='bbox 1253 3710 1384 3758; x_wconf 85' lang='lat' dir='ltr'>eorum</span> <span class='ocrx_word' id='word_1_239' title='bbox 1406 3683 1612 3789; x_wconf 86' lang='lat' dir='ltr'>privilegia,</span> <span class='ocrx_word' id='word_1_240' title='bbox 1636 3681 1767 3758; x_wconf 89' lang='lat' dir='ltr'>lratres</span> 
     </span>
     <span class='ocr_line' id='line_1_26' title="bbox 345 3795 1771 3918; baseline -0.006 -23"><span class='ocrx_word' id='word_1_241' title='bbox 345 3814 828 3895; x_wconf 75' lang='lat' dir='ltr'>obinobedienciiseorum</span> <span class='ocrx_word' id='word_1_242' title='bbox 841 3809 992 3899; x_wconf 86' lang='lat' dir='ltr'>;.dictus</span> <span class='ocrx_word' id='word_1_243' title='bbox 1006 3826 1132 3886; x_wconf 85' lang='lat' dir='ltr'>tamen</span> <span class='ocrx_word' id='word_1_244' title='bbox 1145 3811 1251 3888; x_wconf 89' lang='lat' dir='ltr'>testis</span> <span class='ocrx_word' id='word_1_245' title='bbox 1267 3841 1343 3889; x_wconf 90' lang='lat' dir='ltr'>nou</span> <span class='ocrx_word' id='word_1_246' title='bbox 1361 3813 1480 3889; x_wconf 88' lang='lat' dir='ltr'>credit</span> <span class='ocrx_word' id='word_1_247' title='bbox 1492 3812 1596 3918; x_wconf 93' lang='lat' dir='ltr'>quod</span> <span class='ocrx_word' id='word_1_248' title='bbox 1612 3795 1771 3918; x_wconf 78' lang='lat' dir='ltr'>propter</span> 
     </span>
     <span class='ocr_line' id='line_1_27' title="bbox 344 3934 1767 4026; baseline -0.005 -1"><span class='ocrx_word' id='word_1_249' title='bbox 344 3948 484 4026; x_wconf 87' lang='lat' dir='ltr'>dictam</span> <span class='ocrx_word' id='word_1_250' title='bbox 501 3946 783 4026; x_wconf 85' lang='lat' dir='ltr'>absolucionem</span> <span class='ocrx_word' id='word_1_251' title='bbox 802 3941 1031 4020; x_wconf 83' lang='lat' dir='ltr'>debuissent</span> <span class='ocrx_word' id='word_1_252' title='bbox 1051 3934 1250 4019; x_wconf 84' lang='lat' dir='ltr'>obmittere</span> <span class='ocrx_word' id='word_1_253' title='bbox 1276 3943 1561 4021; x_wconf 81' lang='lat' dir='ltr'>consessionem.</span> <span class='ocrx_word' id='word_1_254' title='bbox 1584 3942 1767 4020; x_wconf 82' lang='lat' dir='ltr'>lumbant</span> 
     </span>
     <span class='ocr_line' id='line_1_28' title="bbox 343 4070 1764 4177; baseline -0.007 -20"><span class='ocrx_word' id='word_1_255' title='bbox 343 4081 520 4157; x_wconf 90' lang='lat' dir='ltr'>ordinem</span> <span class='ocrx_word' id='word_1_256' title='bbox 548 4101 627 4155; x_wconf 89' lang='lat' dir='ltr'>non</span> <span class='ocrx_word' id='word_1_257' title='bbox 650 4077 769 4163; x_wconf 77' lang='lat' dir='ltr'>exire3</span> <span class='ocrx_word' id='word_1_258' title='bbox 800 4073 924 4150; x_wconf 85' lang='lat' dir='ltr'>statim</span> <span class='ocrx_word' id='word_1_259' title='bbox 950 4070 1215 4177; x_wconf 62' lang='lat' dir='ltr'>provprosessis</span> <span class='ocrx_word' id='word_1_260' title='bbox 1246 4072 1493 4150; x_wconf 82' lang='lat' dir='ltr'>habebantur.</span> <span class='ocrx_word' id='word_1_261' title='bbox 1522 4071 1764 4151; x_wconf 89' lang='lat' dir='ltr'>Clandestine</span> 
     </span>
     <span class='ocr_line' id='line_1_29' title="bbox 345 4200 1766 4316; baseline -0.006 -31"><span class='ocrx_word' id='word_1_262' title='bbox 345 4209 632 4316; x_wconf 80' lang='lat' dir='ltr'>recipiebantur,</span> <span class='ocrx_word' id='word_1_263' title='bbox 647 4206 763 4284; x_wconf 87' lang='lat' dir='ltr'>nullis</span> <span class='ocrx_word' id='word_1_264' title='bbox 778 4200 1016 4311; x_wconf 86' lang='lat' dir='ltr'>presentibus</span> <span class='ocrx_word' id='word_1_265' title='bbox 1035 4201 1105 4278; x_wconf 89' lang='lat' dir='ltr'>nisi</span> <span class='ocrx_word' id='word_1_266' title='bbox 1122 4200 1299 4281; x_wconf 83' lang='lat' dir='ltr'>fratribus</span> <span class='ocrx_word' id='word_1_267' title='bbox 1315 4203 1475 4291; x_wconf 89' lang='lat' dir='ltr'>ordinis,</span> <span class='ocrx_word' id='word_1_268' title='bbox 1498 4231 1541 4279; x_wconf 85' lang='lat' dir='ltr'>ex</span> <span class='ocrx_word' id='word_1_269' title='bbox 1554 4229 1631 4309; x_wconf 91' lang='lat' dir='ltr'>quo</span> <span class='ocrx_word' id='word_1_270' title='bbox 1647 4200 1766 4277; x_wconf 90' lang='lat' dir='ltr'>credit</span> 
     </span>
     <span class='ocr_line' id='line_1_30' title="bbox 344 4329 1766 4449; baseline -0.01 -29"><span class='ocrx_word' id='word_1_271' title='bbox 344 4343 447 4449; x_wconf 84' lang='lat' dir='ltr'>quod</span> <span class='ocrx_word' id='word_1_272' title='bbox 468 4356 566 4418; x_wconf 79' lang='lat' dir='ltr'>esset</span> <span class='ocrx_word' id='word_1_273' title='bbox 579 4338 741 4446; x_wconf 83' lang='lat' dir='ltr'>suspicio</span> <span class='ocrx_word' id='word_1_274' title='bbox 769 4351 896 4412; x_wconf 85' lang='lat' dir='ltr'>contra</span> <span class='ocrx_word' id='word_1_275' title='bbox 921 4360 995 4410; x_wconf 91' lang='lat' dir='ltr'>eos.</span> <span class='ocrx_word' id='word_1_276' title='bbox 1018 4330 1201 4408; x_wconf 79' lang='lat' dir='ltr'>Cordulis</span> <span class='ocrx_word' id='word_1_277' title='bbox 1231 4334 1333 4411; x_wconf 92' lang='lat' dir='ltr'>unde</span> <span class='ocrx_word' id='word_1_278' title='bbox 1362 4333 1537 4411; x_wconf 85' lang='lat' dir='ltr'>volebant</span> <span class='ocrx_word' id='word_1_279' title='bbox 1565 4329 1766 4436; x_wconf 89' lang='lat' dir='ltr'>assumptis</span> 
     </span>
     <span class='ocr_line' id='line_1_31' title="bbox 343 4460 1766 4580; baseline -0.006 -32"><span class='ocrx_word' id='word_1_280' title='bbox 343 4472 602 4580; x_wconf 69' lang='lat' dir='ltr'>cingebantur,</span> <span class='ocrx_word' id='word_1_281' title='bbox 628 4495 677 4547; x_wconf 74' lang='lat' dir='ltr'>en</span> <span class='ocrx_word' id='word_1_282' title='bbox 699 4483 878 4576; x_wconf 81' lang='lat' dir='ltr'>precepto</span> <span class='ocrx_word' id='word_1_283' title='bbox 903 4461 1159 4570; x_wconf 79' lang='lat' dir='ltr'>superiorum,</span> <span class='ocrx_word' id='word_1_284' title='bbox 1173 4491 1309 4569; x_wconf 68' lang='lat' dir='ltr'>super·</span> <span class='ocrx_word' id='word_1_285' title='bbox 1322 4465 1492 4575; x_wconf 76' lang='lat' dir='ltr'>carnisias</span> <span class='ocrx_word' id='word_1_286' title='bbox 1516 4492 1603 4542; x_wconf 89' lang='lat' dir='ltr'>cum</span> <span class='ocrx_word' id='word_1_287' title='bbox 1625 4460 1766 4570; x_wconf 81' lang='lat' dir='ltr'>quibus</span> 
     </span>
     <span class='ocr_line' id='line_1_32' title="bbox 340 4589 1766 4709; baseline -0.006 -28"><span class='ocrx_word' id='word_1_288' title='bbox 340 4589 526 4697; x_wconf 74' lang='lat' dir='ltr'>jacebant.</span> <span class='ocrx_word' id='word_1_289' title='bbox 561 4600 830 4709; x_wconf 81' lang='lat' dir='ltr'>lnjuugebatur</span> <span class='ocrx_word' id='word_1_290' title='bbox 864 4595 920 4672; x_wconf 86' lang='lat' dir='ltr'>eis</span> <span class='ocrx_word' id='word_1_291' title='bbox 950 4619 1018 4699; x_wconf 91' lang='lat' dir='ltr'>per</span> <span class='ocrx_word' id='word_1_292' title='bbox 1052 4610 1328 4671; x_wconf 88' lang='lat' dir='ltr'>sacramentum</span> <span class='ocrx_word' id='word_1_293' title='bbox 1364 4622 1411 4671; x_wconf 91' lang='lat' dir='ltr'>ne</span> <span class='ocrx_word' id='word_1_294' title='bbox 1445 4593 1611 4698; x_wconf 85' lang='lat' dir='ltr'>predicta</span> <span class='ocrx_word' id='word_1_295' title='bbox 1638 4592 1766 4672; x_wconf 80' lang='lat' dir='ltr'>illicita¹</span> 
     </span>
     <span class='ocr_line' id='line_1_33' title="bbox 343 4720 1768 4830; baseline -0.007 -19"><span class='ocrx_word' id='word_1_296' title='bbox 343 4733 571 4821; x_wconf 79' lang='lat' dir='ltr'>revelarent3</span> <span class='ocrx_word' id='word_1_297' title='bbox 593 4750 631 4809; x_wconf 92' lang='lat' dir='ltr'>et</span> <span class='ocrx_word' id='word_1_298' title='bbox 655 4732 684 4807; x_wconf 92' lang='lat' dir='ltr'>si</span> <span class='ocrx_word' id='word_1_299' title='bbox 705 4728 948 4814; x_wconf 81' lang='lat' dir='ltr'>revelassent,</span> <span class='ocrx_word' id='word_1_300' title='bbox 965 4720 1085 4798; x_wconf 86' lang='lat' dir='ltr'>credit</span> <span class='ocrx_word' id='word_1_301' title='bbox 1104 4724 1205 4829; x_wconf 92' lang='lat' dir='ltr'>quod</span> <span class='ocrx_word' id='word_1_302' title='bbox 1228 4723 1385 4801; x_wconf 87' lang='lat' dir='ltr'>domum</span> <span class='ocrx_word' id='word_1_303' title='bbox 1402 4725 1664 4830; x_wconf 80' lang='lat' dir='ltr'>perdidissent</span> <span class='ocrx_word' id='word_1_304' title='bbox 1679 4725 1768 4801; x_wconf 83' lang='lat' dir='ltr'>Fra-</span> 
     </span>
    </p>
   </div>
   <div class='ocr_carea' id='block_1_3' title="bbox 344 4851 1765 5054">
    <p class='ocr_par' dir='ltr' id='par_1_3' title="bbox 344 4851 1765 5054">
     <span class='ocr_line' id='line_1_34' title="bbox 344 4851 1765 4962; baseline -0.008 -18"><span class='ocrx_word' id='word_1_305' title='bbox 344 4883 420 4944; x_wconf 88' lang='lat' dir='ltr'>tres</span> <span class='ocrx_word' id='word_1_306' title='bbox 437 4865 598 4942; x_wconf 87' lang='lat' dir='ltr'>scientes</span> <span class='ocrx_word' id='word_1_307' title='bbox 618 4889 764 4940; x_wconf 90' lang='lat' dir='ltr'>errores</span> <span class='ocrx_word' id='word_1_308' title='bbox 787 4860 942 4937; x_wconf 84' lang='lat' dir='ltr'>fuerunt</span> <span class='ocrx_word' id='word_1_309' title='bbox 965 4851 1214 4960; x_wconf 76' lang='lat' dir='ltr'>negligentes,</span> <span class='ocrx_word' id='word_1_310' title='bbox 1237 4854 1419 4962; x_wconf 82' lang='lat' dir='ltr'>quianon</span> <span class='ocrx_word' id='word_1_311' title='bbox 1441 4872 1682 4933; x_wconf 76' lang='lat' dir='ltr'>correxerunt</span> <span class='ocrx_word' id='word_1_312' title='bbox 1699 4883 1765 4934; x_wconf 81' lang='lat' dir='ltr'>eos</span> 
     </span>
     <span class='ocr_line' id='line_1_35' title="bbox 1564 5013 1617 5054; baseline -0.019 0"><span class='ocrx_word' id='word_1_313' title='bbox 1564 5013 1617 5054; x_wconf 75' lang='lat'>20.</span> 
     </span>
    </p>
   </div>
   <div class='ocr_carea' id='block_1_4' title="bbox 0 0 2122 5942">
    <p class='ocr_par' dir='ltr' id='par_1_4' title="bbox 0 0 2122 5942">
     <span class='ocr_line' id='line_1_36' title="bbox 0 0 2122 5942; baseline 0 0"><span class='ocrx_word' id='word_1_314' title='bbox 0 0 2122 5942; x_wconf 95' lang='lat' dir='ltr'> </span> 
     </span>
    </p>
   </div>
  </div>
 </body>
</html>
