4236 5948
605 511 804 606 rnocns
833 534 929 607 nus
955 533 1255 608 rrurmnus.
1570 538 1644 610 nos

215 675 328 756 bebat
344 672 613 751 conscienciam
634 675 905 781 scrupulosam,
924 678 1026 755 misit
1047 675 1250 784 quemdam
1270 693 1448 781 nepotem
1469 705 1578 752 suum
1599 676 1646 753 ad

217 808 357 886 curiam
383 809 587 883 Romanam
616 835 714 884 anno
741 836 817 913 quo
842 807 914 885 luit
937 807 1175 916 indulgencia
1199 807 1400 913 generalis,
1429 824 1465 885 et
1493 807 1645 895 tradidit

216 939 286 1018 sibi
306 936 448 1015 factum
467 966 579 1015 suum
600 938 637 1014 in
658 937 819 1044 scriptis,
837 957 880 1015 ut
895 936 1031 1017 laceret
1048 967 1135 1016 eum
1156 937 1313 1026 absolvi,
1335 938 1400 1044 qui
1420 964 1538 1042 nepos
1557 965 1647 1016 suus
1740 923 1746 935 ⁸

216 1071 285 1149 suit
309 1086 481 1147 mortuus
497 1070 536 1145 in
557 1068 620 1146 illa
642 1069 698 1145 via
718 1069 758 1146 in
778 1071 994 1159 redeundo,
1014 1089 1051 1147 et
1070 1070 1188 1146 nescit
1207 1070 1237 1146 si
1264 1070 1474 1175 impetravit
1498 1069 1648 1147 absolu·
1748 1117 1751 1122 ·

218 1202 362 1280 cionem
386 1229 493 1277 suam
518 1200 735 1307 predictam.
764 1201 983 1307 Requisitus
1004 1231 1073 1308 per
1092 1202 1350 1310 juramentum
1379 1230 1490 1278 suum
1519 1217 1648 1279 utrum

217 1335 267 1423 vi,
281 1353 345 1411 aut
358 1348 748 1410 metutormentorum
760 1348 823 1409 aut
835 1333 1010 1424 carceris,
1022 1333 1185 1439 aliquam
1197 1330 1392 1409 salsitatem
1406 1331 1572 1421 dixisset,
1585 1351 1649 1410 aut

217 1465 410 1542 veritatem
427 1463 603 1541 tacuisset
622 1466 660 1540 in
685 1493 751 1542 sua
775 1463 1033 1570 depositione,
1061 1463 1153 1541 dixit
1175 1492 1243 1570 per
1257 1465 1515 1570 juramentum
1535 1493 1647 1541 suurn

219 1596 322 1704 quod
339 1625 435 1685 non,
452 1598 568 1676 immo
583 1626 715 1702 puram
735 1625 804 1702 pro
824 1595 941 1675 salute
961 1597 1082 1674 anime
1103 1625 1169 1673 sue
1188 1594 1329 1672 dixerat
1345 1596 1547 1674 veritatem.

272 1865 365 1939 Item
391 1890 506 1951 anno,
531 1862 736 1954 indicione,
762 1890 908 1951 mense,
936 1863 1014 1951 die,
1042 1860 1261 1969 pontificatu
1281 1879 1318 1938 et
1336 1850 1426 1939 loco
1452 1861 1646 1968 predictis,

220 1993 365 2070 indicti
386 1993 635 2102 inquisitoris,
659 2012 828 2072 nostrum
849 1996 1081 2073 notariorum
1102 2013 1139 2073 et
1159 1994 1478 2100 infrascriptorum
1496 1994 1648 2071 testium

219 2124 408 2230 presencia
433 2125 679 2231 personaliter
706 2127 928 2204 constitutus
954 2125 1067 2204 frater
1091 2127 1223 2204 Petrus
1254 2128 1406 2203 Broeart
1433 2125 1650 2203 Parisiensis

136 2271 137 2274 ’
221 2253 395 2347 diocesis,
411 2255 570 2362 agricola
584 2255 683 2334 dicte
697 2257 833 2334 domus
847 2256 996 2364 Templi
1008 2256 1240 2346 Parisiensis,
1257 2255 1363 2333 etatis
1379 2255 1651 2362 quinquaginta

221 2414 403 2465 annorum
423 2386 480 2464 vel
506 2388 617 2476 circa,
644 2405 687 2464 ut
707 2388 867 2478 dicebat,
890 2389 996 2466 testis
1016 2388 1152 2466 eodem
1172 2388 1287 2465 modo
1302 2387 1451 2492 juratus
1477 2387 1523 2463 de
1547 2415 1586 2463 se
1614 2402 1653 2462 et

222 2517 266 2594 de
287 2517 368 2594 aliis
389 2519 428 2594 in
454 2547 561 2597 causa
586 2517 675 2595 fidei
699 2519 824 2596 dicere
846 2520 1055 2609 veritatem,
1081 2537 1119 2596 et
1141 2520 1392 2627 interrogatus
1412 2517 1461 2594 de
1478 2535 1650 2622 tempore

222 2665 257 2726 et
277 2648 393 2726 modo
413 2678 479 2727 sue
500 2651 744 2755 recepcionis‚
768 2651 859 2727 dixit
877 2680 946 2757 per
959 2650 1215 2757 juramentum
1237 2678 1349 2727 suum
1369 2649 1474 2754 quod
1492 2647 1653 2753 quinde-

222 2781 292 2856 cim
312 2780 400 2860 anni
421 2781 478 2857 vel
500 2782 594 2858 cirea
617 2798 707 2859 sunt
727 2780 841 2888 elapsi
862 2782 968 2889 quod
995 2782 1068 2860 luit
1093 2798 1266 2887 receptus
1285 2781 1325 2857 in
1346 2779 1460 2857 domo
1483 2779 1530 2855 de
1551 2778 1651 2857 Malo

222 2913 396 3018 Repastu‚
418 2941 486 3018 per
506 2912 658 2990 fratrem
677 2912 887 2990 Johannem
909 2913 956 2990 de
983 2913 1156 2992 Oratorio
1180 2927 1441 3018 preceptorem
1461 2909 1559 2986 dicte
1582 2909 1674 2986 d0-'

221 3071 304 3121 mus
317 3043 365 3121 de
378 3043 478 3122 Malo
495 3044 673 3150 Repastu,
697 3044 934 3151 presentibus
954 3046 1065 3123 fratre
1081 3045 1215 3123 Odone
1234 3042 1281 3119 de
1295 3041 1457 3131 Coulon‚
1475 3040 1652 3148 magistro

222 3175 392 3282 bergerio
409 3175 506 3253 dicte
533 3176 685 3267 domus,
706 3194 744 3253 et
762 3177 988 3282 quibusdam
1006 3177 1087 3256 aliis
1104 3177 1261 3254 mortuis
1282 3204 1399 3265 nunc,
1422 3175 1469 3252 de
1487 3168 1652 3280 quorum

222 3306 435 3384 nominibus
454 3336 531 3385 non
552 3309 781 3385 recordatur.
799 3309 900 3385 Dixit
916 3309 1033 3386 eciam
1055 3338 1121 3415 per
1134 3307 1393 3415 juramentum
1408 3334 1519 3383 suum
1534 3305 1651 3412 quod,

223 3455 389 3545 aportato
408 3438 523 3528 libro,
550 3438 671 3515 dictus
695 3438 881 3545 recipiens
906 3439 995 3517 lecit
1016 3469 1101 3517 eum
1117 3439 1245 3546 jurare
1266 3432 1411 3516 servare
1432 3455 1566 3515 statuta
1593 3467 1654 3514 or-

225 3569 338 3657 dinis,
365 3588 402 3646 et
421 3571 541 3677 quod,
566 3571 639 3648 hoc
657 3568 771 3659 lacto,
795 3571 919 3648 dictus
938 3571 1122 3677 recipiens
1141 3570 1230 3648 fecit
1248 3569 1320 3647 sibi
1341 3570 1501 3675 aportari
1521 3598 1655 3676 quarn-

225 3702 307 3778 dam
331 3730 496 3790 crucem,
521 3722 558 3778 et
577 3700 665 3779 lecit
688 3701 811 3807 ipsum
835 3700 989 3779 fratrem
1016 3703 1168 3779 Petrum
1193 3730 1328 3808 spuere
1352 3718 1410 3777 ter
1434 3729 1545 3807 supra
1573 3727 1655 3778 eam

225 3832 263 3908 in
278 3833 456 3939 despectu
474 3834 591 3939 ipsius
612 3833 744 3911 crucis.
761 3836 1013 3942 Interrogatus
1032 3834 1080 3911 de
1102 3832 1248 3921 osculo,
1267 3833 1358 3909 dixit
1378 3861 1446 3938 per
1460 3832 1656 3938 jurameu-

226 3979 305 4040 tum
325 3992 438 4041 suum
459 3965 563 4070 quod
583 3964 685 4041 idem
708 3964 893 4071 recipiens
908 3965 997 4042 lecit
1015 3963 1176 4041 osculari
1196 3991 1236 4041 se
1257 3962 1304 4039 ab
1325 3991 1371 4040 eo
1392 3963 1431 4038 in
1452 3960 1526 4037 line
1548 3961 1655 4067 spine

227 4093 325 4171 dorsi
340 4111 377 4172 et
389 4112 519 4200 postea
538 4096 577 4172 in
593 4095 792 4187 umbilico,
810 4113 848 4174 et
866 4096 1034 4202 precepit
1047 4096 1080 4172 ei
1098 4094 1249 4201 quodsi
1270 4092 1405 4198 aliquis
1418 4092 1463 4169 de
1479 4089 1656 4168 fratribus

227 4224 312 4302 dicti
338 4225 482 4303 ordinis
501 4226 614 4305 vellet
632 4256 672 4305 se
692 4257 778 4305 cum
799 4256 845 4305 eo
864 4227 1059 4305 carnaliter
1079 4226 1339 4312 commiscere,
1357 4222 1462 4331 quod
1481 4223 1552 4300 hoc
1572 4251 1657 4327 per-

227 4358 416 4447 mitteret,
432 4377 471 4436 et
489 4360 563 4436 hoc
583 4361 685 4438 idem
704 4358 843 4438 laceret
862 4389 948 4437 cum
964 4359 1062 4450 aliis,
1079 4360 1110 4436 si
1131 4358 1257 4438 vellet.

281 4489 497 4595 chuisitus
506 4519 573 4597 per
579 4492 837 4600 juramentum
855 4522 966 4570 suum
980 4509 1108 4570 utrum
1124 4493 1175 4584 vi,
1190 4491 1248 4568 vel
1262 4509 1366 4568 metu
1379 4505 1656 4567 tormentorum

228 4621 283 4697 vel
297 4621 470 4711 carceris,
488 4619 553 4699 aut
568 4622 693 4728 aliqua
709 4623 780 4700 alia
790 4625 838 4701 de
853 4653 979 4713 causa,
991 4622 1190 4700 falsitatem
1206 4622 1375 4711 dixisset,
1388 4638 1454 4697 aut
1468 4621 1657 4697 veritatem

227 4753 402 4830 tacuisset
420 4752 460 4831 in
481 4754 722 4860 deposicione
743 4784 826 4847 sua,
845 4756 936 4832 dixit
952 4783 1021 4861 per
1031 4754 1289 4859 juramentum
1306 4782 1419 4831 suum
1438 4751 1544 4859 quod
1562 4780 1656 4843 uon,

228 4879 343 4983 immo
358 4912 500 4963 meram
516 4904 553 4965 et
572 4887 757 4994 integram
773 4915 841 4994 pro
860 4887 981 4967 salute
996 4887 1120 4965 anime
1140 4915 1207 4966 sue
1225 4886 1366 4966 dixerat
1381 4883 1586 4964 ueritatem.
