4236 5948
342 543 390 616 so
737 525 934 618 raucus
961 544 1055 616 nns
1082 543 1382 616 rennuens,

330 684 438 775 ,alius
454 684 592 764 iaciens
607 687 864 779 mencionem,
881 716 951 765 nec
966 687 1086 765 credit
1102 663 1207 794 quod
1227 686 1326 763 dicta
1342 683 1473 762 illicita
1488 683 1694 765 confessata
1709 719 1777 796 per

343 847 444 908 eum,
466 818 526 896 vel
544 817 615 895 alia
635 818 834 898 inhonesta
847 838 1022 898 contenta
1040 819 1079 896 in
1101 817 1280 906 articulis,
1303 818 1576 895 intervenirent
1595 819 1633 895 in
1648 850 1777 935 recep

343 949 516 1029 cionibus
536 952 699 1029 aliorum
719 951 775 1031 vel
797 971 893 1058 post.
916 955 1028 1043 Item,
1048 949 1141 1029 dixit
1166 950 1273 1057 quod
1292 949 1390 1028 bene
1409 950 1587 1027 credebat
1607 949 1779 1033 ecclesia-

343 1083 444 1161 sticis
458 1086 714 1174 sacramentis,
731 1101 769 1161 et
783 1086 903 1163 credit
914 1085 1021 1193 quod
1035 1083 1098 1161 alii
1113 1083 1326 1174 crederent,
1343 1101 1382 1161 et
1392 1083 1499 1191 quod
1512 1111 1645 1163 eorum
1659 1111 1779 1162 sacer-

344 1217 453 1296 dotes
481 1217 610 1296 debite
640 1216 887 1295 celebrarent.
919 1217 1052 1296 Statim
1075 1245 1145 1326 pro
1168 1214 1345 1323 professis
1364 1216 1612 1295 habebantur.
1639 1217 1781 1295 luravit

344 1349 519 1426 ordinem
545 1377 623 1426 non
645 1349 760 1438 exire,
788 1366 826 1427 et
848 1351 969 1428 credit
990 1351 1098 1458 quod
1119 1348 1223 1426 idem
1237 1348 1412 1456 jurarent
1433 1348 1507 1426 alii.
1535 1347 1778 1427 Clandestine

342 1465 633 1590 recipiebantur.
651 1481 867 1589 Injunctum
887 1481 960 1560 luit
978 1482 1012 1559 ei
1029 1483 1188 1560 demum
1203 1482 1243 1558 in
1258 1482 1481 1588 recepcione
1496 1510 1563 1559 sua
1579 1478 1687 1587 quod
1701 1508 1779 1556 non

342 1613 526 1691 revelaret
542 1631 684 1691 secreta
706 1613 959 1720 capitulorum
979 1614 1051 1692 nisi
1072 1613 1250 1692 fratribus
1270 1613 1432 1705 ordinis,
1458 1631 1496 1691 et
1513 1611 1619 1719 quod
1639 1611 1780 1719 absque

343 1746 500 1823 licencia
520 1773 598 1821 non
624 1743 870 1823 confiteretur
889 1747 960 1824 nisi
984 1745 1243 1824 sacerdotibus
1267 1745 1425 1823 ordinis.
1449 1743 1619 1822 Scientes
1635 1771 1780 1821 errores

343 1876 500 1954 fuerunt
524 1874 758 1983 negligentes
790 1877 880 1984 quia
904 1905 982 1957 non
1007 1895 1251 1956 correxerunt
1275 1905 1341 1956 eos
1365 1905 1435 1954 nec
1458 1874 1781 1954 denunciaverunt

343 2007 522 2086 Ecclesie.
551 2007 786 2086 Elemosinas
812 2026 850 2086 et
876 2009 1172 2117 hospitalitatem
1204 2009 1298 2087 vidit
1331 2009 1598 2086 convenienter
1627 2007 1710 2083 lieri
1744 2025 1781 2081 et

344 2140 481 2217 servari
497 2141 537 2217 in
553 2139 733 2218 domibus
748 2142 893 2220 ordinis
908 2143 948 2219 in
961 2142 1101 2250 quibus
1120 2142 1194 2219 fuit
1207 2159 1475 2218 commoratus.
1492 2139 1608 2234 Quod
1623 2167 1780 2247 magnus

344 2272 523 2379 Magister
543 2301 630 2349 cum
651 2291 840 2372 conventu
866 2274 1077 2354 ordinasset
1100 2274 1243 2352 audivit
1263 2274 1337 2351 dici
1358 2274 1464 2381 quod
1483 2289 1662 2350 servasset
1680 2289 1780 2349 totus

253 2505 257 2520 Ι
346 2402 458 2496 ordo,
480 2422 611 2482 contra
640 2431 756 2511 quem
776 2435 880 2483 nunc
895 2407 1050 2514 grandia
1070 2407 1260 2499 scandala,
1275 2406 1439 2512 suspicio
1460 2423 1499 2482 et
1518 2403 1671 2481 infamia
1694 2422 1782 2482 sunt

346 2553 484 2613 exorta.
513 2534 668 2613 Audivit
696 2537 770 2614 dici
798 2567 981 2646 magnum
1012 2539 1233 2647 Magistrum
1260 2555 1298 2616 et
1319 2538 1412 2615 alios
1437 2537 1562 2644 aliqua
1592 2535 1782 2614 confessos

344 2666 460 2743 luisse
478 2684 607 2743 contra
623 2667 811 2756 ordinem,
829 2669 876 2744 ad
893 2670 1001 2776 cujus
1016 2668 1292 2746 deffensionem
1308 2697 1349 2745 se
1366 2668 1567 2757 obtulerat,
1579 2696 1657 2746 non
1678 2667 1782 2773 quod

346 2798 563 2875 intenderet
580 2797 798 2874 deffendere
820 2801 867 2877 ab
893 2799 1084 2878 erroribus
1104 2800 1322 2878 conlessatis
1344 2827 1412 2906 per
1437 2828 1542 2888 eum,
1567 2817 1609 2877 ut
1629 2798 1732 2877 dixit.

403 2928 622 3035 Requisitus
647 2929 677 3004 si
710 2930 762 3006 sic
792 2930 1020 3038 deposuerat
1051 2960 1181 3037 prece,
1218 2949 1420 3040 precepto,
1453 2932 1606 3024 timore,
1636 2960 1780 3018 amore,

347 3062 454 3154 odio,
486 3061 545 3138 vel
570 3060 771 3168 temporali
798 3064 961 3140 comodo
988 3063 1119 3139 habito
1141 3063 1199 3140 vel
1225 3063 1429 3151 habendo,
1458 3063 1652 3171 respondit
1678 3063 1780 3170 quod

347 3219 441 3283 non,
467 3192 535 3270 sed
554 3221 624 3298 pro
643 3193 798 3270 veritate
825 3193 1002 3283 dicenda3
1029 3195 1089 3270 cui
1115 3192 1187 3271 fuit
1214 3195 1425 3300 injunctum
1453 3195 1558 3301 quod
1584 3222 1661 3272 non
1682 3224 1785 3272 reve-

348 3325 444 3401 laret
462 3324 560 3401 banc
580 3353 688 3401 suam
718 3323 1002 3430 deposicionem
1033 3354 1233 3434 quousque
1258 3327 1522 3405 attestaciones
1555 3327 1697 3406 suerint
1713 3358 1783 3433 pu·

253 3531 257 3539 .
350 3455 500 3532 blicate.

407 3723 537 3797 Frater
553 3720 743 3797 lohannes
759 3719 807 3796 de
823 3720 941 3798 Ponte
956 3720 1130 3829 Episcopi
1151 3722 1316 3800 serviens
1333 3722 1593 3800 Noviomensis
1612 3722 1783 3810 diocesis,

350 3852 457 3930 testis
487 3881 599 3958 supra
624 3851 790 3958 juratus,
819 3853 1044 3932 mantellum
1071 3852 1215 3932 ordinis
1239 3871 1278 3932 et
1298 3854 1455 3932 barbam
1477 3882 1553 3932 non
1577 3854 1782 3940 defferens,

351 3984 441 4091 quia
469 3983 614 4060 dictum
636 3983 859 4061 mantellum
881 3985 1075 4063 dimiserat
1096 3987 1136 4063 in
1155 3986 1317 4064 concilio
1338 3987 1569 4073 Senonensi,
1595 4003 1634 4063 et
1656 4004 1786 4093 postea

351 4117 431 4194 radi
454 4116 592 4194 lecerat
612 4114 684 4194 sibi
703 4113 877 4208 barbam,
902 4143 999 4197 xxvii
1020 4146 1208 4196 annorum
1228 4117 1288 4195 vel
1309 4119 1420 4208 circa,
1445 4117 1645 4196 absolutus
1667 4135 1705 4195 et
1729 4146 1786 4194 re·

352 4250 573 4327 conciliatus
590 4278 659 4356 per
680 4249 878 4327 dominum
901 4252 1123 4358 episcopum
1146 4252 1420 4330 Camotensem
1448 4251 1514 4358 qui
1543 4250 1787 4358 inquisiverat

353 4411 439 4458 cum
457 4380 778 4473 eodem31ectiset
791 4380 993 4491 diligenter
1007 4383 1185 4490 expositis
1199 4382 1273 4460 sibi
1288 4382 1469 4460 omnibus
1478 4400 1518 4459 et
1526 4381 1683 4492 singulis
1698 4382 1787 4458 arti-

354 4511 447 4588 culis
472 4513 669 4617 respondit
688 4541 728 4591 se
748 4512 909 4603 nescire,
931 4542 1002 4592 nec
1026 4516 1195 4606 credere,
1223 4544 1293 4592 nec
1316 4514 1503 4592 audivisse
1531 4514 1603 4592 dici
1627 4514 1675 4590 de
1696 4540 1785 4590 con-

353 4642 467 4719 tentis
488 4643 526 4718 in
548 4644 601 4720 eis
617 4645 688 4723 nisi
703 4646 809 4753 quod
824 4647 1015 4754 sequitur,
1036 4648 1124 4756 quia
1144 4676 1222 4724 non
1237 4647 1332 4724 vidit
1352 4646 1521 4755 aliquem
1538 4645 1655 4722 alium
1669 4645 1784 4751 recipi

353 4777 395 4851 in
411 4773 561 4866 ordine,
579 4803 650 4852 nec
669 4777 890 4856 interfuerat
912 4779 1085 4886 capitulis
1110 4807 1255 4857 eorum.
1284 4781 1366 4885 lpse
1389 4780 1493 4856 enim
1519 4796 1694 4885 receptus
1714 4775 1786 4854 luit

354 4909 393 4985 in
413 4908 578 5016 quadam
596 4938 742 4988 camera
762 4912 900 4990 domus
913 4913 1065 5020 Templi
1082 4914 1130 4992 de
1143 4915 1320 4993 Sanciaco
1336 4915 1534 4993 Trecensis
1556 4914 1727 5000 diocesis,
1744 4910 1784 4986 in
