4236 5948
726 523 922 617 raocts
954 541 1051 615 oss
1083 541 1388 617 rsurnrsns.
1692 547 1762 621 res

341 666 497 757 luerunt
517 707 604 772 eum
624 681 663 756 in
680 709 757 758 ore.
779 683 868 760 Post
888 711 963 790 que
984 683 1110 759 omnia
1130 684 1251 761 dictus
1271 700 1441 789 receptor
1464 684 1630 790 precepit
1651 685 1703 775 ei,
1726 687 1765 763 in

342 812 535 916 presencia
554 811 832 915 predictorum,
856 814 961 920 quod
982 813 1184 922 abnegaret
1200 817 1377 907 lbesum3
1400 831 1542 892 etcum
1563 814 1641 920 ipse
1663 816 1767 894 testis

342 942 551 1031 restitisset,
575 941 737 1021 finaliter
756 945 951 1054 abnegavit
967 945 1122 1023 ihesum
1143 971 1208 1024 ore
1231 974 1308 1022 non
1329 946 1456 1023 corde.
1482 945 1631 1023 Deinde
1658 947 1767 1025 allata

342 1073 460 1151 nescit
477 1101 546 1179 per
564 1102 679 1181 quem
701 1074 862 1183 quadarn
891 1104 1000 1153 cruce
1020 1053 1148 1184 lignea
1163 1076 1202 1154 in
1230 1106 1304 1184 qua
1328 1104 1406 1154 non
1437 1094 1515 1154 erat
1533 1076 1678 1182 pictura
1698 1106 1767 1156 nec

341 1232 475 1313 ymago
495 1204 687 1294 Crucifixi,
707 1206 875 1313 precepit
890 1207 924 1284 ci
940 1206 1044 1314 quod
1061 1225 1214 1314 spueret
1233 1235 1346 1313 super
1366 1207 1504 1284 dictam
1520 1235 1685 1297 crucem,
1699 1209 1767 1286 scd

343 1335 420 1441 ipsc
438 1335 544 1413 testis
560 1335 661 1441 spuit
680 1362 757 1413 non
777 1364 890 1443 supra
912 1335 979 1413 sed
992 1337 1111 1445 juxta.
1132 1336 1216 1421 Atia
1225 1336 1358 1414 illicita
1385 1365 1461 1414 uon
1484 1336 1767 1414 intervenerunt

344 1465 497 1542 indicta
517 1495 584 1545 sua
597 1467 816 1573 recepcione
837 1495 907 1544 nec
925 1485 1026 1573 post,
1048 1496 1117 1545 nec
1138 1468 1222 1555 scit,
1245 1495 1315 1544 nec
1332 1467 1565 1573 creditquod
1581 1467 1679 1544 dicta
1691 1467 1766 1545 illi-

344 1595 415 1671 cita
434 1594 491 1673 vel
510 1596 579 1673 alia
604 1597 873 1675 intervenirent
888 1598 928 1673 in
953 1597 1236 1704 recepcionibus
1263 1597 1422 1675 aliorum
1447 1596 1604 1674 lratrum
1623 1599 1767 1675 ordinis

343 1753 412 1802 nec
427 1743 530 1833 post,
550 1727 637 1834 quia
658 1728 753 1806 vidit
767 1728 908 1806 multos
923 1729 1055 1835 recipi,
1076 1756 1145 1805 nec
1158 1727 1242 1817 scit,
1260 1756 1329 1805 nec
1350 1728 1492 1806 audivit
1501 1729 1574 1805 dici
1583 1729 1687 1835 quod
1700 1730 1767 1808 ali·

345 1855 436 1962 quid
454 1857 630 1935 illicitum
650 1859 893 1938 intervenerit
906 1860 942 1935 in
961 1888 1092 1937 eorum
1104 1859 1391 1965 recepcionibus
1404 1858 1462 1936 vel
1476 1877 1559 1966 post
1571 1892 1580 1936 ε
1593 1859 1767 1937 videlicet

343 2001 418 2063 tres
438 1986 578 2066 milites
597 1988 728 2077 simul,
752 2017 914 2098 quorum
935 1990 1087 2067 nomina
1109 2007 1147 2066 et
1167 1991 1390 2097 cognomina
1415 1989 1577 2097 ignorat,
1602 2019 1765 2097 quorum

344 2145 441 2194 unus
459 2135 538 2195 erat
558 2119 605 2196 de
622 2121 855 2211 Turonensi,
873 2121 969 2199 alius
982 2122 1028 2199 de
1045 2121 1266 2210 Pictavensi,
1283 2120 1380 2198 alius
1391 2122 1437 2197 de
1449 2121 1670 2197 Bituricensi
1686 2120 1768 2197 dio-

344 2246 511 2335 cesibus,
531 2265 569 2326 et
587 2248 742 2328 fuerunt
757 2253 915 2359 recepti,
941 2253 980 2328 in
1000 2252 1153 2330 instanti
1174 2279 1303 2329 mense
1323 2250 1471 2358 augusti
1491 2268 1603 2328 eruut
1623 2250 1767 2328 circiter

344 2404 378 2455 ιι
397 2378 505 2469 anni,
533 2378 572 2455 in
602 2380 742 2487 capella
772 2382 908 2460 domus
928 2381 1079 2488 Templi
1102 2382 1149 2458 de
1174 2383 1308 2488 Frotay
1329 2382 1564 2459 Turonensis
1589 2381 1765 2469 diocesis,

344 2537 411 2613 per
425 2507 578 2587 fratrem
601 2510 835 2590 Gaufredum
851 2511 899 2589 de
923 2512 1119 2591 Gonavilla
1137 2530 1397 2618 preceptorem
1415 2511 1592 2598 Pictavie,
1615 2511 1679 2616 qui
1695 2509 1768 2588 fuit

346 2638 573 2718 examinatus
587 2670 655 2747 per
670 2641 845 2721 dominos
861 2642 1085 2730 cardinales,
1102 2642 1339 2748 presentibus
1355 2641 1533 2718 iratribus
1548 2641 1699 2717 Matheo
1720 2640 1767 2716 de

344 2769 484 2877 Stagno
512 2789 731 2878 preceptore
759 2773 805 2850 de
826 2772 971 2850 Rocbes
1003 2773 1253 2849 Xantonensis
1282 2773 1459 2860 diocesis,
1485 2773 1640 2848 detento
1665 2770 1767 2876 apud

344 2900 538 2994 Niortum,
556 2903 727 2980 lobanne
749 2903 795 2979 de
812 2903 948 2980 Sancto
976 2902 1197 2992 Benedicto,
1224 2918 1318 2979 teste
1343 2930 1455 3007 supra
1478 2901 1704 2988 examinato,
1730 2918 1768 2977 et

346 3029 444 3108 dicto
473 3032 665 3138 Stephano
691 3032 738 3109 de
770 3033 929 3141 Plexeyo
956 3032 1068 3109 fratre
1093 3032 1265 3139 ejusdem
1285 3033 1410 3120 testis,
1438 3031 1648 3108 deffunctis.
1665 3030 1770 3108 Vidit

345 3161 461 3240 eciam
481 3163 613 3269 recipi,
635 3163 674 3239 in
696 3162 838 3269 capella
858 3164 994 3242 domus
1012 3161 1163 3269 Templi
1187 3162 1484 3251 Aurelianensis,
1505 3161 1657 3238 fratrem
1678 3161 1769 3238 Dio-

346 3292 482 3371 nisium
502 3295 773 3400 presbiterum,
795 3294 1035 3375 Carnotensis
1051 3293 1226 3386 diocesis,
1248 3294 1355 3401 cujus
1372 3321 1582 3401 cognomen
1601 3295 1766 3400 ignorat,

345 3452 458 3529 quem
483 3425 602 3503 credit
620 3427 758 3513 vivere,
788 3453 855 3532 per
879 3426 1024 3503 dictum
1050 3423 1203 3502 fratrem
1227 3423 1480 3503 Guillelmum
1511 3423 1650 3513 Gandi,
1682 3442 1770 3502 sunt

345 3555 489 3634 circiter
510 3584 571 3634 ·x11
603 3558 711 3649 anni,
734 3557 974 3664 presentibus
996 3555 1173 3633 fratribus
1196 3557 1361 3664 Symone
1385 3557 1431 3634 de
1454 3557 1614 3633 Feritate
1641 3584 1780 3662 prece--

344 3702 451 3793 ptore
471 3686 745 3776 Aurelianensi,
769 3704 806 3765 et
825 3687 906 3765 aliis
922 3687 969 3765 de
989 3686 1129 3794 quibus
1142 3714 1218 3764 non
1241 3686 1386 3763 recolit.
1402 3685 1507 3765 Vidit
1521 3687 1638 3763 eciam
1654 3686 1770 3793 recipi

345 3814 506 3904 ibidem,
527 3818 622 3895 circa
642 3818 746 3896 idem
770 3834 936 3923 tempus,
963 3834 1001 3894 et
1021 3846 1089 3923 per
1104 3816 1282 3895 eumdem
1304 3815 1478 3904 fratrem,
1499 3816 1711 3895 Gerardum
1732 3817 1769 3894 lo

344 3946 563 4026 Retondeur
578 3948 817 4036 servientem,
840 3947 888 4026 de
908 3947 1134 4035 Aurelianis,
1151 3946 1389 4054 presentibus
1409 3945 1584 4024 fratribus
1598 3946 1770 4024 Dionisio

347 4098 383 4158 et
408 4083 600 4189 Stephano
630 4083 677 4160 de
700 4081 859 4189 Plexeyo
887 4079 1087 4188 predictis3
1108 4079 1278 4187 plurium
1303 4076 1588 4184 recepcionibus
1611 4104 1689 4153 non
1712 4105 1771 4152 re-

346 4210 435 4290 colit
455 4212 628 4291 adfuisse.
652 4215 765 4300 Item,
784 4211 877 4288 dixit
895 4239 934 4288 se
953 4209 1052 4288 bene
1073 4210 1227 4289 credere
1241 4208 1497 4287 ecclesiasticis
1514 4205 1768 4296 sacramentis,

346 4344 503 4422 credens
523 4343 628 4452 quod
651 4343 715 4421 alii
739 4341 871 4420 iratres
896 4342 1041 4419 ordinis
1067 4341 1202 4419 eodem
1227 4339 1345 4418 modo
1369 4339 1582 4426 crederent,
1610 4354 1647 4413 et
1667 4336 1770 4443 quod

346 4504 477 4554 eorum
498 4476 709 4554 sacerdotes
730 4474 858 4553 debite
880 4473 1125 4552 celebrarent.
1148 4472 1282 4551 Statim
1302 4499 1372 4578 pro
1392 4469 1567 4577 professis
1581 4466 1772 4545 habeban-

343 4623 417 4684 tur.
436 4605 678 4685 Clandestine
700 4603 989 4711 recipiebantur,
1008 4601 1124 4680 nullis
1138 4600 1374 4709 presentibus
1390 4600 1461 4678 nisi
1476 4597 1655 4677 iratribus
1670 4597 1772 4676 ordi·

345 4737 415 4815 nis.
443 4736 619 4816 Cordulis
643 4735 745 4815 unde
767 4732 943 4813 volebant
966 4732 1167 4840 assumptis
1190 4730 1437 4839 cingebantur
1462 4758 1577 4837 super
1604 4728 1771 4806 camisias

310 4968 313 4975 A
347 4895 433 4945 cum
453 4867 594 4973 quibus
605 4866 791 4974 jacebant.
812 4863 1113 4944 Deffendebatur
1134 4863 1254 4941 eisne
1278 4860 1487 4940 revelarent
1510 4876 1652 4940 secreta
1672 4858 1770 4963 capi-

455 5001 561 5065 raocis
584 5022 637 5065 ars
659 5021 831 5066 retrursus.
844 5034 886 5049 -
899 5023 931 5062 u.
1583 4999 1623 5063 alt
