4236 5948
346 551 416 627 raa
738 532 931 623 raocns
957 549 1051 621 uss
1077 542 1379 621 retrursus

343 710 433 781 stes,
452 708 490 769 et
504 689 599 766 dixit
611 690 647 766 ei
668 691 788 796 quod,
811 690 974 768 secunda
994 708 1132 796 puncta
1152 690 1311 777 ordinis,
1329 707 1475 795 poterat
1495 690 1575 767 aliis
1594 688 1769 772 fratribus

343 822 487 898 ordinis
507 819 704 897 carnaliter
724 821 1016 899 commisceriet
1035 820 1104 927 ipsi
1126 851 1212 898 cum
1234 848 1299 910 θος
1323 821 1394 898 hoc
1418 838 1544 897 tamen
1568 850 1646 900 non
1664 824 1767 918 lecit,

342 981 411 1028 nec
432 950 549 1028 eredit
569 951 671 1057 quod
693 951 731 1025 in
752 951 884 1027 ordine
906 951 1025 1027 fieret.
1048 951 1177 1028 Credit
1195 969 1324 1027 tamen
1337 950 1441 1057 quod
1462 952 1715 1031 communiter
1733 971 1770 1030 et

341 1084 484 1190 ubique
504 1081 759 1186 reciperentur
786 1081 924 1158 fratres*
942 1080 1086 1157 ordinis
1113 1079 1322 1157 secundum
1353 1079 1510 1157 modum
1532 1083 1765 1187 predictum,

342 1215 431 1322 quia
446 1211 654 1289 secundum
671 1214 852 1289 eumdem
867 1210 1026 1290 modum
1046 1211 1141 1287 vidit
1154 1211 1269 1317 recipi
1292 1210 1448 1287 lratrem
1459 1213 1769 1291 Bartholomeum

344 1344 390 1420 de
411 1343 563 1419 Pratimi
582 1342 741 1419 militem
763 1343 972 1450 quondam,
992 1343 1270 1419 Lemovicensis
1287 1342 1467 1428 diocesis,
1490 1344 1528 1418 in
1543 1344 1685 1449 capella
1704 1345 1771 1423 do-

343 1502 427 1550 mus
446 1473 597 1579 Templi
618 1473 675 1550 de:
690 1473 800 1550 Ulmo
816 1473 967 1551 Tuandi
984 1473 1227 1551 Bituricensis
1247 1471 1421 1560 diocesis,
1444 1501 1512 1578 per
1532 1473 1678 1551 dictum
1699 1474 1771 1552 lra-

342 1622 438 1680 trem
461 1605 614 1680 Petrum
635 1604 682 1679 de
700 1603 861 1692 Madito,
878 1603 974 1679 circa
994 1602 1136 1681 instans
1151 1602 1290 1680 festum·
1304 1602 1500 1678 nativitatis
1517 1603 1616 1679 beati
1634 1605 1772 1682 lohan-

344 1736 401 1810 nis
429 1733 590 1840 Baptiste
619 1750 731 1810 erunt
758 1734 889 1810 decern
917 1733 1021 1823 anni,
1045 1733 1280 1838 presentibus
1305 1733 1481 1809 fratribus
1509 1735 1678 1812 Johanne
1708 1736 1769 1813 del

344 1864 417 1941 Soc
432 1882 470 1941 et
485 1864 681 1974 Aymerico
697 1862 854 1943 Gerardi
871 1864 1114 1940 Bituricensis
1132 1864 1571 1958 diocesisaservientibus,
1581 1895 1678 1970 quos
1692 1895 1771 1942 cre·

345 1996 400 2071 dit
419 1999 556 2085 vivete3
589 1994 760 2102 plurium
784 1994 1069 2100 recepcionibus
1094 2022 1171 2071 non
1191 1993 1377 2087 adfuerat,
1400 1995 1625 2072 sicut'dixit.
1654 1998 1768 2087 Item,

347 2125 439 2201 dixit
458 2153 497 2201 se
517 2125 614 2202 bene
637 2126 790 2202 credere
805 2125 1066 2202 ecelesiasticis
1082 2125 1338 2212 sacramentis,
1361 2141 1400 2202 et
1417 2126 1522 2231 quod
1553 2125 1614 2202 alii
1631 2125 1771 2203 fratres

346 2256 490 2331 ordinis
511 2256 656 2333 eodem.
678 2255 794 2332 modo
821 2255 1036 2342 crederent,
1064 2272 1114 2332 et=
1127 2254 1233 2362 quod
1257 2280 1389 2332 eorum
1410 2255 1622 2333 sacerdotes
1642 2253 1770 2333 debite

345 2385 591 2462 celebrarent·
607 2384 760 2462 Audiuit
773 2385 885 2491 quod-
897 2385 979 2461 laici
1001 2413 1134 2463 eorum
1153 2402 1326 2463 tenentes
1340 2385 1514 2491 capitolia
1531 2384 1772 2463 absolvebant

345 2515 475 2591 fratres
498 2515 544 2591 ab
560 2515 839 2593 dmbedienciis
856 2542 1004 2593 eorum.
1021 2490 1393 2593 durabant'ordinem
1415 2544 1492 2592 non
1508 2516 1770 2592 exire.·Statim

345 2673 413 2749 pro
435 2645 883 2751 professis-habebantur.
905 2645 1148 2724 Glandestine
1169 2645 1460 2752 recipiebantur,
1482 2645 1598 2722 nullis
1616 2673 1772 2751 presen-

345 2777 447 2852 tibus
465 2777 540 2852 nisi
558 2775 735 2853 fratribus
746 2776 906 2866 ordinis,
929 2806 972 2853 ex
988 2806 1064 2884 quo
1083 2777 1202 2855 credit
1217 2777 1321 2883 quod
1343 2794 1440 2854 esset
1460 2779 1622 2885 suspicio
1642 2795 1772 2855 contra

346 2935 420 2983 eos.
443 2907 619 2984 Cordulis
645 2910 747 2985 unde
772 2907 949 2985 volebant
973 2909 1174 3015 assumptis
1201 2908 1448 3015 cingebantur
1472 2936 1584 3015 super
1604 2908 1771 2986 camisias

344 3036 946 3146 cum·quibus‘·jacebant„.Credit
975 3040 1078 3144 quod
1106 3038 1276 3116 nolentes
1305 3038 1424 3114 facere
1452 3037 1617 3143 predicta
1642 3038 1771 3114 illicita

344 3166 401 3242 vel
417 3166 503 3255 alia,
520 3184 585 3243 aut
600 3185 742 3245 secreta
762 3168 1013 3274 capitulorum
1034 3168 1261 3255 revelantes,
1279 3168 1437 3246 luissent
1455 3169 1613 3275 graviter
1632 3169 1768 3274 puniti.

344 3297 668 3402 Absque-licencia
687 3326 766 3374 non
780 3315 953 3404 poteraut
972 3299 1055 3375 aliis
1070 3326 1182 3406 quam
1199 3299 1457 3377 sacerdotibus
1476 3299 1637 3386 ordinis,
1658 3299 1717 3375 vel
1731 3300 1769 3375 in

345 3454 477 3502 eorum
491 3426 900 3519 deffectu,.Carmelitis·,
916 3430 1100 3518 confi-teri,
1119 3447 1156 3506 et
1166 3430 1196 3507 si
1210 3430 1403 3506 neminem
1420 3455 1552 3506 eorum
1568 3427 1768 3518 baberent,

343 3572 515 3660 poterant
529 3555 618 3633 aliis
635 3557 824 3633 confiteri-:-
840 3560 988 3635 Fratres
1008 3558 1166 3637 scientes
1186 3584 1331 3636 errores
1361 3560 1514 3636 luerunt
1539 3559 1771 3666 negligentes

344 3687 529 3792 quianon
549 3706 960 3766 correxerunt-cosnec
985 3688 1307 3767 denunciaverunt
1324 3690 1500 3766 Ecclesia.
1521 3687 1672 3765 Audivit
1695 3689 1769 3765 dici

343 3818 450 3922 quod·
467 3818 514 3893 ab
531 3818 687 3925 antiquo
708 3817 850 3895 fiebant
869 3819 1026 3924 singulis
1039 3819 1179 3896 ’diebus
1203 3820 1410 3897 elemosine
1431 3821 1468 3894 in
1488 3819 1624 3896 ordine
1644 3820 1682 3894 in
1705 3819 1772 3895 ali-

343 3949 482 4052 quibus
497 3949 693 4037 domibus,
716 3966 755 4024 et
772 3951 882 4055 quod
901 3947 1144 4054 postmodum
1169 3948 1291 4026 fuerat
1317 3950 1532 4026 ordinatum
1556 3948 1770 4054 quod-non

343 4080 567 4156 lierentnisi
590 4097 649 4157 ter
666 4081 703 4155 in
724 4082 942 4186 septimana.
963 4080 1076 4159 >Clam
1099 4106 1230 4157 eorum
1249 4080 1427 4186 capitulla
1447 4079 1684 4164 tenebantur,
1703 4078 1773 4155 ali·

341 4213 494 4316 quando
516 4212 741 4303 antediem,
771 4211 901 4316 positis
921 4213 1112 4288 interdum
1138 4211 1371 4290 custodibus·
1385 4241 1431 4289 ne
1451 4211 1649 4288 audiretur
1671 4227 1772 4288 exte·

341 4341 538 4448 riusquod
557 4343 713 4418 interius
724 4342 914 4448 agebatur.
937 4342 1121 4419 Ordinata
1140 4369 1208 4448 per
1227 4343 1447 4448 Magistrum
1472 4370 1558 4417 cum
1580 4360 1770 4420 conventu

341 4457 520 4549 servasset
537 4490 639 4550 totus
660 4472 781 4559 ordo,
802 4488 1063 4578 eontra-quem
1089 4500 1192 4549 nunc
1210 4470 1366 4580 grandia
1389 4471 1581 4561 scandala,
1604 4473 1770 4578 suspicio

342 4618 379 4675 et
400 4601 548 4677 infantia
570 4619 658 4679 sunt
676 4619 824 4687 exorta,
847 4603 953 4710 cujus
972 4591 1150 4679 fratribus
1173 4603 1294 4679 credit
1310 4602 1416 4708 qued
1433 4619 1556 4678 essent
1572 4620 1661 4679 nota
1681 4629 1772 4678 con·

340 4730 471 4808 lessata
482 4761 557 4838 per
577 4761 681 4819 eum,
705 4751 743 4808 et
767 4734 871 4840 quod
897 4734 1030 4809 eadem
1050 4760 1209 4840 magnus
1231 4722 1404 4841 Magister
1424 4732 1546 4809 etalii
1577 4732 1651 4808 sint
1680 4758 1770 4808 con·

341 4861 440 4937 lessi.
460 4863 509 4938 Et
527 4862 598 4939 luit
617 4880 844 4968 protestatus
867 4863 972 4969 quod
999 4890 1076 4939 non
1097 4863 1260 4940 intendit
1278 4863 1456 4939 recedere
1481 4893 1501 4939 a
1526 4862 1769 4969 deposicione

326 5021 407 5098 per
425 5019 514 5070 eum
527 4992 620 5069 facta
639 5021 765 5071 coram
786 4993 887 5070 dicto
903 4992 1059 5071 domino
1082 4995 1258 5100 episcopo
1275 4993 1581 5072 Claramontensi.
