<?xml version="1.0" encoding="UTF-8"?>
<!DOCTYPE html PUBLIC "-//W3C//DTD XHTML 1.0 Transitional//EN"
    "http://www.w3.org/TR/xhtml1/DTD/xhtml1-transitional.dtd">
<html xmlns="http://www.w3.org/1999/xhtml" xml:lang="en" lang="en">
 <head>
  <title>
</title>
<meta http-equiv="Content-Type" content="text/html;charset=utf-8" />
  <meta name='ocr-system' content='tesseract 3.04.00' />
  <meta name='ocr-capabilities' content='ocr_page ocr_carea ocr_par ocr_line ocrx_word'/>
</head>
<body>
  <div class='ocr_page' id='page_1' title='image "./procsdestemplie00defegoog_0445.png"; bbox 0 0 4236 5948; ppageno 0'>
   <div class='ocr_carea' id='block_1_1' title="bbox 354 539 1393 662">
    <p class='ocr_par' dir='ltr' id='par_1_1' title="bbox 354 539 1393 662">
     <span class='ocr_line' id='line_1_1' title="bbox 354 539 1393 662; baseline 0 -31"><span class='ocrx_word' id='word_1_1' title='bbox 354 557 427 632; x_wconf 75' lang='lat' dir='ltr'>tet</span> <span class='ocrx_word' id='word_1_2' title='bbox 746 539 943 662; x_wconf 76' lang='lat' dir='ltr'>procus</span> <span class='ocrx_word' id='word_1_3' title='bbox 971 561 1067 632; x_wconf 84' lang='lat' dir='ltr'>uss</span> <span class='ocrx_word' id='word_1_4' title='bbox 1093 560 1393 632; x_wconf 78' lang='lat' dir='ltr'>ruurursas.</span> 
     </span>
    </p>
   </div>
   <div class='ocr_carea' id='block_1_2' title="bbox 348 701 1776 1838">
    <p class='ocr_par' dir='ltr' id='par_1_2' title="bbox 348 701 1776 1838">
     <span class='ocr_line' id='line_1_2' title="bbox 409 701 1776 806; baseline 0.001 -29"><span class='ocrx_word' id='word_1_5' title='bbox 409 703 661 779; x_wconf 89' lang='lat' dir='ltr'>Predictarum</span> <span class='ocrx_word' id='word_1_6' title='bbox 683 702 795 806; x_wconf 88' lang='lat' dir='ltr'>igitur</span> <span class='ocrx_word' id='word_1_7' title='bbox 811 701 1019 779; x_wconf 90' lang='lat' dir='ltr'>litterarum</span> <span class='ocrx_word' id='word_1_8' title='bbox 1032 701 1321 806; x_wconf 89' lang='lat' dir='ltr'>apostolicarum</span> <span class='ocrx_word' id='word_1_9' title='bbox 1342 718 1379 777; x_wconf 87' lang='lat' dir='ltr'>et</span> <span class='ocrx_word' id='word_1_10' title='bbox 1398 701 1640 778; x_wconf 88' lang='lat' dir='ltr'>articulorum</span> <span class='ocrx_word' id='word_1_11' title='bbox 1661 702 1776 780; x_wconf 82' lang='lat' dir='ltr'>dicto</span> 
     </span>
     <span class='ocr_line' id='line_1_3' title="bbox 351 833 1776 939; baseline 0.002 -31"><span class='ocrx_word' id='word_1_12' title='bbox 351 864 436 910; x_wconf 91' lang='lat' dir='ltr'>rum</span> <span class='ocrx_word' id='word_1_13' title='bbox 451 837 566 911; x_wconf 90' lang='lat' dir='ltr'>series</span> <span class='ocrx_word' id='word_1_14' title='bbox 581 835 628 911; x_wconf 91' lang='lat' dir='ltr'>ad</span> <span class='ocrx_word' id='word_1_15' title='bbox 640 834 750 910; x_wconf 90' lang='lat' dir='ltr'>vestri</span> <span class='ocrx_word' id='word_1_16' title='bbox 760 833 988 938; x_wconf 86' lang='lat' dir='ltr'>presenciam</span> <span class='ocrx_word' id='word_1_17' title='bbox 1000 850 1130 910; x_wconf 90' lang='lat' dir='ltr'>tenore</span> <span class='ocrx_word' id='word_1_18' title='bbox 1145 833 1380 938; x_wconf 89' lang='lat' dir='ltr'>presencium</span> <span class='ocrx_word' id='word_1_19' title='bbox 1394 833 1658 939; x_wconf 78' lang='lat' dir='ltr'>perducentes,</span> <span class='ocrx_word' id='word_1_20' title='bbox 1670 834 1776 912; x_wconf 85' lang='lat' dir='ltr'>vobis</span> 
     </span>
     <span class='ocr_line' id='line_1_4' title="bbox 352 963 1776 1072; baseline 0.001 -32"><span class='ocrx_word' id='word_1_21' title='bbox 352 967 570 1041; x_wconf 83' lang='lat' dir='ltr'>mandamus</span> <span class='ocrx_word' id='word_1_22' title='bbox 594 966 768 1069; x_wconf 90' lang='lat' dir='ltr'>quatinus</span> <span class='ocrx_word' id='word_1_23' title='bbox 789 981 961 1042; x_wconf 91' lang='lat' dir='ltr'>contenta</span> <span class='ocrx_word' id='word_1_24' title='bbox 983 965 1021 1040; x_wconf 92' lang='lat' dir='ltr'>in</span> <span class='ocrx_word' id='word_1_25' title='bbox 1042 964 1185 1041; x_wconf 91' lang='lat' dir='ltr'>eisdem</span> <span class='ocrx_word' id='word_1_26' title='bbox 1209 964 1342 1042; x_wconf 89' lang='lat' dir='ltr'>litteris</span> <span class='ocrx_word' id='word_1_27' title='bbox 1363 963 1575 1070; x_wconf 89' lang='lat' dir='ltr'>apostolicis</span> <span class='ocrx_word' id='word_1_28' title='bbox 1594 982 1776 1072; x_wconf 84' lang='lat' dir='ltr'>quantum</span> 
     </span>
     <span class='ocr_line' id='line_1_5' title="bbox 351 1095 1775 1202; baseline 0 -30"><span class='ocrx_word' id='word_1_29' title='bbox 351 1098 398 1172; x_wconf 92' lang='lat' dir='ltr'>ad</span> <span class='ocrx_word' id='word_1_30' title='bbox 417 1125 483 1172; x_wconf 91' lang='lat' dir='ltr'>vos</span> <span class='ocrx_word' id='word_1_31' title='bbox 501 1095 664 1199; x_wconf 81' lang='lat' dir='ltr'>pertinet</span> <span class='ocrx_word' id='word_1_32' title='bbox 682 1096 740 1171; x_wconf 86' lang='lat' dir='ltr'>in.</span> <span class='ocrx_word' id='word_1_33' title='bbox 762 1156 769 1170; x_wconf 93' lang='lat'>.</span> <span class='ocrx_word' id='word_1_34' title='bbox 790 1156 797 1170; x_wconf 92' lang='lat'><strong>.</strong></span> <span class='ocrx_word' id='word_1_35' title='bbox 827 1095 1061 1202; x_wconf 72' lang='lat' dir='ltr'>compleatis,</span> <span class='ocrx_word' id='word_1_36' title='bbox 1083 1123 1125 1172; x_wconf 90' lang='lat' dir='ltr'>ac</span> <span class='ocrx_word' id='word_1_37' title='bbox 1145 1123 1213 1172; x_wconf 93' lang='lat' dir='ltr'>nos</span> <span class='ocrx_word' id='word_1_38' title='bbox 1234 1095 1280 1171; x_wconf 92' lang='lat' dir='ltr'>de</span> <span class='ocrx_word' id='word_1_39' title='bbox 1301 1095 1520 1200; x_wconf 87' lang='lat' dir='ltr'>recepcione</span> <span class='ocrx_word' id='word_1_40' title='bbox 1540 1097 1775 1199; x_wconf 86' lang='lat' dir='ltr'>presencium</span> 
     </span>
     <span class='ocr_line' id='line_1_6' title="bbox 351 1226 1776 1331; baseline 0.001 -28"><span class='ocrx_word' id='word_1_41' title='bbox 351 1245 387 1303; x_wconf 89' lang='lat' dir='ltr'>et</span> <span class='ocrx_word' id='word_1_42' title='bbox 407 1227 454 1302; x_wconf 91' lang='lat' dir='ltr'>de</span> <span class='ocrx_word' id='word_1_43' title='bbox 473 1245 641 1331; x_wconf 86' lang='lat' dir='ltr'>ternpore</span> <span class='ocrx_word' id='word_1_44' title='bbox 671 1227 902 1331; x_wconf 90' lang='lat' dir='ltr'>recepcionis</span> <span class='ocrx_word' id='word_1_45' title='bbox 932 1254 1060 1303; x_wconf 87' lang='lat' dir='ltr'>earum</span> <span class='ocrx_word' id='word_1_46' title='bbox 1093 1226 1309 1303; x_wconf 90' lang='lat' dir='ltr'>testimonio</span> <span class='ocrx_word' id='word_1_47' title='bbox 1337 1244 1541 1302; x_wconf 90' lang='lat' dir='ltr'>vestrarum</span> <span class='ocrx_word' id='word_1_48' title='bbox 1566 1226 1776 1305; x_wconf 85' lang='lat' dir='ltr'>litterarum</span> 
     </span>
     <span class='ocr_line' id='line_1_7' title="bbox 348 1355 1774 1464; baseline 0.003 -32"><span class='ocrx_word' id='word_1_49' title='bbox 348 1357 579 1461; x_wconf 77' lang='lat' dir='ltr'>patentium.</span> <span class='ocrx_word' id='word_1_50' title='bbox 600 1417 607 1433; x_wconf 95' lang='lat'><strong>.</strong></span> <span class='ocrx_word' id='word_1_51' title='bbox 628 1418 636 1432; x_wconf 93' lang='lat'><strong>.</strong></span> <span class='ocrx_word' id='word_1_52' title='bbox 666 1355 902 1463; x_wconf 90' lang='lat' dir='ltr'>publicorum</span> <span class='ocrx_word' id='word_1_53' title='bbox 921 1357 1253 1434; x_wconf 85' lang='lat' dir='ltr'>instrumentorum</span> <span class='ocrx_word' id='word_1_54' title='bbox 1273 1384 1341 1464; x_wconf 92' lang='lat' dir='ltr'>per</span> <span class='ocrx_word' id='word_1_55' title='bbox 1361 1357 1518 1433; x_wconf 90' lang='lat' dir='ltr'>latorem</span> <span class='ocrx_word' id='word_1_56' title='bbox 1536 1359 1774 1463; x_wconf 89' lang='lat' dir='ltr'>presencium</span> 
     </span>
     <span class='ocr_line' id='line_1_8' title="bbox 349 1485 1773 1592; baseline 0.003 -30"><span class='ocrx_word' id='word_1_57' title='bbox 349 1487 550 1563; x_wconf 85' lang='lat' dir='ltr'>certificare</span> <span class='ocrx_word' id='word_1_58' title='bbox 571 1487 724 1575; x_wconf 77' lang='lat' dir='ltr'>curetis3</span> <span class='ocrx_word' id='word_1_59' title='bbox 746 1488 786 1563; x_wconf 91' lang='lat' dir='ltr'>in</span> <span class='ocrx_word' id='word_1_60' title='bbox 807 1515 968 1592; x_wconf 91' lang='lat' dir='ltr'>quorum</span> <span class='ocrx_word' id='word_1_61' title='bbox 987 1488 1157 1564; x_wconf 91' lang='lat' dir='ltr'>omnium</span> <span class='ocrx_word' id='word_1_62' title='bbox 1178 1485 1344 1592; x_wconf 90' lang='lat' dir='ltr'>sigillum</span> <span class='ocrx_word' id='word_1_63' title='bbox 1368 1502 1538 1563; x_wconf 90' lang='lat' dir='ltr'>nostrum</span> <span class='ocrx_word' id='word_1_64' title='bbox 1559 1502 1597 1564; x_wconf 91' lang='lat' dir='ltr'>et</span> <span class='ocrx_word' id='word_1_65' title='bbox 1616 1486 1773 1566; x_wconf 89' lang='lat' dir='ltr'>subscri·</span> 
     </span>
     <span class='ocr_line' id='line_1_9' title="bbox 348 1615 1774 1725; baseline 0.002 -31"><span class='ocrx_word' id='word_1_66' title='bbox 348 1619 515 1721; x_wconf 88' lang='lat' dir='ltr'>ptionem</span> <span class='ocrx_word' id='word_1_67' title='bbox 534 1618 668 1695; x_wconf 85' lang='lat' dir='ltr'>notarii</span> <span class='ocrx_word' id='word_1_68' title='bbox 685 1616 828 1721; x_wconf 86' lang='lat' dir='ltr'>publici</span> <span class='ocrx_word' id='word_1_69' title='bbox 848 1616 1070 1722; x_wconf 80' lang='lat' dir='ltr'>infrascripti</span> <span class='ocrx_word' id='word_1_70' title='bbox 1083 1617 1216 1694; x_wconf 91' lang='lat' dir='ltr'>litteris</span> <span class='ocrx_word' id='word_1_71' title='bbox 1231 1617 1465 1723; x_wconf 85' lang='lat' dir='ltr'>presentibus</span> <span class='ocrx_word' id='word_1_72' title='bbox 1478 1615 1652 1697; x_wconf 86' lang='lat' dir='ltr'>duximus</span> <span class='ocrx_word' id='word_1_73' title='bbox 1665 1647 1774 1725; x_wconf 80' lang='lat' dir='ltr'>appo</span> 
     </span>
     <span class='ocr_line' id='line_1_10' title="bbox 349 1747 1771 1838; baseline 0.002 -15"><span class='ocrx_word' id='word_1_74' title='bbox 349 1749 527 1825; x_wconf 87' lang='lat' dir='ltr'>nendum.</span> <span class='ocrx_word' id='word_1_75' title='bbox 543 1749 631 1824; x_wconf 85' lang='lat' dir='ltr'>Acta</span> <span class='ocrx_word' id='word_1_76' title='bbox 648 1748 797 1825; x_wconf 86' lang='lat' dir='ltr'>luerunt</span> <span class='ocrx_word' id='word_1_77' title='bbox 816 1747 886 1824; x_wconf 90' lang='lat' dir='ltr'>bec</span> <span class='ocrx_word' id='word_1_78' title='bbox 901 1749 1078 1835; x_wconf 89' lang='lat' dir='ltr'>Parisius,</span> <span class='ocrx_word' id='word_1_79' title='bbox 1096 1749 1133 1824; x_wconf 90' lang='lat' dir='ltr'>in</span> <span class='ocrx_word' id='word_1_80' title='bbox 1153 1748 1266 1824; x_wconf 92' lang='lat' dir='ltr'>domo</span> <span class='ocrx_word' id='word_1_81' title='bbox 1283 1766 1422 1838; x_wconf 82' lang='lat' dir='ltr'>nostra,</span> <span class='ocrx_word' id='word_1_82' title='bbox 1440 1775 1535 1824; x_wconf 88' lang='lat' dir='ltr'>anno</span> <span class='ocrx_word' id='word_1_83' title='bbox 1546 1776 1567 1824; x_wconf 89' lang='lat' dir='ltr'>a</span> <span class='ocrx_word' id='word_1_84' title='bbox 1579 1749 1771 1827; x_wconf 88' lang='lat' dir='ltr'>Nativitate</span> 
     </span>
    </p>
   </div>
   <div class='ocr_carea' id='block_1_3' title="bbox 218 1876 1772 1984">
    <p class='ocr_par' dir='ltr' id='par_1_3' title="bbox 218 1876 1772 1984">
     <span class='ocr_line' id='line_1_11' title="bbox 218 1876 1772 1984; baseline 0.003 -30"><span class='ocrx_word' id='word_1_85' title='bbox 218 1976 221 1982; x_wconf 85' lang='lat'><em>.</em></span> <span class='ocrx_word' id='word_1_86' title='bbox 347 1880 501 1955; x_wconf 90' lang='lat' dir='ltr'>Domini</span> <span class='ocrx_word' id='word_1_87' title='bbox 516 1894 555 1954; x_wconf 87' lang='lat' dir='ltr'>u⁰</span> <span class='ocrx_word' id='word_1_88' title='bbox 568 1894 648 1956; x_wconf 84' lang='lat' dir='ltr'>occ⁰</span> <span class='ocrx_word' id='word_1_89' title='bbox 662 1907 780 1967; x_wconf 93' lang='lat' dir='ltr'>nono,</span> <span class='ocrx_word' id='word_1_90' title='bbox 803 1905 842 1955; x_wconf 90' lang='lat'>111</span> <span class='ocrx_word' id='word_1_91' title='bbox 862 1906 979 1956; x_wconf 90' lang='lat' dir='ltr'>nonas</span> <span class='ocrx_word' id='word_1_92' title='bbox 993 1879 1098 1966; x_wconf 90' lang='lat' dir='ltr'>maii,</span> <span class='ocrx_word' id='word_1_93' title='bbox 1120 1877 1325 1955; x_wconf 87' lang='lat' dir='ltr'>indictione</span> <span class='ocrx_word' id='word_1_94' title='bbox 1340 1876 1513 1983; x_wconf 89' lang='lat' dir='ltr'>septima,</span> <span class='ocrx_word' id='word_1_95' title='bbox 1535 1877 1772 1984; x_wconf 86' lang='lat' dir='ltr'>pontificatus</span> 
     </span>
    </p>
   </div>
   <div class='ocr_carea' id='block_1_4' title="bbox 342 2008 1771 4201">
    <p class='ocr_par' dir='ltr' id='par_1_4' title="bbox 346 2008 1771 2636">
     <span class='ocr_line' id='line_1_12' title="bbox 347 2008 1771 2116; baseline 0.004 -33"><span class='ocrx_word' id='word_1_96' title='bbox 347 2009 477 2114; x_wconf 83' lang='lat' dir='ltr'>prelati</span> <span class='ocrx_word' id='word_1_97' title='bbox 497 2009 715 2086; x_wconf 87' lang='lat' dir='ltr'>sanctissimi</span> <span class='ocrx_word' id='word_1_98' title='bbox 740 2009 853 2114; x_wconf 87' lang='lat' dir='ltr'>patris</span> <span class='ocrx_word' id='word_1_99' title='bbox 878 2008 1021 2086; x_wconf 90' lang='lat' dir='ltr'>domini</span> <span class='ocrx_word' id='word_1_100' title='bbox 1042 2008 1246 2086; x_wconf 89' lang='lat' dir='ltr'>Clementis</span> <span class='ocrx_word' id='word_1_101' title='bbox 1273 2008 1395 2085; x_wconf 88' lang='lat' dir='ltr'>divina</span> <span class='ocrx_word' id='word_1_102' title='bbox 1420 2008 1657 2114; x_wconf 82' lang='lat' dir='ltr'>providencia</span> <span class='ocrx_word' id='word_1_103' title='bbox 1677 2038 1771 2116; x_wconf 86' lang='lat' dir='ltr'>pape</span> 
     </span>
     <span class='ocr_line' id='line_1_13' title="bbox 347 2131 1771 2245; baseline 0.002 -31"><span class='ocrx_word' id='word_1_104' title='bbox 347 2139 470 2244; x_wconf 88' lang='lat' dir='ltr'>quinti</span> <span class='ocrx_word' id='word_1_105' title='bbox 491 2167 586 2217; x_wconf 89' lang='lat' dir='ltr'>anno</span> <span class='ocrx_word' id='word_1_106' title='bbox 607 2157 754 2245; x_wconf 67' lang='lat' dir='ltr'>quarto,</span> <span class='ocrx_word' id='word_1_107' title='bbox 778 2131 1015 2245; x_wconf 86' lang='lat' dir='ltr'>presentibus</span> <span class='ocrx_word' id='word_1_108' title='bbox 1040 2139 1242 2216; x_wconf 88' lang='lat' dir='ltr'>venerabili</span> <span class='ocrx_word' id='word_1_109' title='bbox 1266 2139 1433 2216; x_wconf 89' lang='lat' dir='ltr'>Fulcone</span> <span class='ocrx_word' id='word_1_110' title='bbox 1457 2139 1573 2216; x_wconf 79' lang='lat' dir='ltr'>Ralati</span> <span class='ocrx_word' id='word_1_111' title='bbox 1592 2142 1771 2218; x_wconf 89' lang='lat' dir='ltr'>canonico</span> 
     </span>
     <span class='ocr_line' id='line_1_14' title="bbox 348 2269 1765 2375; baseline 0 -29"><span class='ocrx_word' id='word_1_112' title='bbox 348 2269 660 2359; x_wconf 86' lang='lat' dir='ltr'>Clarornontensi,</span> <span class='ocrx_word' id='word_1_113' title='bbox 681 2288 718 2346; x_wconf 92' lang='lat' dir='ltr'>et</span> <span class='ocrx_word' id='word_1_114' title='bbox 737 2270 905 2346; x_wconf 92' lang='lat' dir='ltr'>discretis</span> <span class='ocrx_word' id='word_1_115' title='bbox 920 2271 1006 2348; x_wconf 90' lang='lat' dir='ltr'>viris</span> <span class='ocrx_word' id='word_1_116' title='bbox 1022 2270 1186 2346; x_wconf 90' lang='lat' dir='ltr'>dominis</span> <span class='ocrx_word' id='word_1_117' title='bbox 1200 2271 1238 2345; x_wconf 91' lang='lat' dir='ltr'>P.</span> <span class='ocrx_word' id='word_1_118' title='bbox 1262 2269 1308 2345; x_wconf 90' lang='lat' dir='ltr'>de</span> <span class='ocrx_word' id='word_1_119' title='bbox 1326 2269 1520 2348; x_wconf 89' lang='lat' dir='ltr'>Chadalen</span> <span class='ocrx_word' id='word_1_120' title='bbox 1537 2270 1585 2345; x_wconf 92' lang='lat' dir='ltr'>de</span> <span class='ocrx_word' id='word_1_121' title='bbox 1602 2269 1765 2375; x_wconf 90' lang='lat' dir='ltr'>Opiano,</span> 
     </span>
     <span class='ocr_line' id='line_1_15' title="bbox 346 2399 1771 2507; baseline 0.001 -31"><span class='ocrx_word' id='word_1_122' title='bbox 346 2429 388 2476; x_wconf 84' lang='lat' dir='ltr'>ac</span> <span class='ocrx_word' id='word_1_123' title='bbox 407 2402 515 2477; x_wconf 87' lang='lat' dir='ltr'>Petro</span> <span class='ocrx_word' id='word_1_124' title='bbox 530 2403 703 2507; x_wconf 91' lang='lat' dir='ltr'>Bongiaci</span> <span class='ocrx_word' id='word_1_125' title='bbox 724 2402 771 2478; x_wconf 91' lang='lat' dir='ltr'>de</span> <span class='ocrx_word' id='word_1_126' title='bbox 788 2400 919 2479; x_wconf 90' lang='lat' dir='ltr'>Vesola</span> <span class='ocrx_word' id='word_1_127' title='bbox 938 2400 1188 2479; x_wconf 87' lang='lat' dir='ltr'>Narbonensis</span> <span class='ocrx_word' id='word_1_128' title='bbox 1203 2400 1378 2488; x_wconf 89' lang='lat' dir='ltr'>diocesis,</span> <span class='ocrx_word' id='word_1_129' title='bbox 1395 2399 1637 2491; x_wconf 86' lang='lat' dir='ltr'>ecclesiarum</span> <span class='ocrx_word' id='word_1_130' title='bbox 1651 2417 1771 2477; x_wconf 90' lang='lat' dir='ltr'>recto·</span> 
     </span>
     <span class='ocr_line' id='line_1_16' title="bbox 346 2530 1516 2636; baseline 0 -30"><span class='ocrx_word' id='word_1_131' title='bbox 346 2532 465 2619; x_wconf 88' lang='lat' dir='ltr'>ribus,</span> <span class='ocrx_word' id='word_1_132' title='bbox 487 2531 645 2610; x_wconf 88' lang='lat' dir='ltr'>testibus</span> <span class='ocrx_word' id='word_1_133' title='bbox 664 2533 712 2608; x_wconf 90' lang='lat' dir='ltr'>ad</span> <span class='ocrx_word' id='word_1_134' title='bbox 734 2533 909 2636; x_wconf 87' lang='lat' dir='ltr'>premissa</span> <span class='ocrx_word' id='word_1_135' title='bbox 929 2532 1067 2608; x_wconf 87' lang='lat' dir='ltr'>vocatis</span> <span class='ocrx_word' id='word_1_136' title='bbox 1086 2530 1296 2634; x_wconf 80' lang='lat' dir='ltr'>specialiter</span> <span class='ocrx_word' id='word_1_137' title='bbox 1315 2546 1352 2606; x_wconf 91' lang='lat' dir='ltr'>et</span> <span class='ocrx_word' id='word_1_138' title='bbox 1369 2530 1516 2635; x_wconf 87' lang='lat' dir='ltr'>rogatis.</span> 
     </span>
    </p>

    <p class='ocr_par' dir='ltr' id='par_1_5' title="bbox 342 2659 1769 4201">
     <span class='ocr_line' id='line_1_17' title="bbox 402 2659 1769 2766; baseline 0 -30"><span class='ocrx_word' id='word_1_139' title='bbox 402 2662 447 2736; x_wconf 87' lang='lat' dir='ltr'>Et</span> <span class='ocrx_word' id='word_1_140' title='bbox 468 2689 537 2766; x_wconf 89' lang='lat' dir='ltr'>ego</span> <span class='ocrx_word' id='word_1_141' title='bbox 552 2660 779 2738; x_wconf 90' lang='lat' dir='ltr'>Guillelmus</span> <span class='ocrx_word' id='word_1_142' title='bbox 799 2659 985 2765; x_wconf 90' lang='lat' dir='ltr'>Radulphi</span> <span class='ocrx_word' id='word_1_143' title='bbox 1008 2660 1055 2736; x_wconf 91' lang='lat' dir='ltr'>de</span> <span class='ocrx_word' id='word_1_144' title='bbox 1079 2662 1213 2737; x_wconf 87' lang='lat' dir='ltr'>Sancto</span> <span class='ocrx_word' id='word_1_145' title='bbox 1234 2659 1345 2736; x_wconf 91' lang='lat' dir='ltr'>Floro</span> <span class='ocrx_word' id='word_1_146' title='bbox 1368 2659 1769 2738; x_wconf 88' lang='lat' dir='ltr'>Claromontensisdio-</span> 
     </span>
     <span class='ocr_line' id='line_1_18' title="bbox 346 2789 1768 2894; baseline 0.001 -28"><span class='ocrx_word' id='word_1_147' title='bbox 346 2793 438 2868; x_wconf 89' lang='lat' dir='ltr'>cesis</span> <span class='ocrx_word' id='word_1_148' title='bbox 459 2792 629 2882; x_wconf 89' lang='lat' dir='ltr'>clericus,</span> <span class='ocrx_word' id='word_1_149' title='bbox 652 2809 879 2869; x_wconf 88' lang='lat' dir='ltr'>sacrosancte</span> <span class='ocrx_word' id='word_1_150' title='bbox 898 2793 1066 2868; x_wconf 86' lang='lat' dir='ltr'>Romane</span> <span class='ocrx_word' id='word_1_151' title='bbox 1087 2790 1249 2867; x_wconf 88' lang='lat' dir='ltr'>Ecclesie</span> <span class='ocrx_word' id='word_1_152' title='bbox 1270 2789 1444 2894; x_wconf 90' lang='lat' dir='ltr'>publicus</span> <span class='ocrx_word' id='word_1_153' title='bbox 1464 2791 1683 2867; x_wconf 81' lang='lat' dir='ltr'>auctoritate</span> <span class='ocrx_word' id='word_1_154' title='bbox 1702 2819 1768 2868; x_wconf 92' lang='lat' dir='ltr'>no-</span> 
     </span>
     <span class='ocr_line' id='line_1_19' title="bbox 344 2919 1768 3028; baseline 0.002 -34"><span class='ocrx_word' id='word_1_155' title='bbox 344 2922 481 3011; x_wconf 90' lang='lat' dir='ltr'>tarius,</span> <span class='ocrx_word' id='word_1_156' title='bbox 503 2924 568 3028; x_wconf 91' lang='lat' dir='ltr'>qui</span> <span class='ocrx_word' id='word_1_157' title='bbox 586 2922 726 2999; x_wconf 88' lang='lat' dir='ltr'>litteras</span> <span class='ocrx_word' id='word_1_158' title='bbox 746 2920 966 3026; x_wconf 87' lang='lat' dir='ltr'>apostolicas</span> <span class='ocrx_word' id='word_1_159' title='bbox 987 2937 1024 2996; x_wconf 91' lang='lat' dir='ltr'>et</span> <span class='ocrx_word' id='word_1_160' title='bbox 1041 2920 1214 2996; x_wconf 90' lang='lat' dir='ltr'>articulos</span> <span class='ocrx_word' id='word_1_161' title='bbox 1236 2919 1468 3025; x_wconf 86' lang='lat' dir='ltr'>supradictos</span> <span class='ocrx_word' id='word_1_162' title='bbox 1489 2921 1580 3008; x_wconf 93' lang='lat' dir='ltr'>vidi,</span> <span class='ocrx_word' id='word_1_163' title='bbox 1607 2922 1711 2997; x_wconf 89' lang='lat' dir='ltr'>tenui</span> <span class='ocrx_word' id='word_1_164' title='bbox 1732 2939 1768 2998; x_wconf 93' lang='lat' dir='ltr'>et</span> 
     </span>
     <span class='ocr_line' id='line_1_20' title="bbox 343 3050 1768 3157; baseline 0.001 -31"><span class='ocrx_word' id='word_1_165' title='bbox 343 3052 502 3157; x_wconf 79' lang='lat' dir='ltr'>palpavi,</span> <span class='ocrx_word' id='word_1_166' title='bbox 520 3052 658 3128; x_wconf 84' lang='lat' dir='ltr'>nullam</span> <span class='ocrx_word' id='word_1_167' title='bbox 674 3053 711 3127; x_wconf 93' lang='lat' dir='ltr'>in</span> <span class='ocrx_word' id='word_1_168' title='bbox 727 3080 766 3127; x_wconf 91' lang='lat' dir='ltr'>se</span> <span class='ocrx_word' id='word_1_169' title='bbox 786 3052 1055 3156; x_wconf 90' lang='lat' dir='ltr'>suspicionem,</span> <span class='ocrx_word' id='word_1_170' title='bbox 1073 3069 1116 3128; x_wconf 91' lang='lat' dir='ltr'>ut</span> <span class='ocrx_word' id='word_1_171' title='bbox 1134 3050 1374 3156; x_wconf 84' lang='lat' dir='ltr'>premittitur,</span> <span class='ocrx_word' id='word_1_172' title='bbox 1396 3051 1642 3140; x_wconf 90' lang='lat' dir='ltr'>continentes,</span> <span class='ocrx_word' id='word_1_173' title='bbox 1659 3068 1768 3128; x_wconf 89' lang='lat' dir='ltr'>teno-</span> 
     </span>
     <span class='ocr_line' id='line_1_21' title="bbox 345 3180 1768 3289; baseline 0 -30"><span class='ocrx_word' id='word_1_174' title='bbox 345 3212 422 3259; x_wconf 90' lang='lat' dir='ltr'>rem</span> <span class='ocrx_word' id='word_1_175' title='bbox 436 3211 567 3259; x_wconf 90' lang='lat' dir='ltr'>eorum</span> <span class='ocrx_word' id='word_1_176' title='bbox 582 3183 643 3259; x_wconf 93' lang='lat' dir='ltr'>hic</span> <span class='ocrx_word' id='word_1_177' title='bbox 656 3183 703 3258; x_wconf 93' lang='lat' dir='ltr'>de</span> <span class='ocrx_word' id='word_1_178' title='bbox 723 3184 837 3259; x_wconf 88' lang='lat' dir='ltr'>verbo</span> <span class='ocrx_word' id='word_1_179' title='bbox 853 3183 901 3258; x_wconf 89' lang='lat' dir='ltr'>ad</span> <span class='ocrx_word' id='word_1_180' title='bbox 918 3183 1073 3260; x_wconf 90' lang='lat' dir='ltr'>verbum</span> <span class='ocrx_word' id='word_1_181' title='bbox 1092 3182 1253 3258; x_wconf 88' lang='lat' dir='ltr'>fideliter</span> <span class='ocrx_word' id='word_1_182' title='bbox 1272 3180 1341 3256; x_wconf 84' lang='lat' dir='ltr'>feci</span> <span class='ocrx_word' id='word_1_183' title='bbox 1362 3181 1491 3270; x_wconf 88' lang='lat' dir='ltr'>scribi,</span> <span class='ocrx_word' id='word_1_184' title='bbox 1511 3211 1552 3259; x_wconf 91' lang='lat' dir='ltr'>ac</span> <span class='ocrx_word' id='word_1_185' title='bbox 1571 3182 1619 3257; x_wconf 89' lang='lat' dir='ltr'>de</span> <span class='ocrx_word' id='word_1_186' title='bbox 1638 3181 1768 3289; x_wconf 85' lang='lat' dir='ltr'>hujus-</span> 
     </span>
     <span class='ocr_line' id='line_1_22' title="bbox 345 3312 1765 3418; baseline 0 -31"><span class='ocrx_word' id='word_1_187' title='bbox 345 3313 447 3390; x_wconf 89' lang='lat' dir='ltr'>modi</span> <span class='ocrx_word' id='word_1_188' title='bbox 469 3331 619 3418; x_wconf 91' lang='lat' dir='ltr'>sumpto</span> <span class='ocrx_word' id='word_1_189' title='bbox 640 3313 810 3417; x_wconf 83' lang='lat' dir='ltr'>exemplo</span> <span class='ocrx_word' id='word_1_190' title='bbox 830 3313 1034 3390; x_wconf 90' lang='lat' dir='ltr'>litterarum</span> <span class='ocrx_word' id='word_1_191' title='bbox 1065 3331 1103 3389; x_wconf 87' lang='lat' dir='ltr'>et</span> <span class='ocrx_word' id='word_1_192' title='bbox 1125 3312 1365 3389; x_wconf 87' lang='lat' dir='ltr'>articulorum</span> <span class='ocrx_word' id='word_1_193' title='bbox 1385 3313 1658 3417; x_wconf 88' lang='lat' dir='ltr'>predictorum,</span> <span class='ocrx_word' id='word_1_194' title='bbox 1682 3341 1765 3388; x_wconf 91' lang='lat' dir='ltr'>cum</span> 
     </span>
     <span class='ocr_line' id='line_1_23' title="bbox 345 3441 1766 3549; baseline 0 -33"><span class='ocrx_word' id='word_1_195' title='bbox 345 3444 433 3545; x_wconf 90' lang='lat' dir='ltr'>ipsis</span> <span class='ocrx_word' id='word_1_196' title='bbox 449 3443 691 3547; x_wconf 90' lang='lat' dir='ltr'>originalibus</span> <span class='ocrx_word' id='word_1_197' title='bbox 700 3443 832 3519; x_wconf 90' lang='lat' dir='ltr'>litteris</span> <span class='ocrx_word' id='word_1_198' title='bbox 843 3460 881 3518; x_wconf 87' lang='lat' dir='ltr'>et</span> <span class='ocrx_word' id='word_1_199' title='bbox 894 3443 1056 3520; x_wconf 89' lang='lat' dir='ltr'>articulis</span> <span class='ocrx_word' id='word_1_200' title='bbox 1067 3443 1285 3549; x_wconf 83' lang='lat' dir='ltr'>diligentem</span> <span class='ocrx_word' id='word_1_201' title='bbox 1301 3471 1342 3518; x_wconf 91' lang='lat' dir='ltr'>ac</span> <span class='ocrx_word' id='word_1_202' title='bbox 1356 3441 1508 3519; x_wconf 86' lang='lat' dir='ltr'>fidelem</span> <span class='ocrx_word' id='word_1_203' title='bbox 1522 3442 1766 3519; x_wconf 85' lang='lat' dir='ltr'>collacionem</span> 
     </span>
     <span class='ocr_line' id='line_1_24' title="bbox 344 3570 1764 3679; baseline 0.001 -32"><span class='ocrx_word' id='word_1_204' title='bbox 344 3571 429 3660; x_wconf 77' lang='lat' dir='ltr'>feci3</span> <span class='ocrx_word' id='word_1_205' title='bbox 453 3588 490 3647; x_wconf 91' lang='lat' dir='ltr'>et</span> <span class='ocrx_word' id='word_1_206' title='bbox 514 3573 600 3678; x_wconf 91' lang='lat' dir='ltr'>quia</span> <span class='ocrx_word' id='word_1_207' title='bbox 626 3571 722 3648; x_wconf 92' lang='lat' dir='ltr'>illud</span> <span class='ocrx_word' id='word_1_208' title='bbox 742 3601 827 3648; x_wconf 88' lang='lat' dir='ltr'>curn</span> <span class='ocrx_word' id='word_1_209' title='bbox 847 3573 1017 3679; x_wconf 87' lang='lat' dir='ltr'>originali</span> <span class='ocrx_word' id='word_1_210' title='bbox 1039 3573 1279 3660; x_wconf 89' lang='lat' dir='ltr'>concordare,</span> <span class='ocrx_word' id='word_1_211' title='bbox 1303 3571 1357 3646; x_wconf 95' lang='lat' dir='ltr'>nil</span> <span class='ocrx_word' id='word_1_212' title='bbox 1377 3570 1504 3648; x_wconf 93' lang='lat' dir='ltr'>addito</span> <span class='ocrx_word' id='word_1_213' title='bbox 1525 3571 1582 3647; x_wconf 95' lang='lat' dir='ltr'>vel</span> <span class='ocrx_word' id='word_1_214' title='bbox 1598 3571 1764 3649; x_wconf 91' lang='lat' dir='ltr'>detracto</span> 
     </span>
     <span class='ocr_line' id='line_1_25' title="bbox 344 3702 1763 3808; baseline 0 -30"><span class='ocrx_word' id='word_1_215' title='bbox 344 3703 448 3808; x_wconf 93' lang='lat' dir='ltr'>quod</span> <span class='ocrx_word' id='word_1_216' title='bbox 458 3704 682 3780; x_wconf 88' lang='lat' dir='ltr'>sentenciam</span> <span class='ocrx_word' id='word_1_217' title='bbox 693 3719 853 3779; x_wconf 86' lang='lat' dir='ltr'>mutaret</span> <span class='ocrx_word' id='word_1_218' title='bbox 865 3703 922 3779; x_wconf 88' lang='lat' dir='ltr'>vel</span> <span class='ocrx_word' id='word_1_219' title='bbox 932 3704 1177 3792; x_wconf 92' lang='lat' dir='ltr'>intellectum,</span> <span class='ocrx_word' id='word_1_220' title='bbox 1193 3703 1328 3789; x_wconf 87' lang='lat' dir='ltr'>inveni,</span> <span class='ocrx_word' id='word_1_221' title='bbox 1340 3731 1401 3777; x_wconf 89' lang='lat' dir='ltr'>me</span> <span class='ocrx_word' id='word_1_222' title='bbox 1413 3702 1536 3779; x_wconf 90' lang='lat' dir='ltr'>eidem</span> <span class='ocrx_word' id='word_1_223' title='bbox 1551 3702 1763 3807; x_wconf 87' lang='lat' dir='ltr'>subscripsi,</span> 
     </span>
     <span class='ocr_line' id='line_1_26' title="bbox 344 3831 1764 3940; baseline 0 -32"><span class='ocrx_word' id='word_1_224' title='bbox 344 3852 381 3909; x_wconf 90' lang='lat' dir='ltr'>et</span> <span class='ocrx_word' id='word_1_225' title='bbox 395 3836 543 3937; x_wconf 89' lang='lat' dir='ltr'>signum</span> <span class='ocrx_word' id='word_1_226' title='bbox 559 3862 685 3910; x_wconf 91' lang='lat' dir='ltr'>meum</span> <span class='ocrx_word' id='word_1_227' title='bbox 701 3834 854 3940; x_wconf 87' lang='lat' dir='ltr'>apposui</span> <span class='ocrx_word' id='word_1_228' title='bbox 870 3851 1108 3922; x_wconf 90' lang='lat' dir='ltr'>consuetum,</span> <span class='ocrx_word' id='word_1_229' title='bbox 1131 3862 1203 3909; x_wconf 89' lang='lat' dir='ltr'>una</span> <span class='ocrx_word' id='word_1_230' title='bbox 1224 3861 1311 3909; x_wconf 89' lang='lat' dir='ltr'>curn</span> <span class='ocrx_word' id='word_1_231' title='bbox 1331 3832 1454 3938; x_wconf 89' lang='lat' dir='ltr'>sigillo</span> <span class='ocrx_word' id='word_1_232' title='bbox 1469 3831 1601 3936; x_wconf 85' lang='lat' dir='ltr'>prelati</span> <span class='ocrx_word' id='word_1_233' title='bbox 1620 3833 1764 3909; x_wconf 89' lang='lat' dir='ltr'>domini</span> 
     </span>
     <span class='ocr_line' id='line_1_27' title="bbox 343 3962 1763 4071; baseline 0.001 -32"><span class='ocrx_word' id='word_1_234' title='bbox 343 3965 608 4071; x_wconf 88' lang='lat' dir='ltr'>archiepiscopi</span> <span class='ocrx_word' id='word_1_235' title='bbox 623 3964 887 4052; x_wconf 90' lang='lat' dir='ltr'>Narbonensis,</span> <span class='ocrx_word' id='word_1_236' title='bbox 901 3982 937 4040; x_wconf 90' lang='lat' dir='ltr'>et</span> <span class='ocrx_word' id='word_1_237' title='bbox 951 3967 999 4041; x_wconf 91' lang='lat' dir='ltr'>ad</span> <span class='ocrx_word' id='word_1_238' title='bbox 1012 3981 1223 4070; x_wconf 88' lang='lat' dir='ltr'>requestam</span> <span class='ocrx_word' id='word_1_239' title='bbox 1239 3965 1356 4069; x_wconf 90' lang='lat' dir='ltr'>ipsius</span> <span class='ocrx_word' id='word_1_240' title='bbox 1371 3962 1505 4039; x_wconf 89' lang='lat' dir='ltr'>adhoc</span> <span class='ocrx_word' id='word_1_241' title='bbox 1521 3979 1669 4040; x_wconf 89' lang='lat' dir='ltr'>vocatus</span> <span class='ocrx_word' id='word_1_242' title='bbox 1680 3992 1763 4066; x_wconf 89' lang='lat' dir='ltr'>spe-</span> 
     </span>
     <span class='ocr_line' id='line_1_28' title="bbox 342 4095 870 4201; baseline 0.008 -32"><span class='ocrx_word' id='word_1_243' title='bbox 342 4095 482 4172; x_wconf 88' lang='lat' dir='ltr'>cialiter</span> <span class='ocrx_word' id='word_1_244' title='bbox 502 4115 538 4172; x_wconf 82' lang='lat' dir='ltr'>et</span> <span class='ocrx_word' id='word_1_245' title='bbox 554 4113 714 4201; x_wconf 90' lang='lat' dir='ltr'>rogatus.</span> <span class='ocrx_word' id='word_1_246' title='bbox 738 4097 795 4198; x_wconf 79' lang='lat' dir='ltr'>(L.</span> <span class='ocrx_word' id='word_1_247' title='bbox 817 4096 870 4197; x_wconf 88' lang='lat' dir='ltr'>S.)</span> 
     </span>
    </p>
   </div>
   <div class='ocr_carea' id='block_1_5' title="bbox 340 4357 1765 4855">
    <p class='ocr_par' dir='ltr' id='par_1_6' title="bbox 340 4357 1765 4855">
     <span class='ocr_line' id='line_1_29' title="bbox 398 4357 1762 4463; baseline -0.002 -27"><span class='ocrx_word' id='word_1_248' title='bbox 398 4360 538 4436; x_wconf 88' lang='lat' dir='ltr'>Verum</span> <span class='ocrx_word' id='word_1_249' title='bbox 557 4387 642 4433; x_wconf 91' lang='lat' dir='ltr'>cum</span> <span class='ocrx_word' id='word_1_250' title='bbox 663 4358 876 4434; x_wconf 86' lang='lat' dir='ltr'>execucioni</span> <span class='ocrx_word' id='word_1_251' title='bbox 898 4376 1160 4434; x_wconf 91' lang='lat' dir='ltr'>contentorum</span> <span class='ocrx_word' id='word_1_252' title='bbox 1178 4359 1216 4434; x_wconf 92' lang='lat' dir='ltr'>in</span> <span class='ocrx_word' id='word_1_253' title='bbox 1240 4359 1330 4462; x_wconf 87' lang='lat' dir='ltr'>ipsis</span> <span class='ocrx_word' id='word_1_254' title='bbox 1349 4357 1484 4435; x_wconf 90' lang='lat' dir='ltr'>litteris</span> <span class='ocrx_word' id='word_1_255' title='bbox 1504 4386 1623 4463; x_wconf 87' lang='lat' dir='ltr'>usque</span> <span class='ocrx_word' id='word_1_256' title='bbox 1648 4385 1762 4442; x_wconf 88' lang='lat' dir='ltr'>nunc,</span> 
     </span>
     <span class='ocr_line' id='line_1_30' title="bbox 343 4485 1764 4594; baseline -0.001 -33"><span class='ocrx_word' id='word_1_257' title='bbox 343 4487 557 4565; x_wconf 87' lang='lat' dir='ltr'>infirmitate</span> <span class='ocrx_word' id='word_1_258' title='bbox 577 4490 694 4565; x_wconf 91' lang='lat' dir='ltr'>nostri</span> <span class='ocrx_word' id='word_1_259' title='bbox 712 4489 877 4594; x_wconf 88' lang='lat' dir='ltr'>corporis</span> <span class='ocrx_word' id='word_1_260' title='bbox 895 4488 1098 4593; x_wconf 90' lang='lat' dir='ltr'>prepediti,</span> <span class='ocrx_word' id='word_1_261' title='bbox 1123 4489 1318 4565; x_wconf 89' lang='lat' dir='ltr'>intendere</span> <span class='ocrx_word' id='word_1_262' title='bbox 1339 4489 1620 4594; x_wconf 89' lang='lat' dir='ltr'>nequiverimus</span> <span class='ocrx_word' id='word_1_263' title='bbox 1641 4505 1683 4562; x_wconf 93' lang='lat' dir='ltr'>ut</span> <span class='ocrx_word' id='word_1_264' title='bbox 1701 4485 1764 4560; x_wconf 89' lang='lat' dir='ltr'>de-</span> 
     </span>
     <span class='ocr_line' id='line_1_31' title="bbox 342 4617 1765 4725; baseline -0.001 -32"><span class='ocrx_word' id='word_1_265' title='bbox 342 4617 464 4707; x_wconf 88' lang='lat' dir='ltr'>cebat,</span> <span class='ocrx_word' id='word_1_266' title='bbox 490 4648 589 4696; x_wconf 90' lang='lat' dir='ltr'>nunc</span> <span class='ocrx_word' id='word_1_267' title='bbox 609 4648 695 4696; x_wconf 92' lang='lat' dir='ltr'>vero</span> <span class='ocrx_word' id='word_1_268' title='bbox 716 4621 871 4697; x_wconf 90' lang='lat' dir='ltr'>sanitate</span> <span class='ocrx_word' id='word_1_269' title='bbox 895 4637 1099 4724; x_wconf 90' lang='lat' dir='ltr'>resumpta,</span> <span class='ocrx_word' id='word_1_270' title='bbox 1124 4619 1209 4696; x_wconf 92' lang='lat' dir='ltr'>licet</span> <span class='ocrx_word' id='word_1_271' title='bbox 1231 4647 1308 4696; x_wconf 92' lang='lat' dir='ltr'>non</span> <span class='ocrx_word' id='word_1_272' title='bbox 1333 4619 1458 4725; x_wconf 90' lang='lat' dir='ltr'>plena,</span> <span class='ocrx_word' id='word_1_273' title='bbox 1481 4618 1663 4707; x_wconf 89' lang='lat' dir='ltr'>volentes,</span> <span class='ocrx_word' id='word_1_274' title='bbox 1685 4633 1765 4691; x_wconf 88' lang='lat' dir='ltr'>tan·</span> 
     </span>
     <span class='ocr_line' id='line_1_32' title="bbox 340 4746 1761 4855; baseline -0.002 -30"><span class='ocrx_word' id='word_1_275' title='bbox 340 4778 453 4855; x_wconf 92' lang='lat' dir='ltr'>quam</span> <span class='ocrx_word' id='word_1_276' title='bbox 475 4750 543 4826; x_wconf 86' lang='lat' dir='ltr'>filii</span> <span class='ocrx_word' id='word_1_277' title='bbox 564 4750 798 4839; x_wconf 88' lang='lat' dir='ltr'>obediencie,</span> <span class='ocrx_word' id='word_1_278' title='bbox 821 4767 994 4827; x_wconf 90' lang='lat' dir='ltr'>contenta</span> <span class='ocrx_word' id='word_1_279' title='bbox 1010 4751 1048 4825; x_wconf 93' lang='lat' dir='ltr'>in</span> <span class='ocrx_word' id='word_1_280' title='bbox 1069 4751 1122 4827; x_wconf 90' lang='lat' dir='ltr'>eis</span> <span class='ocrx_word' id='word_1_281' title='bbox 1142 4749 1356 4827; x_wconf 78' lang='lat' dir='ltr'>execucioni</span> <span class='ocrx_word' id='word_1_282' title='bbox 1372 4748 1500 4825; x_wconf 90' lang='lat' dir='ltr'>debite</span> <span class='ocrx_word' id='word_1_283' title='bbox 1522 4746 1761 4833; x_wconf 89' lang='lat' dir='ltr'>demandare,</span> 
     </span>
    </p>
   </div>
   <div class='ocr_carea' id='block_1_6' title="bbox 341 4875 1762 4988">
    <p class='ocr_par' dir='ltr' id='par_1_7' title="bbox 341 4875 1762 4988">
     <span class='ocr_line' id='line_1_33' title="bbox 341 4875 1762 4988; baseline -0.003 -30"><span class='ocrx_word' id='word_1_284' title='bbox 341 4882 604 4988; x_wconf 87' lang='lat' dir='ltr'>assignavimus</span> <span class='ocrx_word' id='word_1_285' title='bbox 628 4880 728 4958; x_wconf 90' lang='lat' dir='ltr'>diem</span> <span class='ocrx_word' id='word_1_286' title='bbox 749 4881 923 4957; x_wconf 88' lang='lat' dir='ltr'>mercurii</span> <span class='ocrx_word' id='word_1_287' title='bbox 946 4881 1150 4985; x_wconf 82' lang='lat' dir='ltr'>proximam</span> <span class='ocrx_word' id='word_1_288' title='bbox 1171 4909 1243 4986; x_wconf 90' lang='lat' dir='ltr'>qua</span> <span class='ocrx_word' id='word_1_289' title='bbox 1264 4881 1410 4956; x_wconf 92' lang='lat' dir='ltr'>dicetur</span> <span class='ocrx_word' id='word_1_290' title='bbox 1439 4905 1499 4956; x_wconf 76' lang='lat' dir='ltr'>rut</span> <span class='ocrx_word' id='word_1_291' title='bbox 1518 4876 1691 4957; x_wconf 83' lang='lat' dir='ltr'>kalendas</span> <span class='ocrx_word' id='word_1_292' title='bbox 1710 4875 1762 4954; x_wconf 79' lang='lat' dir='ltr'>le-</span> 
     </span>
    </p>
   </div>
   <div class='ocr_carea' id='block_1_7' title="bbox 0 0 2122 5945">
    <p class='ocr_par' dir='ltr' id='par_1_8' title="bbox 0 0 2122 5945">
     <span class='ocr_line' id='line_1_34' title="bbox 0 0 2122 5945; baseline 0 0"><span class='ocrx_word' id='word_1_293' title='bbox 0 0 2122 5945; x_wconf 95' lang='lat' dir='ltr'> </span> 
     </span>
    </p>
   </div>
  </div>
 </body>
</html>
