4236 5948
354 527 423 598 ιιι
736 499 929 593 enoots
956 519 1050 590 nus
1076 502 1379 591 renelmus

349 695 418 742 nec
446 664 765 741 denunciaverunt
791 661 966 737 Ecclesie.
993 660 1035 735 ln
1061 659 1239 736 domibus
1259 657 1405 735 ordinis
1425 657 1464 731 in
1485 654 1625 762 quibus
1649 659 1770 738 extitit

349 811 625 878 commoratus,
656 791 750 867 vidit
772 790 995 868 elemosinas
1020 807 1057 865 et
1077 789 1367 895 hospitalitatem
1395 789 1660 867 convenienter
1686 790 1768 868 [ieri

350 944 386 1002 et
399 925 549 1010 servari,
566 940 602 999 et
622 921 796 1027 capitulio
812 921 923 1012 clam,
941 919 1056 996 nullis
1072 919 1311 1025 presentibus
1326 918 1397 995 nisi
1415 917 1592 996 fratribus
1607 920 1777 1015 ordinis,

348 1056 484 1142 teneri,
503 1054 628 1161 januis
647 1052 794 1139 clausis,
818 1051 1021 1156 aliquando
1042 1051 1089 1126 de
1111 1067 1231 1139 nocte,
1252 1068 1338 1155 post
1356 1049 1602 1137 matutinum,
1624 1078 1770 1131 sermo·

349 1215 396 1262 uc
416 1215 484 1291 per
498 1184 662 1290 aliquem
679 1182 915 1288 religiossum
936 1179 1044 1271 lacto,
1063 1198 1100 1257 et
1120 1178 1323 1287 aliquando
1342 1179 1389 1255 de
1405 1179 1479 1256 die.
1502 1179 1681 1258 Ordinata
1703 1211 1771 1287 per

348 1318 565 1422 Magistrum
588 1343 673 1390 cum
695 1329 880 1388 conventu
903 1328 1081 1389 servasset
1106 1328 1208 1388 totus
1231 1310 1341 1399 ordo,
1371 1326 1498 1388 contra
1524 1339 1638 1415 quem
1667 1340 1769 1391 nunc

346 1446 499 1552 grandia
529 1442 718 1551 scandala,
744 1442 907 1548 suspicio
931 1460 968 1518 et
989 1440 1139 1518 infamia
1163 1457 1251 1517 sunt
1277 1456 1414 1517 exorta.
1441 1439 1560 1547 Cujus
1588 1440 1767 1521 fratribus

347 1576 466 1653 credit
485 1576 588 1681 quod
605 1591 728 1651 esseut
741 1590 830 1651 nota
847 1571 1052 1650 consessata
1068 1601 1136 1678 per
1151 1601 1251 1648 eum.
1271 1572 1317 1647 Et
1336 1570 1476 1647 audivit
1496 1570 1570 1647 dici
1589 1599 1767 1679 magnum

347 1707 567 1813 Magistrum
592 1722 628 1780 et
652 1704 747 1780 alios
770 1702 894 1808 aliqua
919 1701 1032 1778 fuisse
1053 1700 1241 1779 confessos
1262 1719 1389 1778 contra
1411 1700 1553 1777 dictum
1574 1702 1765 1794 ordinem,

347 1837 392 1911 ad
414 1838 521 1944 cujus
537 1834 807 1913 deffensionem
829 1861 868 1909 se
890 1860 965 1909 nou
987 1832 1185 1910 obtulerat.

402 1968 618 2074 Requisitus
631 1967 659 2042 si
676 1966 728 2042 sic
743 1965 968 2068 deposuerat
981 1991 1107 2068 prece,
1123 1977 1316 2068 precepto,
1331 1963 1484 2051 timore,
1495 1992 1640 2057 amore,
1658 1967 1766 2055 odio,

346 2098 402 2173 vel
421 2096 618 2202 temporali
640 2094 799 2173 comodo
834 2093 964 2170 habito
979 2094 1037 2170 vel
1051 2091 1246 2183 habendo,
1263 2093 1457 2198 respondit
1470 2093 1574 2200 quod
1586 2123 1681 2185 uon,
1698 2098 1767 2174 sed

346 2258 414 2333 pro
434 2229 586 2304 veritate
612 2227 788 2313 dicenda,
814 2226 873 2301 cui
899 2222 971 2300 fuit
995 2225 1208 2331 injunctum
1235 2224 1340 2329 quod
1362 2251 1438 2300 nou
1462 2225 1643 2304 revelaret
1671 2228 1767 2306 hanc

347 2388 450 2435 suam
473 2358 770 2464 deposicionem,
794 2383 993 2463 quousque
1014 2355 1271 2432 attestaciones
1290 2353 1431 2431 fuerint
1450 2354 1649 2460 publicato.

403 2489 490 2565 Acta
511 2487 665 2565 luerunt
687 2487 756 2562 bec
775 2486 884 2563 dictis
901 2484 963 2561 die
984 2502 1021 2561 et
1039 2485 1139 2576 loco,
1155 2485 1396 2590 presentibus
1410 2487 1585 2592 magistro
1605 2487 1764 2582 Ambio,

347 2646 407 2692 me
425 2617 679 2694 Floriamonte
698 2614 911 2701 Doudedei,
934 2632 970 2691 et
989 2614 1070 2691 aliis
1087 2615 1241 2692 notariis
1261 2615 1529 2721 supraultimo
1549 2619 1764 2699 nominatis.

401 2880 488 2956 Post
498 2879 585 2966 hec,
601 2877 662 2954 die
678 2877 793 2954 sabati
810 2879 1001 2984 sequenti,
1020 2908 1094 2984 quc
1110 2876 1183 2956 fuit
1198 2905 1238 2956 ιιι
1252 2879 1335 2956 dies
1352 2879 1440 2955 dicti
1458 2881 1597 2956 mensis
1620 2882 1763 2988 aprilis,

345 3009 416 3085 l'uit
437 3009 622 3085 adductus
641 3008 688 3084 ad
713 3009 943 3114 presenciam
975 3009 1197 3085 eorumdem
1225 3009 1468 3086 dominorum
1501 3011 1764 3118 episcoporum

346 3139 575 3215 Mimatensis
608 3155 646 3215 et
674 3138 950 3215 Lemoviceusis
984 3156 1022 3214 et
1056 3138 1306 3216 archidiaconi
1342 3140 1580 3227 Tridentini,
1602 3141 1685 3220 aliis
1705 3171 1767 3219 en·

346 3270 496 3357 cusatis,
527 3269 565 3344 iu
586 3267 702 3344 domo
727 3268 896 3373 predicta
920 3268 1065 3345 domini
1094 3271 1195 3346 Petri
1217 3269 1265 3346 de
1292 3270 1498 3360 Sabaudia,
1528 3272 1642 3350 frater
1673 3275 1767 3351 Ber·

345 3398 485 3475 nardus
511 3397 686 3475 Ademari
707 3397 834 3485 miles,
865 3399 1118 3477 Rutbeueusis
1139 3400 1318 3489 diocesis,
1339 3403 1443 3479 testis
1461 3431 1573 3508 supra
1597 3402 1764 3510 juratus,

345 3547 386 3605 ut
405 3530 611 3634 deponeret
632 3527 775 3604 dictum
804 3556 934 3619 suurn,
961 3520 1307 3637 quinquagenarius
1327 3533 1383 3608 vel
1407 3533 1519 3620 circa,
1542 3535 1767 3615 mantellum

345 3677 382 3734 et
401 3658 554 3735 barbam
590 3657 791 3744 defferens,
814 3688 901 3734 cum
922 3687 999 3766 quo
1024 3661 1247 3767 inquisitum
1267 3660 1405 3754 luerat,
1426 3662 1620 3742 absolutus
1652 3682 1691 3742 et
1709 3695 1769 3744 re·

346 3788 563 3866 conciliatus
594 3815 662 3895 per
691 3788 893 3865 dominum
913 3790 1133 3897 episcopum
1158 3791 1454 3870 Ruthencnsem.
1485 3796 1606 3872 Lectis
1637 3813 1767 3875 autem

345 3937 382 3996 et
402 3918 602 4026 diligenter
622 3919 797 4024 expositis
826 3917 898 3997 sibi
918 3921 1098 4003 omnibus
1124 3939 1161 3999 et
1182 3922 1338 4029 singulis
1368 3925 1550 4014 articulis,
1573 3927 1768 4033 respoudit

343 4080 382 4125 se
404 4050 520 4127 nichil
546 4050 655 4140 scire,
675 4078 745 4127 uec
769 4052 942 4140 credere,
967 4080 1036 4129 nec
1052 4053 1236 4130 audivisse
1267 4053 1339 4130 dici
1368 4056 1414 4132 de
1436 4059 1620 4134 contentis
1640 4059 1680 4135 in
1710 4061 1766 4137 eis

343 4182 412 4256 uisi
433 4180 539 4287 quod
568 4181 749 4287 sequitur.
773 4182 874 4259 Dixit
892 4209 1028 4288 nempe
1051 4211 1091 4260 se
1120 4182 1235 4261 luisse
1263 4203 1456 4291 receptum
1475 4187 1675 4293 incapella
1696 4189 1766 4267 do-

343 4341 428 4388 mus
447 4310 596 4417 Templi
616 4312 663 4387 de
686 4313 781 4388 Vaor
799 4311 987 4391 Albieusis
1013 4314 1189 4400 diocesis,
1216 4315 1312 4393 circa
1343 4317 1485 4394 instans
1512 4317 1650 4403 festum
1669 4320 1768 4398 Pen-

339 4458 498 4519 tecostes
518 4458 630 4519 erunt
649 4442 796 4518 circiter
814 4442 966 4549 triginta
986 4445 1092 4533 anni,
1120 4472 1188 4549 per
1205 4444 1358 4523 fratrem
1382 4449 1536 4526 Petrum
1558 4449 1765 4537 Guaulredi

343 4569 501 4645 militem
522 4572 732 4676 quondam,
752 4590 1010 4679 preceptorem
1030 4591 1122 4650 tuuc
1143 4574 1241 4652 dicte
1263 4576 1415 4667 domus,
1439 4580 1677 4685 presentibus
1688 4580 1767 4660 fre-

341 4698 462 4775 tribus
481 4700 672 4778 Bemardo
695 4702 814 4780 Ysarii
842 4721 880 4780 et
911 4702 1118 4781 Guillelmo
1145 4706 1245 4781 Petri
1273 4707 1473 4795 militibus,
1507 4727 1545 4785 et
1572 4712 1765 4791 Bernardo

339 4828 486 4907 Darbus
508 4832 708 4923 serviente,
734 4833 953 4920 delluuctis,
975 4835 1013 4911 in
1045 4834 1148 4912 hunc
1178 4838 1336 4915 modum
1358 4870 1365 4915 :
1388 4868 1473 4916 nam
1495 4870 1581 4918 cum
1602 4844 1765 4950 requisi·
