4236 5948
679 556 874 648 reeens
902 576 998 648 nus
1026 578 1329 652 tournines.
1671 580 1715 653 tu

291 716 524 824 tempestive,
542 733 698 822 propter
711 719 868 824 negocia
887 721 1142 812 occurrencia,
1161 738 1199 797 et
1214 721 1333 798 credit
1347 720 1452 829 quod
1469 721 1641 798 ordinata
1654 750 1722 829 per

291 848 508 957 Magistrum
521 875 609 924 cum
621 867 807 926 conventu
820 849 979 928 luissent
989 869 1130 929 servata
1141 852 1179 927 in
1195 869 1277 929 toto
1293 852 1445 944 ordine,
1468 869 1592 931 contra
1604 881 1721 961 quem

291 1009 388 1058 nunc
410 979 567 1086 grandia
591 981 785 1069 scandala,
814 984 976 1089 suspicio
1005 1002 1042 1061 et
1067 985 1220 1060 infamia
1248 1003 1336 1060 sunt
1361 1001 1503 1075 exorta,
1531 1002 1569 1060 et
1593 1002 1721 1061 contra

291 1142 401 1219 quem
419 1112 563 1189 audivit
578 1112 652 1189 dici
668 1143 848 1223 magnum
860 1115 1081 1223 Magistrum
1098 1135 1135 1194 et
1148 1117 1242 1195 alios
1255 1118 1381 1224 aliqua
1393 1117 1718 1197 luisseconfessos.
1845 1157 1847 1161 ⁷

343 1244 561 1350 Requisitus
593 1244 625 1321 si
655 1245 708 1322 sic
736 1247 963 1352 deposuerat
991 1278 1125 1356 prece,
1154 1267 1350 1357 precept0,
1381 1251 1537 1338 timore,
1567 1277 1718 1341 amore,

290 1377 390 1465 odio,
406 1376 464 1453 vel
478 1376 642 1454 comodo
655 1379 857 1484 temporali
871 1380 1001 1458 habito
1014 1381 1073 1458 vel
1087 1381 1282 1469 babendo,
1295 1382 1493 1486 respondit
1507 1381 1613 1487 quod
1623 1410 1717 1473 non,
1788 1388 1791 1395 '

288 1509 353 1585 sed
380 1537 449 1615 pro
478 1509 634 1611 veritate
667 1509 850 1599 dicenda;
881 1511 941 1587 cui
970 1510 1042 1587 suit
1068 1513 1283 1618 injunctum
1309 1511 1415 1618 quod
1439 1539 1517 1589 non
1537 1510 1720 1592 revelaret

285 1640 382 1715 banc
401 1666 511 1717 suam
532 1638 817 1743 deposicionem
838 1670 1037 1748 quousque
1059 1643 1325 1720 attestaciones
1342 1642 1486 1719 luerint
1504 1643 1717 1749 publicato:

282 1770 512 1847 deffensioni
533 1769 679 1847 ordinis
698 1798 737 1847 se
759 1798 837 1848 non
858 1772 1062 1849 obtulerat.
1191 1841 1193 1845 ,

342 1901 432 1978 Acta
466 1899 622 1978 fuerunt
651 1902 721 1977 bec
759 1902 820 1979 die
852 1919 890 1978 et
919 1901 1003 1979 loco
1033 1902 1231 2008 predictis,
1267 1905 1508 2010 presentibus
1540 1908 1719 2012 magistro

276 2032 447 2120 Amisio,
478 2060 538 2109 me
565 2031 823 2110 Floriamonte
849 2032 1072 2122 Dondedei‚
1100 2035 1292 2112 Bernardo
1321 2032 1482 2127 Filholi,
1510 2036 1719 2117 Guillelmo

277 2163 495 2269 Radulpbi,
515 2164 708 2242 Bemardo
730 2163 937 2245 Humbaldi
959 2183 997 2246 et
1016 2168 1124 2275 Hugo
1145 2166 1285 2245 Nicolai
1306 2167 1462 2246 notariis
1480 2168 1688 2248 antedictis.

343 2434 552 2523 Posthac,
583 2434 644 2511 die
676 2434 804 2512 Sabati
834 2435 1026 2542 sequenti,
1059 2464 1133 2543 que
1160 2435 1232 2512 fuit
1259 2462 1323 2512 xur
1348 2435 1439 2512 dicti
1461 2435 1601 2513 mensis
1624 2434 1721 2513 Mar-

277 2565 352 2651 cii,
382 2564 455 2641 luit
482 2564 668 2644 adductus
699 2567 746 2643 ad
774 2568 1007 2673 presenciam
1035 2567 1225 2646 dictorum
1254 2567 1498 2645 dominorum
1523 2565 1719 2643 Mimaten-

273 2696 335 2773 sis
356 2713 395 2772 et
420 2697 699 2776 Lemovicensis
719 2699 1002 2806 episcoporum,
1032 2717 1070 2776 et
1090 2699 1344 2777 archidiaconi
1375 2697 1608 2787 Tridentini,
1638 2697 1720 2777 aliis

272 2829 485 2920 excusatis,
518 2830 556 2906 in
588 2830 704 2908 domo
737 2830 905 2936 predicta
939 2830 1099 2908 fratrum
1134 2831 1346 2917 Minorum‚
1383 2828 1498 2905 frater
1534 2827 1721 2906 Robertus

269 2957 319 3037 le
347 2959 502 3039 Verrier
530 2963 696 3039 serviens
727 2963 1042 3067 Rotbomagensis
1073 2961 1250 3051 diocesis,
1279 2961 1387 3036 testis
1417 2987 1530 3065 supra
1552 2959 1718 3065 juratus,

271 3109 328 3169 ut
349 3092 559 3198 deponeret
573 3094 719 3172 dictum
739 3123 869 3182 suum,
892 3121 970 3170 non
992 3092 1181 3171 defferens
1200 3090 1426 3195 mantellum
1447 3089 1607 3177 ordinis,
1631 3090 1720 3195 quia

270 3251 398 3301 suasu
428 3222 644 3328 aliquorum
677 3224 801 3329 ipsum
837 3224 1033 3301 dimiserat
1073 3224 1111 3299 in
1145 3221 1306 3300 concilio
1335 3222 1523 3299 Remensi.
1551 3222 1721 3300 Postmo-

272 3355 380 3432 dum
406 3353 486 3431 radi
515 3353 653 3432 fecerat
680 3355 750 3432 sibi
778 3357 950 3445 barbam,
981 3382 1089 3432 xxxvl
1116 3383 1303 3433 annorum
1329 3354 1389 3431 vel
1419 3354 1529 3441 circa3
1556 3353 1622 3460 qui
1648 3351 1722 3431 suit

267 3500 514 3593 protestatus
549 3487 654 3593 quod
687 3514 765 3564 non
794 3486 959 3563 intendit
989 3486 1167 3562 recedere
1200 3514 1220 3561 a
1253 3485 1496 3590 deposicione
1528 3513 1597 3590 per
1618 3513 1720 3561 ‘eum

267 3618 650 3699 factacoramdieto
672 3618 829 3695 domino
850 3617 1095 3695 Ambianensi
1118 3617 1294 3722 episcopo
1316 3615 1380 3722 qui
1402 3642 1503 3693 nune
1519 3632 1591 3702 est,
1606 3644 1627 3691 a
1643 3644 1720 3723 quo

268 3751 484 3853 absolutus
503 3768 542 3828 et
560 3751 826 3828 reconciliatus
847 3750 1049 3828 exstiterat.
1069 3749 1191 3827 Lectis
1203 3765 1331 3825 autem
1345 3765 1384 3825 et
1399 3747 1601 3854 diligenter
1616 3735 1722 3855 expo

268 3886 367 3962 sitis
396 3883 468 3963 sibi
500 3883 678 3961 omnibus
709 3901 746 3960 et
772 3882 934 3993 'singulis
965 3880 1149 3969 articulis,
1177 3880 1377 3987 respondit
1397 3879 1503 3988 quod
1523 3909 1720 3987 nunquam

265 4016 429 4094 viderat
448 4016 615 4123 aliquem
638 4016 754 4093 aliurn
774 4015 891 4121 recipi
912 4015 951 4089 in
973 4014 1124 4102 ordine,
1144 4041 1215 4090 nec
1231 4012 1454 4090 interfuerat
1471 4039 1606 4089 eorum
1622 4013 1721 4125 capi·

264 4148 377 4226 iulis
404 4148 646 4257 generalibus
670 4177 739 4226 nec
768 4148 850 4225 aliis
880 4148 919 4222 in
950 4145 1090 4254 quibus
1122 4146 1248 4253 aliqua
1277 4161 1419 4222 secreta
1447 4158 1717 4235 tractarentur;

265 4282 388 4357 lande
418 4280 627 4370 nesciebat,
660 4308 730 4357 nec
756 4279 951 4357 audiverat
983 4276 1077 4366 dici,
1108 4306 1178 4354 nee
1206 4275 1385 4354 credebat
1405 4275 1452 4352 de
1473 4273 1659 4352 contentis
1678 4272 1720 4350 in

272 4409 376 4517 ipsis
402 4413 572 4491 articulis
596 4413 667 4491 nisi
693 4413 798 4521 quod
826 4411 1008 4518 sequitur.
1037 4409 1139 4487 Dixit
1166 4438 1302 4516 nempe
1323 4437 1363 4485 se
1383 4408 1497 4486 luisse
1522 4423 1718 4514 receptum

271 4540 326 4618 in
357 4544 499 4653 capella
530 4543 668 4622 domus
697 4543 847 4650 Templi
879 4542 927 4619 de
957 4541 1131 4629 Belvaco‚
1162 4568 1230 4648 per
1260 4539 1414 4617 fratrem
1439 4537 1649 4616 Robertum
1672 4538 1720 4617 de

269 4692 412 4753 sancto
443 4674 670 4753 Pantaleone
701 4691 962 4783 preceptorem
996 4673 1095 4750 dicte
1129 4672 1267 4749 domus
1293 4688 1331 4747 et
1346 4669 1518 4748 baillivie
1549 4670 1596 4746 de
1621 4670 1721 4747 Pon-

278 4807 378 4897 tivo,
403 4809 500 4886 circa
520 4809 664 4887 instans
678 4807 818 4887 festum
833 4807 1093 4914 apostolorum
1109 4805 1209 4881 Petri
1228 4822 1267 4882 et
1279 4804 1387 4880 Pauli
1404 4820 1517 4881 erunt
1533 4819 1617 4880 octo
1631 4800 1720 4877 anni
1755 4884 1784 4911 ,ἦ
1800 4890 1804 4895 ¹

277 4937 346 5014 uel
367 4941 477 5033 circa,
499 4940 742 5048 presentibus
762 4938 941 5017 fratribus
960 4938 1117 5017 Alberto
1132 4936 1364 5045 presbiter0,
1382 4953 1511 5014 curato
1528 4934 1576 5011 de
1592 4933 1720 5010 Some

375 5076 481 5141 rnocbs
504 5098 557 5143 nes
579 5099 748 5142 reuertens.
763 5099 847 5139 -ιι,
1570 5071 1587 5131 6
