4236 5948
344 536 418 611 esa
719 517 916 609 esoces
947 536 1044 608 uss
1075 536 1384 611 rsursmns

342 676 425 765 lite,
447 676 629 770 avunculo
649 676 766 782 ipsius
787 679 909 766 testis,
930 678 994 784 qui
1022 677 1166 785 aufugit
1185 680 1225 754 in
1247 680 1422 784 capcione
1448 676 1624 767 aliomm,
1652 678 1764 762 Petro

342 807 549 915 Grangero,
568 809 678 885 Petro
694 810 741 886 de
754 808 980 886 Castellione
998 808 1263 900 servientibus,
1281 827 1319 886 et
1341 811 1505 916 Symone
1525 807 1573 884 de
1591 805 1765 884 lemvilla

342 939 570 1045 presbitero,
603 938 800 1015 defunctis.
832 939 863 1014 Α
893 966 968 1045 quo
993 956 1185 1045 receptore
1215 941 1330 1045 petita
1355 939 1529 1017 societate
1556 937 1701 1014 ordinis
1730 956 1769 1015 et

343 1097 532 1153 concessa,
562 1068 650 1148 fecit
674 1096 763 1144 eum
789 1097 921 1146 vovere
950 1087 988 1144 et
1007 1070 1134 1175 jurare
1163 1071 1390 1161 castitatem,
1423 1067 1701 1156 obedienciam,
1731 1085 1769 1144 et

343 1199 462 1273 vivere
483 1198 569 1273 sine
579 1199 748 1303 proprio,
772 1216 809 1274 et
823 1227 901 1275 non
915 1198 1079 1275 revelare
1094 1217 1235 1276 secreta
1253 1198 1516 1305 capitoliorum
1532 1225 1602 1279 nec
1614 1194 1679 1274 illa
1692 1223 1768 1300 que

344 1326 559 1403 dicerentur
590 1327 736 1417 eidem;
774 1346 810 1404 et
834 1329 1011 1433 imposito
1037 1328 1107 1405 sibi
1140 1321 1341 1416 mantello,
1373 1345 1544 1433 receptor
1573 1342 1610 1401 et
1636 1353 1770 1403 omnes

344 1473 503 1533 astantes
533 1456 687 1533 fuerunt
715 1486 801 1533 eum
830 1457 986 1535 osculati
1010 1458 1050 1533 in
1075 1488 1156 1550 ore,
1187 1477 1224 1534 et
1251 1460 1330 1565 ipse
1358 1459 1463 1535 testis
1492 1455 1563 1533 fuit
1581 1454 1771 1532 osculatus

345 1586 508 1662 eundem
530 1604 763 1692 receptorem
784 1588 825 1662 in
845 1588 1027 1664 umbilico
1049 1589 1087 1663 in
1110 1618 1219 1665 carne
1238 1589 1350 1666 nuda.
1378 1590 1555 1695 Postque
1573 1586 1682 1663 allata
1702 1614 1771 1692 per

292 1774 303 1798 ,
346 1717 486 1792 dictum
507 1716 757 1820 presbiterum
784 1717 832 1793 de
852 1717 958 1793 altari
982 1721 1144 1823 quadam
1173 1748 1282 1795 cruce
1306 1717 1498 1795 metallina
1529 1718 1568 1792 in
1590 1745 1663 1821 qua
1691 1735 1771 1794 erat

343 1875 477 1954 ymago
491 1845 683 1938 crucifixi,
701 1875 812 1952 supra
830 1847 1023 1952 quoddam
1038 1878 1230 1927 scamnum
1254 1848 1448 1939 collocata,
1461 1848 1583 1925 dictus
1596 1864 1770 1952 receptor

343 1977 457 2082 peciit
477 1977 676 2054 abeodem
698 1994 793 2054 teste
817 1977 846 2053 si
868 1979 1045 2055 credebat
1069 1980 1108 2054 in
1131 1979 1239 2056 illum
1263 1980 1327 2085 qui
1351 1978 1676 2083 representabatur
1701 2005 1770 2082 per

345 2106 482 2182 dietam
504 2108 735 2213 ymaginem
761 2125 798 2183 et
819 2135 863 2183 eo
887 2109 1137 2212 respondente
1160 2111 1264 2215 quod
1291 2111 1358 2197 sic,
1388 2109 1480 2184 dixit
1504 2106 1665 2211 eiquod
1691 2133 1770 2183 non

345 2236 515 2312 crederet
533 2238 572 2313 in
592 2264 696 2326 eum,
714 2256 752 2315 et
769 2239 873 2343 quod
888 2239 1011 2343 ipsum
1027 2240 1244 2346 abnegaret,
1261 2240 1348 2346 quia
1367 2239 1441 2315 hoc
1457 2254 1536 2314 erat
1552 2238 1599 2314 de
1622 2237 1770 2341 punctis
1830 2279 1837 2288 ·

345 2366 443 2442 dicte
458 2365 662 2472 religionis.
684 2369 781 2447 Cum
796 2385 923 2444 autem
946 2369 1024 2473 ipse
1047 2370 1152 2446 testis
1169 2369 1427 2475 refragaretur,
1453 2368 1573 2444 dictus
1598 2381 1770 2469 receptor

345 2495 438 2571 dixit
464 2497 496 2571 ei
525 2499 630 2603 quod
649 2496 852 2605 abnegaret
875 2526 1021 2591 secure,
1055 2500 1144 2605 quia
1168 2500 1381 2604 capellanus
1406 2499 1596 2603 predictus
1624 2513 1771 2602 poterat

345 2655 437 2702 eum
453 2627 661 2715 absolvere,
689 2645 726 2703 et
748 2628 870 2704 dictus
891 2628 1005 2705 frater
1024 2631 1156 2706 Petrus
1181 2631 1228 2707 de
1251 2629 1461 2707 Castalione
1484 2628 1600 2705 suasit
1615 2626 1649 2702 ei
1665 2626 1786 2732 quod

344 2754 481 2833 faceret
490 2758 674 2862 predicta,
688 2772 726 2834 et
739 2775 831 2834 tunc
849 2760 926 2863 ipse
942 2761 1047 2835 testis
1063 2760 1255 2866 abnegavit
1271 2761 1425 2836 lhesum
1443 2786 1525 2846 ore,
1542 2784 1620 2832 non
1638 2755 1768 2843 corde;

345 2887 412 2963 sed
439 2887 487 2963 ad
511 2889 729 2965 mandatum
764 2916 896 2966 eorum
924 2889 1048 2966 noluit
1072 2918 1205 2995 spuere
1232 2918 1341 2995 supra
1368 2889 1503 2965 dictam
1531 2914 1698 2972 crucem,
1728 2902 1771 2961 ut

346 3016 449 3093 dixit.
476 3018 726 3095 Postmodum
745 3019 839 3095 dixit
859 3019 893 3094 ei
915 3019 1037 3096 dictus
1054 3036 1225 3125 receptor
1246 3020 1349 3126 quod
1372 3047 1449 3095 non
1466 3015 1637 3093 crederet
1651 3041 1768 3091 sacra·

345 3148 483 3224 mentis
499 3149 637 3240 altaris,
655 3177 725 3225 nec
738 3166 835 3226 esset
850 3150 889 3225 in
906 3149 989 3227 loeo
1003 3153 1042 3225 in
1055 3179 1132 3256 quo
1147 3149 1282 3256 aliquis
1294 3149 1545 3255 baptizaretur
1560 3145 1618 3222 vel
1632 3122 1793 3221 mulier⁶

342 3279 482 3383 jaceret
493 3278 541 3353 de
554 3279 769 3383 puerperio,
791 3307 860 3354 nee
875 3280 980 3383 quod
995 3278 1146 3356 offerret
1167 3281 1215 3355 ad
1228 3280 1394 3364 missam,
1414 3307 1484 3354 nec
1498 3276 1771 3355 confiterentur

346 3407 416 3481 nisi
439 3407 696 3483 sacerdotibus
719 3406 862 3482 ordinis
887 3433 1032 3483 eorum.
1057 3408 1138 3483 Alia
1161 3407 1289 3483 illicita
1311 3436 1388 3484 non
1411 3406 1544 3482 recolit
1560 3405 1709 3481 affuisse
1731 3405 1770 3479 in

347 3535 444 3611 dicta
457 3547 523 3611 sua
540 3537 759 3642 recepcione
776 3565 844 3612 nee
856 3554 957 3641 post,
981 3538 1138 3615 credens
1151 3538 1256 3643 quod
1272 3537 1403 3614 eadem
1423 3552 1460 3611 et
1476 3563 1553 3612 non
1574 3534 1646 3609 alia
1662 3534 1771 3609 inter·

348 3666 518 3742 venirent
546 3667 798 3744 communiter
822 3683 859 3743 et
882 3667 1025 3772 ubique
1055 3668 1094 3744 in
1119 3668 1402 3773 recepcionibus
1423 3666 1583 3743 aliorum
1613 3663 1769 3740 fratrum

348 3797 491 3874 ordinis
514 3796 573 3874 vel
598 3814 698 3902 post,
729 3797 817 3903 quia
837 3825 905 3903 per
932 3799 1097 3875 eundem
1121 3800 1279 3875 modum
1307 3797 1399 3873 vidit
1423 3798 1462 3871 in
1494 3796 1591 3871 dicta
1614 3795 1767 3899 capella,

348 3945 435 4006 sunt
448 3929 595 4004 circiter
612 3954 646 4006 vr
664 3929 768 4015 anni,
791 3928 905 4034 recipi
926 3926 1078 4006 fratrem
1098 3929 1298 4006 Falconem
1320 3931 1367 4005 de
1389 3927 1484 4005 Milli
1505 3925 1681 4014 militem,
1705 3927 1771 4033 qui

348 4056 491 4168 aufugit
516 4059 756 4163 in'eapcione
787 4059 947 4135 aliorum
968 4060 1329 4168 consanguineorum
1358 4058 1527 4165 ejusdem
1548 4058 1671 4143 testis,
1704 4085 1771 4163 per

347 4187 499 4266 fratrem
513 4190 724 4266 Johannem
747 4190 794 4265 de
810 4191 907 4266 Mars
925 4190 1314 4297 militemqnondam,
1336 4190 1573 4296 presentibus
1595 4188 1771 4265 fratribus

347 4319 507 4397 Arberto
527 4321 574 4396 de
594 4320 980 4426 Villa-superterram
1001 4322 1201 4410 serviente,
1226 4341 1263 4399 et
1283 4322 1442 4401 Arberto
1462 4321 1686 4427 presbitero,
1709 4349 1771 4396 eu-

348 4467 427 4526 rato
448 4450 496 4526 de
524 4451 728 4528 Arenteriis
756 4452 1002 4558 Lingonensis
1035 4453 1214 4544 diocesis,
1252 4473 1289 4530 et
1317 4453 1454 4532 Viardo
1485 4452 1532 4528 de
1561 4450 1595 4526 la
1623 4450 1771 4527 Talaria

348 4599 565 4687 preceptore
586 4583 723 4660 domus
742 4581 893 4687 Templi
915 4583 962 4658 de
983 4583 1019 4659 la
1037 4583 1200 4676 Telaria,
1223 4585 1287 4692 qui
1308 4584 1460 4660 fuerunt
1480 4583 1574 4688 capti
1593 4609 1768 4658 unacum
1852 4581 1853 4585 ’

348 4710 430 4787 aliis
444 4713 683 4818 Templariis,
706 4714 752 4790 de
768 4742 931 4820 quorum
953 4714 1023 4790 vita
1042 4714 1101 4791 vel
1116 4733 1237 4793 morte
1259 4742 1337 4793 non
1356 4714 1469 4791 habet
1485 4714 1765 4817 certitudinem,

348 4840 458 4930 ltem,
488 4843 580 4918 dixit
605 4862 824 4949 preceptum
842 4843 914 4922 sibi
933 4844 1048 4923 fuisse
1072 4876 1141 4952 per
1165 4847 1307 4925 dictum
1333 4863 1566 4950 receptorem
1584 4845 1623 4920 in
1638 4872 1770 4950 recep-
