4236 5948
347 514 417 584 120
735 487 926 582 ruocss
953 507 1047 579 uss
1074 505 1371 578 munimus

342 651 557 738 Parisiensi,
583 648 781 757 respondit
801 677 841 726 se
861 677 937 726 non
960 647 1095 724 vidisse
1119 647 1233 752 recipi
1255 645 1420 752 aliquem
1441 644 1559 722 alium
1575 648 1615 725 in
1632 651 1765 731 ordine

344 809 413 858 nec
434 779 645 857 interfuisse
667 776 839 885 capitulis
861 777 1100 867 eorumdem,
1119 793 1156 853 et
1170 775 1258 852 ideo
1276 803 1314 852 se
1331 776 1491 868 nescire,
1509 805 1579 854 nee
1599 779 1764 872 credere,

345 939 414 986 nec
440 909 623 986 audivisse
655 909 727 986 dici
752 908 799 984 de
829 906 1014 985 contentis
1037 907 1077 982 in
1102 906 1193 1012 ipsis
1220 906 1386 983 articulis
1411 905 1482 982 nisi
1511 908 1616 1013 quod
1644 912 1769 1020 sequi·

344 1056 418 1116 tur.
441 1040 542 1118 Dixit
562 1040 662 1115 enim
679 1066 718 1115 se
733 1037 846 1114 luisse
866 1053 1075 1142 receptum,
1095 1036 1134 1110 in
1153 1034 1306 1112 instanti
1329 1035 1451 1113 media
1465 1037 1769 1145 quadragessimo

346 1197 446 1245 nunc
471 1169 648 1275 preterita
666 1166 819 1244 luerunt
836 1194 873 1244 x1
893 1167 978 1243 anni
999 1164 1057 1241 vel
1087 1165 1198 1253 circa,
1225 1166 1265 1241 in
1289 1163 1431 1271 capella
1456 1164 1594 1244 domus
1616 1169 1768 1276 Templi

347 1299 393 1374 de
409 1297 629 1375 Castellorio
646 1296 902 1374 Noviomensis
917 1295 1092 1383 diocesis,
1116 1324 1183 1401 per
1202 1294 1354 1372 fratrem
1373 1294 1556 1373 Garinum
1572 1298 1767 1403 quondum

346 1427 393 1504 de
417 1426 734 1516 GrandiVillarii,
759 1426 999 1532 presentibus
1021 1424 1198 1503 fratribus
1226 1426 1396 1502 Iohanne
1413 1425 1579 1504 Godardi
1601 1445 1640 1503 et
1658 1429 1769 1506 Petro
1794 1451 1795 1455 ’

346 1557 521 1664 Bergerio
538 1556 795 1644 servientibus,
814 1555 1026 1647 deffunctis,
1044 1557 1083 1632 in
1098 1558 1201 1633 hunc
1216 1557 1374 1633 modum
1394 1587 1402 1630 :
1421 1585 1508 1631 nam
1523 1557 1651 1661 petitis
1665 1557 1771 1636 flexis

347 1687 507 1795 genibus
527 1716 622 1793 pane
643 1704 681 1765 et
700 1715 796 1793 aqua
823 1703 860 1762 et
884 1685 1058 1763 societate
1086 1685 1242 1763 fratrum
1271 1686 1414 1762 ordinis
1441 1702 1479 1761 et
1506 1686 1538 1761 ei
1567 1688 1769 1780 concessis,

350 1816 472 1895 dictus
490 1835 662 1923 receptor
680 1816 769 1894 fecit
788 1845 877 1894 eum
891 1844 1021 1893 vovere
1043 1833 1081 1893 et
1095 1816 1222 1923 jurare
1243 1816 1467 1903 castitatem,
1491 1813 1769 1905 obedienciam,

349 1945 468 2022 vivere
496 1947 575 2023 sine
601 1947 774 2053 proprio,
798 1963 835 2024 et
855 1974 998 2023 servare
1026 1945 1148 2022 bonos
1175 1973 1266 2021 usus
1287 1961 1324 2020 et
1342 1944 1460 2020 bonas
1480 1944 1773 2022 consuetudines

349 2076 413 2180 qui
433 2092 523 2152 tunc
543 2089 648 2152 erant
667 2076 790 2189 etqui
811 2077 1098 2181 imponerentur
1116 2074 1155 2151 in
1176 2075 1329 2164 ordine,
1352 2090 1391 2150 et
1405 2074 1509 2180 quod
1524 2102 1602 2151 non
1618 2076 1775 2155 interes-

351 2223 408 2281 set
427 2206 466 2280 in
485 2205 569 2283 loco
589 2206 629 2281 in
648 2235 725 2312 quo
745 2205 880 2312 aliquis
899 2206 1038 2283 nobilis
1066 2206 1358 2283 exheredaretur
1377 2204 1525 2310 injuste.
1548 2205 1637 2297 Quo
1655 2203 1771 2295 facto,

351 2336 531 2440 imposuit
556 2335 626 2412 sibi
654 2334 895 2424 mantellum,
925 2354 963 2411 et
988 2352 1064 2411 tam
1092 2335 1170 2441 ipse
1197 2351 1371 2439 receptor
1391 2363 1506 2439 quam
1528 2333 1589 2409 alii
1613 2351 1775 2412 astantes

350 2463 505 2541 luerunt
524 2494 613 2542 eum
632 2465 788 2565 osculati
808 2466 847 2541 in
868 2493 945 2542 ore.
962 2464 1111 2559 Quibus
1131 2465 1183 2541 sic
1203 2466 1311 2553 actis,
1335 2465 1423 2541 dicti
1438 2463 1571 2542 fratres
1585 2466 1775 2543 lohannes

351 2594 525 2673 Godandi
547 2615 584 2674 et
602 2598 735 2674 Petrus
753 2596 952 2703 Bergerius
973 2597 1160 2672 duxerunt
1181 2623 1269 2672 eum
1291 2595 1339 2671 ad
1358 2595 1563 2701 quamdam
1583 2596 1776 2701 grangiam

353 2726 451 2801 dicte
472 2726 628 2814 domus,
657 2744 696 2803 et
721 2727 774 2805 ibi
796 2726 919 2804 dictus
940 2727 1130 2834 lohannes
1151 2725 1326 2804 Godandi
1346 2726 1515 2831 precepit
1534 2727 1568 2801 ei
1588 2725 1693 2833 quod
1714 2726 1778 2804 ab·

352 2872 505 2961 negaret
523 2855 667 2947 Deum;
689 2874 727 2933 et
747 2885 833 2934 cum
853 2856 932 2962 ipse
952 2858 1058 2933 testis
1078 2854 1221 2933 diceret
1240 2883 1279 2932 se
1299 2857 1372 2932 hoc
1395 2855 1640 2933 nullomodo
1662 2853 1778 2932 lactu-

355 3013 455 3072 rum,
479 2986 601 3064 dictus
621 2984 810 3063 lohannes
830 2987 1080 3062 comminatus
1100 2984 1172 3062 luit
1192 2986 1226 3062 ei
1247 2986 1352 3091 quod
1368 3012 1456 3062 eum
1472 3002 1632 3091 poneret
1650 2986 1691 3062 in
1709 2985 1777 3063 teli

353 3117 436 3193 loco
453 3116 491 3191 in
507 3144 584 3223 quo
600 3144 678 3193 non
692 3115 837 3193 videret
851 3114 970 3192 solem
988 3143 1112 3223 neque
1133 3115 1278 3205 lunam,
1298 3132 1336 3193 et
1350 3133 1443 3192 tunc
1462 3115 1541 3221 ipse
1556 3116 1676 3204 testis,
1698 3131 1779 3192 stu-

353 3245 520 3351 pefactus
541 3264 579 3322 et
596 3246 733 3323 timore
755 3245 909 3336 ductus,
941 3244 1135 3353 abnegavit
1154 3245 1277 3323 Deum
1300 3273 1365 3322 ore
1385 3275 1462 3323 non
1484 3246 1608 3323 corde.
1627 3245 1779 3324 Deinde

355 3376 522 3481 precepit
542 3377 575 3451 ei
597 3375 720 3451 dictus
744 3375 933 3453 lohannes
954 3376 1058 3481 quod
1086 3393 1237 3481 spueret
1264 3403 1377 3480 super
1403 3376 1604 3482 quamdam
1629 3404 1780 3452 crucem

339 3505 519 3610 ligneam
546 3534 660 3613 quam
687 3506 766 3612 ipse
795 3505 984 3583 lohannes
1008 3506 1161 3583 tenebat
1187 3507 1227 3582 in
1255 3534 1388 3595 manu,
1418 3507 1457 3582 iu
1484 3536 1557 3613 qua
1575 3506 1681 3584 nulla
1702 3524 1781 3585 erat

356 3663 508 3742 ymag03
539 3651 687 3712 etcum
715 3636 793 3741 ipse
820 3636 927 3713 testis
953 3638 1026 3714 hoc
1051 3636 1171 3713 facere
1195 3654 1402 3728 recusaret,
1426 3636 1580 3712 demum
1602 3635 1703 3712 dicto
1722 3639 1786 3714 lo-

359 3766 482 3841 hanne
503 3766 755 3843 comminante
775 3765 846 3843 sibi
869 3766 1066 3871 quodnisi
1087 3768 1160 3843 hoc
1179 3765 1331 3855 laceret,
1353 3783 1513 3872 poneret
1532 3794 1620 3842 eum
1644 3766 1685 3842 iu
1705 3794 1784 3842 car-

359 3922 458 3982 cere,
484 3896 561 4002 ipse
580 3896 687 3973 testis
707 3896 809 4003 spuit
823 3897 928 4002 juxta
949 3896 1087 3972 dictam
1107 3926 1258 3973 crucem
1278 3926 1354 3974 non
1374 3926 1496 4003 supra.
1517 3897 1735 4003 Requisitus
1751 3898 1782 3975 si

359 4023 428 4099 alia
450 4024 579 4101 illicita
597 4023 752 4103 luerunt
770 4043 861 4102 tunc
880 4025 938 4101 vel
953 4043 1037 4134 post
1053 4026 1152 4102 dicta
1166 4027 1235 4102 sibi
1253 4026 1309 4103 vel
1330 4025 1441 4115 lacta,
1464 4026 1659 4132 respondit
1677 4026 1785 4132 quod

360 4184 448 4233 nou.
476 4157 693 4264 Requisitus
716 4157 747 4232 si
767 4156 887 4233 eredit
906 4158 1010 4264 quod
1034 4157 1202 4263 predicta
1224 4157 1357 4235 'illicita
1377 4156 1581 4234 confessata
1599 4184 1669 4262 per
1692 4183 1784 4234 eum

359 4285 416 4361 vel
442 4285 513 4361 alia
537 4286 807 4363 intervenirent
824 4286 863 4361 in
886 4287 1171 4393 recepcionibus
1198 4286 1359 4364 aliorum
1379 4287 1438 4363 vel
1461 4305 1561 4395 post,
1587 4286 1787 4392 respondit

359 4443 398 4492 se
419 4416 562 4493 nescire
583 4414 687 4522 quod
708 4415 834 4493 credat
853 4416 911 4493 vel
933 4417 1128 4494 discredat.
1154 4418 1270 4505 ltem,
1300 4416 1394 4493 dixit
1419 4444 1459 4494 se
1487 4416 1639 4493 credere
1668 4415 1787 4493 eccle-

362 4546 515 4622 siasticis
539 4545 793 4635 sacramentis,
823 4545 980 4624 credens
1006 4548 1112 4654 quod
1131 4548 1193 4624 alii
1213 4547 1345 4626 fratres
1366 4547 1501 4624 eodem
1521 4545 1638 4622 modo
1657 4544 1788 4622 crede·

362 4694 464 4765 rent,
488 4694 525 4754 et
539 4677 645 4784 quod
664 4705 797 4755 eorum
818 4679 1029 4756 sacerdotes
1045 4676 1171 4755 debite
1186 4677 1432 4756 celebrarent.
1453 4676 1595 4755 luravit
1613 4691 1652 4754 et
1667 4674 1787 4752 credit

364 4806 468 4912 quod
493 4806 554 4883 alii
577 4807 748 4912 jurarent
772 4808 946 4887 ordinem
964 4837 1046 4887 non
1074 4810 1190 4899 exire,
1217 4827 1254 4888 et
1273 4810 1402 4890 ,statim
1426 4835 1496 4915 pro
1522 4805 1701 4915 professis
1720 4805 1787 4891 he-
