4236 5948
730 520 926 617 rnocss
952 541 1046 614 nns
1073 541 1370 617 rennuens.
1716 549 1763 621 ss

339 683 542 775 excusatis,
556 681 669 758 frater
682 681 843 760 Garinus
860 681 907 758 de
927 679 1080 759 Corbon
1098 683 1262 759 serviens
1284 683 1497 770 lathomos,
1516 684 1765 791 Lingoneusis

343 814 518 903 diocesis,
536 814 640 889 testis
659 795 770 919 supra
788 811 952 919 juratus,
974 828 1017 888 ut
1032 811 1239 918 deponeret
1254 812 1397 892 dictum
1411 841 1538 903 suum,
1552 832 1629 891 non
1649 815 1764 894 deffe-

343 973 430 1021 rens
441 941 683 1031 mantellum,
703 941 790 1049 quia
808 940 999 1018 dimiserat
1015 940 1138 1047 ipsum
1160 961 1245 1048 post
1258 943 1473 1049 capcionem
1491 973 1613 1034 suam,
1633 963 1669 1022 et
1683 947 1763 1023 radi

343 1076 479 1151 fecerat
494 1073 564 1153 sibi
585 1070 755 1162 barbam,
779 1100 867 1149 cum
883 1099 960 1178 quo
973 1071 1195 1178 inquisitum
1205 1071 1345 1165 fuerat,
1363 1070 1558 1150 absolutus
1578 1091 1615 1152 et
1634 1103 1764 1153 recon-

344 1205 490 1282 ciliatus
506 1201 667 1282 Senonis
687 1230 754 1309 per
769 1202 969 1278 dominum
988 1201 1212 1309 episcopum
1227 1202 1559 1293 Aurelianensem,
1580 1205 1765 1313 quinqua-

342 1336 513 1444 genarius
533 1335 591 1411 vel
609 1334 713 1410 circa.
737 1331 859 1409 Lectis
879 1347 1005 1408 autem
1022 1349 1060 1408 et
1074 1330 1277 1441 diligenter
1295 1333 1469 1439 expositis
1491 1334 1562 1411 sibi
1587 1336 1763 1414 omnibus

345 1484 379 1543 et
389 1465 546 1576 singulis
561 1464 742 1553 articulis,
755 1462 949 1568 respondit
960 1463 1066 1568 quod
1076 1462 1225 1539 nullum
1240 1463 1357 1540 alium
1367 1464 1510 1542 viderat
1519 1466 1634 1571 recipi
1650 1467 1689 1542 in
1704 1496 1763 1545 or·

344 1597 447 1687 dine,
466 1625 536 1673 nec
555 1592 774 1671 interfuerat
791 1591 959 1699 capitulis
975 1620 1124 1681 eorum,
1144 1592 1246 1670 unde
1262 1593 1465 1687 nesciebat,
1480 1624 1551 1673 nec
1564 1596 1760 1686 credebat,

343 1756 411 1805 nec
426 1727 617 1805 audiverat
637 1724 712 1836 dici
735 1722 783 1799 de
804 1723 988 1800 contentis
1007 1724 1046 1799 in
1070 1723 1160 1831 ipsis
1178 1723 1342 1801 articulis
1362 1725 1433 1802 nisi
1458 1726 1562 1833 quod
1581 1728 1762 1834 sequitur.

342 1857 442 1934 Dixit
467 1858 566 1933 enim
593 1885 632 1934 se
650 1854 762 1932 fuisse
783 1871 976 1960 receptum
1005 1884 1073 1962 per
1101 1852 1253 1931 fratrem
1281 1856 1480 1962 Hugonem
1506 1857 1553 1934 de
1580 1856 1763 1936 Cabilone

343 1987 519 2075 militem,
537 2015 649 2093 quem
667 1984 787 2062 credit
798 1985 936 2075 vivere,
954 1985 1049 2062 circa
1060 1984 1201 2062 instans
1210 1983 1355 2063 'festum
1367 1986 1643 2094 Assumptionis
1654 1986 1763 2064 beate

343 2119 457 2195 Marie
470 2133 581 2193 erunt
596 2144 617 2193 x
634 2115 722 2191 anni
738 2113 796 2191 vel
814 2115 926 2205 circa,
945 2115 983 2190 in
1000 2113 1142 2222 capella
1157 2114 1294 2192 domus
1309 2115 1459 2222 Templi
1475 2117 1523 2192 de
1543 2117 1763 2223 Espalbiaco

343 2247 500 2324 diocesis
527 2247 790 2354 lingonensis,
819 2245 1058 2352 presentibus
1082 2243 1258 2324 fratribus
1281 2245 1446 2323 Roberto
1469 2245 1649 2337 Lescolbe
1679 2276 1764 2355 pre-

342 2395 490 2484 ceptore
514 2377 611 2454 dicte
633 2376 783 2467 domus,
811 2376 1002 2483 Stephano
1023 2375 1071 2452 de
1097 2375 1233 2484 Biceyo
1254 2375 1463 2483 presbitero
1484 2377 1582 2455 dicte
1602 2377 1761 2466 domus,

344 2526 378 2583 et
403 2508 551 2585 Thoma
583 2524 802 2613 preceptore
829 2507 875 2583 de
903 2523 1030 2588 sancto
1062 2505 1265 2598 Medardo,
1297 2506 1512 2593 deffunctis,
1541 2536 1561 2583 a
1595 2536 1671 2614 quo
1705 2538 1764 2584 re·

343 2655 510 2745 ceptore,
538 2638 743 2715 instructus
764 2665 830 2744 per
849 2636 960 2727 alios,
985 2637 1098 2743 peciit
1119 2635 1337 2744 frequenter
1356 2665 1492 2744 panem
1515 2655 1553 2714 et
1572 2665 1707 2744 aquam
1727 2658 1764 2717 et

342 2769 555 2847 societatem
576 2769 737 2856 ordinis;
758 2768 896 2875 quibus
910 2768 980 2845 sibi
1003 2770 1204 2856 concessis,
1222 2766 1310 2845 fecit
1331 2797 1419 2846 eum
1440 2797 1571 2846 vovere
1588 2787 1626 2845 et
1635 2770 1763 2876 jurare

343 2899 566 2990 castitatem,
589 2898 870 2987 obedienciam,
888 2899 1009 2975 vivere
1030 2899 1110 2975 sine
1123 2899 1295 3004 proprio,
1317 2898 1597 2975 servarebonos
1616 2927 1706 2977 usus
1726 2917 1764 2976 et

341 3029 457 3108 bonas
473 3030 767 3109 consuetudines
786 3029 945 3116 ordinis,
970 3047 1008 3106 et
1028 3028 1133 3136 quod
1154 3056 1231 3105 non
1258 3027 1438 3106 revelaret
1460 3045 1601 3106 secreta
1622 3030 1764 3134 capitu-

341 3158 463 3237 lorum
483 3161 601 3238 eciam
623 3160 698 3237 illis
714 3158 892 3237 fratribus
911 3160 976 3266 qui
991 3187 1068 3237 non
1084 3158 1290 3236 adfuissent
1307 3159 1346 3234 in
1360 3159 1425 3236 eis.
1439 3160 1487 3235 Et
1499 3160 1674 3266 imposito
1690 3160 1761 3237 sibi

341 3290 533 3381 mantello,¹
543 3318 675 3368 omnes
685 3307 844 3368 astantes
854 3288 1010 3367 osculati
1021 3288 1174 3366 fuerunt
1186 3289 1325 3366 eumin
1342 3318 1425 3380 ore3
1440 3288 1507 3366 sed
1521 3288 1625 3396 prius
1640 3289 1763 3367 dictus

341 3422 444 3498 testis
458 3417 530 3497 fuit
542 3420 730 3497 osculatus
745 3419 957 3526 predictum
974 3436 1208 3526 receptorem
1224 3418 1263 3495 in
1282 3419 1395 3497 dorso
1406 3446 1687 3526 superpannos;
1704 3447 1763 3497 os-

341 3563 445 3627 tensa
461 3549 532 3626 sibi
552 3549 714 3656 quadam
735 3577 842 3626 cruce
860 3547 1054 3626 metallina
1073 3566 1159 3626 ante
1181 3548 1325 3626 dictum
1346 3545 1518 3626 osculum
1536 3548 1575 3626 in
1595 3568 1764 3656 quaerat

341 3678 683 3786 ymagoCmcifixi,
701 3707 813 3785 quam
829 3677 951 3755 dictus
970 3678 1156 3785 presbiter
1169 3677 1323 3756 tenebat
1337 3678 1375 3754 in
1388 3707 1521 3766 manu,
1536 3696 1575 3755 et
1585 3698 1762 3786 precepto

343 3809 375 3884 ei
386 3836 454 3915 per
464 3808 608 3886 dictum
624 3826 856 3915 receptorem
870 3809 973 3915 quod
991 3826 1144 3916 spueret
1161 3837 1382 3914 supeream,
1403 3810 1482 3916 ipse
1496 3826 1623 3887 tamen
1638 3810 1763 3888 noluit

343 3965 477 4044 spuere
495 3967 608 4046 supra
625 3967 727 4028 eam,
746 3937 813 4031 sed
828 3937 929 4044 spuit
933 3937 1050 4046 juxta.
1066 3940 1176 4029 ltem,
1195 3938 1288 4015 dixit
1297 3939 1401 4046 quod
1415 3957 1501 4046 post
1515 3939 1652 4016 dictam
1668 3942 1766 4046 spui-

342 4067 487 4144 cionem
512 4067 680 4175 precepit
703 4068 736 4143 ei
757 4066 862 4174 quod
887 4067 1088 4174 abnegaret
1112 4068 1252 4157 Deum,
1275 4069 1410 4174 etipse
1435 4068 1557 4158 testis,
1580 4068 1681 4145 dicto
1704 4098 1763 4145 re-

342 4214 490 4303 ceptore
516 4196 664 4273 dicente
683 4197 787 4303 quod
801 4197 874 4273 hoc
888 4195 1087 4304 oportebat
1109 4223 1197 4274 eum
1218 4196 1362 4286 facere,
1386 4215 1423 4277 et
1442 4196 1618 4275 fratribus
1641 4215 1763 4277 astan-

341 4324 443 4402 tibus
457 4324 704 4403 suadentibus
718 4325 827 4432 quod
839 4326 912 4403 hoc
927 4326 1082 4413 faceret,
1099 4326 1295 4435 abnegavit
1310 4328 1446 4416 Deum,
1462 4355 1527 4405 ore
1538 4353 1615 4404 non
1631 4326 1761 4417 corde;

343 4451 388 4530 de
402 4455 543 4560 quibus
557 4454 650 4532 dixit
673 4482 712 4532 se
733 4454 1099 4549 fuisseconfessum,
1120 4454 1217 4534 infra
1227 4471 1311 4535 octo
1341 4457 1422 4535 dies
1440 4474 1529 4533 tunc
1547 4475 1761 4563 sequentes,
1848 4470 1852 4477 '

342 4580 444 4661 fratri
464 4584 604 4663 Jacobo
621 4585 813 4693 quondam
835 4586 1069 4664 conventuali
1089 4585 1247 4664 fratrum
1263 4587 1454 4666 Minorum
1470 4587 1518 4665 de
1536 4586 1763 4667 Castellione
1851 4614 1858 4625 ’

341 4740 455 4821 super
471 4716 689 4805 Seccanam,
709 4732 748 4792 et
764 4714 960 4810 absolutus
977 4716 1024 4793 ab
1040 4744 1104 4803 eo,
1121 4717 1184 4824 qui
1208 4716 1301 4793 dixit
1318 4718 1352 4793 ei
1371 4717 1477 4825 quod
1492 4716 1590 4795 male
1604 4718 1760 4807 fecerat,

342 4860 378 4919 et
398 4845 528 4950 pocius
551 4842 606 4921 illi
633 4845 696 4952 qui
721 4862 965 4953 preceperant
983 4844 1055 4924 sibi
1082 4842 1189 4933 talia,
1218 4863 1256 4922 et
1274 4845 1454 4954 imposuit
1471 4848 1504 4924 ei
1525 4849 1628 4955 quod
1662 4848 1762 4955 jeju-
