4236 5948
507 540 579 614 aso
892 518 1087 611 rn'octs
1114 537 1208 609 nus
1234 536 1534 608 retrusurus

504 700 625 789 gatus,
640 680 871 786 respondens
882 680 1025 786 negavit
1039 681 1162 757 omnia
1179 695 1216 754 et
1228 679 1372 783 singula
1385 693 1557 755 contenta
1572 677 1610 751 in
1626 673 1733 751 dictis
1748 675 1927 765 articulis,

505 812 644 889 addens
665 812 766 918 quod
787 826 931 916 peccata
954 839 1019 885 sna
1038 827 1192 914 possunt
1212 807 1379 885 confiteri
1400 808 1606 915 presbitero
1626 805 1815 912 capellano
1833 806 1930 913 ejus-

506 944 592 1017 dem
606 941 763 1029 ordinis;
783 941 835 1015 eis
851 957 974 1015 autem
989 937 1265 1029 deficientibus,
1281 956 1452 1044 poterant
1467 956 1504 1015 et
1518 952 1692 1045 possunt,
1710 936 1757 1012 de
1772 964 1930 1014 consue·

504 1072 634 1148 tudine
652 1090 687 1147 et
700 1099 804 1146 more
821 1070 909 1146 dicti
926 1070 1084 1158 ordinis,
1103 1070 1204 1146 adire
1220 1069 1374 1145 licenter
1389 1069 1578 1175 quoslibet
1595 1068 1785 1173 religiosos
1795 1095 1931 1174 appro-

504 1203 587 1278 bate
614 1200 804 1307 religionis
829 1200 886 1277 vel
906 1200 1021 1275 alium
1041 1200 1246 1306 quemlibet
1270 1201 1519 1305 presbiterum
1544 1198 1763 1285 secularem,
1791 1198 1929 1303 quibus

504 1348 649 1436 peccata
664 1360 729 1409 sua
742 1329 980 1419 confitentur,
995 1346 1032 1406 et
1042 1330 1289 1435 penitenciam
1303 1330 1498 1406 salutarem
1511 1330 1697 1435 recipiunt
1709 1329 1756 1406 ab
1770 1329 1926 1405 eisdem.

559 1461 616 1537 Ad
636 1460 745 1538 lxxxii
771 1459 967 1537 articulum
995 1459 1194 1565 diligenter
1218 1460 1482 1564 interrogatus,
1510 1459 1602 1535 dixit
1622 1488 1659 1535 se
1682 1487 1756 1535 non
1775 1458 1928 1536 credere

503 1608 676 1670 contenta
696 1593 734 1667 in
756 1620 812 1668 e0.

559 1724 616 1799 Ad
633 1722 770 1811 lxxxiii,
796 1721 934 1799 lxxxnn
957 1740 994 1797 et
1017 1721 1122 1799 lxxxv
1143 1720 1318 1799 articulos
1339 1722 1534 1810 inclusive,
1552 1721 1751 1828 diligenter
1773 1738 1810 1797 et
1826 1721 1927 1827 sigil-

502 1853 605 1929 latim
627 1854 888 1960 interrogatus‚
910 1852 1140 1957 respondens
1161 1853 1253 1928 dixit
1272 1881 1311 1929 se
1329 1851 1481 1928 credere
1502 1853 1606 1958 quod
1624 1852 1712 1928 dicti
1733 1850 1862 1928 fratres
1879 1853 1925 1928 de

502 1984 639 2089 quibus
657 1984 776 2090 agitur
797 1983 834 2058 in
851 1983 1017 2059 articulis
1033 1984 1108 2058 sint
1128 1982 1284 2059 confessi
1307 2011 1451 2058 errores
1469 1982 1656 2087 predictos
1671 1982 1728 2057 vel
1747 1981 1925 2089 majorem

502 2131 645 2218 partem
663 2141 793 2190 eorum
804 2112 1034 2188 sanctissimo
1052 2112 1206 2188 domino
1226 2130 1354 2188 nostro
1371 2141 1464 2217 pape
1482 2130 1519 2190 et
1531 2141 1655 2190 coram
1672 2111 1834 2188 dominis
1847 2142 1925 2188 car·

504 2244 689 2319 dinalibus
706 2260 742 2318 ct
756 2271 881 2319 coram
903 2240 983 2316 aliis
999 2241 1108 2317 bonis
1129 2241 1225 2316 viris.
1248 2241 1345 2318 Dicit
1360 2260 1484 2318 tamen
1500 2271 1538 2318 se
1555 2243 1708 2319 credere
1724 2242 1829 2349 quod
1843 2272 1925 2349 pre·

503 2373 590 2449 dicti
608 2372 737 2449 fratres
756 2374 975 2448 confitentes
990 2371 1081 2447 falso
1102 2373 1216 2449 modo
1233 2372 1391 2449 confessi
1409 2389 1496 2449 sunt
1515 2372 1735 2477 supradicta.

558 2505 603 2579 Et
623 2504 695 2579 hoc
717 2503 805 2578 dicit
830 2502 925 2578 salva
949 2530 1098 2608 semper
1118 2502 1329 2579 excellentia
1361 2503 1503 2579 domini
1528 2505 1645 2579 nostri
1670 2531 1763 2609 pape
1788 2521 1825 2580 et
1845 2506 1923 2612 ejus

503 2633 721 2720 consistorii,
743 2632 942 2711 ethonore
963 2633 1202 2711 dominorum
1224 2634 1480 2710 cardinalium.

557 2763 614 2840 Ad
631 2763 747 2841 lxxxu
763 2763 961 2840 articulum
979 2763 1177 2871 diligenter
1191 2765 1453 2874 interrogatus,
1469 2764 1700 2869 respondens
1716 2764 1807 2841 dixit
1818 2766 1922 2871 quod

500 2894 613 2970 frater
641 2896 884 3004 Raymundus
914 2896 960 2971 de
986 2893 1123 2971 Gardia
1148 2912 1344 3000 preceptor
1368 2896 1504 2972 domus
1531 2895 1649 2973 Mansi
1676 2896 1745 2973 Dei
1782 2896 1922 2973 ordinis

502 3024 589 3101 dicti
610 3026 774 3131 Templi,
793 3026 857 3133 qui
870 3043 962 3102 tunc
979 3042 1055 3101 erat
1075 3040 1113 3101 et
1133 3024 1255 3101 adhuc
1277 3043 1349 3112 est,
1370 3026 1508 3129 recepit
1525 3026 1647 3132 ipsum
1663 3043 1700 3101 et
1717 3026 1920 3104 lohanuem

501 3155 547 3230 de
562 3155 710 3233 Comba
731 3155 982 3263 presbiterum
1001 3173 1038 3232 et
1056 3157 1269 3232 Ferrarium
1290 3157 1375 3233 Hori
1393 3158 1430 3231 in
1444 3156 1574 3232 fratres
1595 3157 1682 3233 dicti
1704 3157 1862 3246 ordinis,
1885 3160 1921 3235 in

502 3284 614 3363 domo
626 3286 742 3364 Mansi
760 3287 847 3373 Dei,
863 3287 902 3361 in
918 3285 1057 3389 capella
1073 3284 1241 3390 ejusdem
1259 3289 1392 3362 domus
1408 3287 1525 3362 Mansi
1545 3287 1632 3373 Dei,
1654 3302 1733 3364 11110‘
1746 3289 1834 3365 anni
1848 3288 1921 3365 fue·

500 3432 589 3489 runt
604 3414 716 3518 elapsi
733 3414 793 3489 die
807 3414 1001 3490 Dominica
1022 3415 1116 3489 circa
1136 3412 1271 3490 festum
1287 3418 1398 3491 sancti
1420 3416 1568 3494 Martini
1588 3419 1755 3520 proxime
1771 3420 1921 3525 preteri-

498 3564 597 3633 tum,
616 3545 820 3620 astantibus
835 3562 871 3620 et
887 3545 1125 3650 presentibus
1138 3545 1401 3622 Bartholomeo
1418 3547 1464 3622 de
1478 3548 1615 3636 Turre,
1633 3550 1700 3625 Bn.
1718 3547 1918 3626 Guerrerio

499 3675 713 3779 presbiteris
734 3693 770 3750 et
790 3675 989 3780 capellanis
1002 3693 1039 3752 et
1057 3675 1231 3753 fratribus
1247 3676 1335 3752 dicti
1351 3676 1510 3766 ordinis,
1533 3695 1571 3753 et
1591 3679 1818 3783 quibusdam
1840 3680 1919 3757 aliis

499 3805 745 3884 confratribus
765 3806 863 3882 dicte
883 3806 1027 3884 domus.

553 3936 690 4013 Modus
706 3956 829 4013 autem
848 3966 914 4013 sue
928 3940 1157 4043 recepcionis
1169 3957 1205 4016 et
1221 3940 1406 4018 dictorum
1426 3943 1587 4019 duorum
1603 3941 1759 4019 fratrum
1773 3974 1860 4021 cum
1875 3972 1918 4020 co

498 4067 569 4142 fuit
582 4068 664 4143 talis
679 4068 827 4174 qualem
845 4067 966 4146 dictus
981 4068 1091 4145 frater
1105 4070 1392 4149 bartholomeus
1406 4072 1497 4147 dixit
1511 4074 1549 4148 in
1565 4102 1629 4149 sua
1641 4072 1917 4164 testificatione,

499 4214 536 4271 et
554 4216 596 4273 ut
610 4197 657 4273 de
678 4198 777 4276 dicto
796 4200 911 4276 modo
926 4200 1132 4305 recipiendi
1150 4201 1280 4277 fratres
1302 4201 1349 4277 ad
1370 4203 1510 4278 dictum
1526 4201 1695 4279 ordinem
1714 4204 1756 4280 sn
1777 4206 1917 4282 mentio

498 4329 537 4400 in
555 4326 652 4402 libro
674 4346 897 4406 statutorum
920 4347 956 4407 et
977 4329 1104 4436 regule
1126 4332 1214 4408 dicti
1230 4332 1389 4420 ordinis,
1410 4333 1573 4411 exhibito
1597 4351 1634 4411 et
1652 4335 1790 4413 tradito
1810 4336 1917 4414 nobis

498 4457 782 4562 inquisitoribus
799 4487 867 4564 per
888 4458 1030 4536 dictum
1046 4458 1199 4539 fratrem
1217 4460 1524 4539 Burtlrolomeum
1540 4463 1587 4540 de
1602 4465 1740 4554 Turre,
1755 4467 1915 4572 primum

496 4602 644 4664 testem.

554 4716 753 4795 Adlxxxvn
768 4737 806 4795 et
819 4720 965 4798 lxxxvrn
979 4739 1017 4799 et
1032 4722 1205 4800 ultimum
1218 4724 1392 4803 articulos
1408 4725 1606 4834 diligenter
1618 4729 1867 4836 interrogatus
1882 4745 1916 4807 et

497 4844 700 4954 sigillatim,
728 4853 921 4956 respondit
941 4870 978 4929 et
996 4854 1141 4959 negavit
1155 4857 1278 4932 omnia
1300 4874 1336 4932 et
1357 4856 1498 4964 singula
1516 4876 1689 4936 contenta
1706 4860 1746 4937 in
1766 4861 1832 4937 eis.
