4236 5948
732 524 930 615 rnocns
956 542 1051 615 nas
1077 544 1384 623 rnrrrrrnus.
1691 553 1763 628 ass

345 704 418 781 que
435 694 511 753 acta
529 695 616 754 sunt
635 681 672 756 in
689 683 850 788 capitulo
865 713 933 761 sue
947 687 1174 790 recepcionis
1186 688 1244 765 vel
1255 690 1351 766 dicta
1364 718 1433 767 ncc
1449 690 1563 766 eciam
1579 692 1618 767 in
1635 698 1766 771 ceteris

345 807 515 912 capitulis
534 811 697 916 pandant
710 814 767 890 vel
790 814 928 904 dicant,
946 844 1015 892 nec
1030 816 1267 896 collationem
1285 820 1445 897 habeant
1456 850 1541 898 curn
1552 821 1634 899 aliis
1650 825 1766 901 eciam

344 936 533 1027 fratribus,
555 940 624 1017 nisi
646 972 730 1017 curn
754 945 808 1020 eis
824 945 1000 1022 duntaxat
1014 949 1076 1053 qui
1099 949 1136 1023 in
1155 950 1245 1057 ipsis
1263 951 1435 1056 capitulis
1456 952 1654 1035 affuerunt,
1679 957 1765 1031 etsi

1344 1080 1352 1088 .
1378 1042 1703 1097 .....“Γ.;Ῑηηὶβ.ῖῦῑ“·”

343 1095 455 1181 ⁸⁹‘d'd
471 1098 660 1180 id'i’rii'e'iri
675 1072 781 1208 duod
798 1102 934 1193 dicitur
949 1078 1056 1207 qdod
1069 1078 1303 1205 presidentes
1327 1102 1450 1177 ordini
1472 1102 1603 1180 fratres
1622 1134 1764 1189 errores

340 1234 526 1341 predictos
541 1234 598 1310 vel
620 1262 751 1310 corum
768 1232 915 1338 aliquos
931 1231 1117 1336 corripere
1138 1260 1205 1307 seu
1226 1233 1410 1337 corrigere
1426 1252 1489 1309 aut
1502 1236 1678 1313 nunciare
1694 1242 1763 1319 Dei

341 1365 503 1441 Ecclesie
524 1365 784 1472 neglexerunt,
805 1361 1000 1466 respondit
1016 1376 1053 1436 et
1073 1358 1165 1435 dixit
1184 1389 1223 1436 se
1243 1362 1386 1439 nescire
1404 1390 1473 1438 nec
1493 1364 1644 1442 credere
1662 1397 1765 1447 erro-

342 1524 400 1572 res
421 1496 467 1571 de
489 1496 627 1602 quibus
647 1495 769 1601 agitur
786 1521 953 1598 unquam
975 1490 1087 1568 fuisse
1108 1519 1178 1568 nec
1204 1520 1283 1569 asse
1306 1493 1345 1568 in
1364 1493 1498 1570 ordine
1519 1495 1706 1600 predicto,
1728 1516 1765 1574 et

341 1625 445 1733 quod
467 1654 541 1703 non
562 1625 716 1702 fuorunt
734 1651 804 1701 nec
821 1623 978 1730 reperiri
998 1639 1204 1727 potuerunt
1225 1624 1264 1697 in
1285 1623 1365 1726 ipso
1385 1623 1533 1712 ordine,
1555 1643 1667 1728 prout
1687 1654 1764 1703 cre-

343 1756 412 1841 dit,
429 1786 503 1833 non
519 1756 590 1833 fuit
603 1783 753 1833 necesse
767 1783 831 1832 eos
845 1752 979 1860 corrigi
993 1779 1063 1829 nec
1075 1752 1241 1830 Ecclesie
1253 1754 1438 1843 nunciari3
1452 1753 1556 1858 quod
1571 1756 1676 1860 quod
1687 1784 1763 1832 non

342 1903 398 1961 est
417 1915 539 1993 neque
556 1886 626 1962 fuit
640 1914 715 1963 non
733 1884 858 1991 potuit
875 1883 1011 1989 corripi
1026 1912 1095 1960 nec
1107 1882 1267 1960 Ecclesie
1281 1882 1466 1970 nunciari,
1485 1911 1554 1959 nec
1568 1883 1615 1960 ab
1630 1885 1763 1961 ordine

341 2016 379 2091 in
394 2044 469 2123 quo
490 2045 567 2093 non
583 2016 729 2093 fuerant
743 2014 915 2121 separari.

398 2145 455 2223 Ad
467 2145 750 2234 lxxxrrr‚lxxx1111
766 2162 803 2221 et
813 2144 919 2223 lxxxv
927 2143 1102 2222 articulos
1112 2144 1306 2231 inclusive,
1317 2145 1516 2251 diligenter
1526 2162 1564 2222 et
1576 2146 1764 2251 sigillatim

342 2277 608 2381 interrogatus,
630 2274 825 2381 respondit
853 2292 890 2350 et
910 2275 1003 2351 dixit
1025 2303 1064 2350 se
1090 2276 1243 2350 credere
1273 2274 1378 2380 quod
1404 2273 1535 2350 fratres
1556 2275 1602 2351 de
1628 2275 1766 2381 quibus

342 2406 463 2512 agitur
481 2406 519 2480 in
531 2400 703 2481 'articulis
719 2403 994 2481 confessionem
1008 2404 1163 2480 fecerint
1184 2404 1231 2479 de
1251 2404 1430 2508 predictis
1448 2404 1640 2481 erroribus
1660 2422 1698 2482 et
1717 2405 1764 2482 de

342 2533 423 2611 aliis
443 2535 627 2611 contentis
644 2535 682 2609 in
704 2533 812 2610 dictis
831 2533 1013 2621 articulis,
1036 2560 1161 2611 corarn
1182 2531 1411 2608 sanctissimo
1432 2548 1535 2635 patre
1554 2550 1592 2608 et
1610 2533 1765 2611 domino

343 2684 468 2742 nostro
481 2693 573 2771 papa
589 2682 625 2741 ct
641 2663 720 2772 ejus
739 2663 957 2740 consistorio
970 2680 1006 2740 et
1019 2691 1145 2740 coram
1165 2662 1329 2738 dominis
1350 2660 1600 2737 cardinalibus
1621 2679 1659 2738 et
1675 2690 1764 2741 non-

342 2794 452 2870 nullis
475 2793 555 2870 aliis
579 2794 625 2870 de
648 2794 785 2900 quibus
804 2792 848 2869 fit
871 2793 1014 2870 mentio
1034 2793 1074 2868 in
1096 2790 1261 2869 articulis
1282 2791 1490 2897 prelibatis3
1522 2808 1558 2868 et
1583 2794 1654 2869 boc
1676 2794 1764 2872 idco

343 2925 460 3002 credit
489 2925 592 3031 quod
614 2924 755 3002 fuerint
775 2924 931 3002 confessi
956 2924 1115 3031 predicti
1141 2923 1207 3029 qui
1233 2921 1362 2999 fratres
1389 2922 1633 3028 appellantur,
1661 2926 1764 3031 quod

343 3054 463 3132 dictus
484 3056 658 3133 dominus
677 3074 803 3133 noster
819 3084 915 3163 papa
934 3055 1007 3134 hoc
1026 3055 1064 3130 in
1080 3083 1144 3132 sua
1159 3053 1279 3131 littera
1300 3054 1430 3130 asserit
1445 3070 1482 3129 et
1496 3053 1642 3130 fatetur.
1663 3055 1765 3132 Dixit

342 3202 467 3289 tamen
480 3176 548 3262 iste
562 3186 674 3264 frater
685 3188 750 3294 qui
767 3186 935 3293 loquitur
953 3185 1074 3292 quod,
1091 3184 1259 3294 ejusdem
1276 3183 1420 3261 domini
1436 3211 1530 3289 pape
1551 3182 1644 3259 salva
1665 3210 1763 3261 sern-

341 3343 410 3421 per
431 3344 497 3393 sue
522 3317 723 3394 sanctitatis
752 3316 986 3406 excellentia,
1007 3315 1141 3420 suique
1170 3314 1381 3392 consistorii
1405 3332 1443 3391 et
1467 3342 1568 3391 sacre
1594 3315 1703 3392 Sedis
1723 3345 1764 3393 ac

342 3444 498 3523 fratrum
520 3448 600 3554 ejus
621 3448 865 3525 dominorum
887 3444 1132 3523 cardinalium
1147 3445 1356 3522 reverencia
1373 3461 1411 3521 et
1426 3445 1584 3533 honore,
1607 3446 1763 3551 predicti

342 3577 407 3679 qui
419 3575 550 3652 fratres
560 3577 648 3653 dicti
661 3576 806 3654 ordinis
816 3593 1032 3654 asseruntur
1043 3573 1240 3651 falsitatem
1253 3603 1384 3680 puram
1402 3593 1438 3652 et
1453 3602 1593 3651 meram
1606 3575 1763 3653 confessi

342 3722 442 3792 sunt,
467 3722 504 3780 et
525 3705 564 3780 in
591 3704 711 3817 capud
734 3706 928 3812 proprium
953 3723 1041 3784 sunt
1059 3704 1221 3793 mentiti,
1253 3704 1358 3810 quod
1382 3731 1450 3780 nec
1469 3704 1538 3780 scit
1556 3732 1626 3780 nec
1647 3706 1766 3782 credit

342 3834 446 3940 quod
473 3833 630 3939 predicti
661 3862 806 3911 errores
830 3863 900 3910 nec
922 3862 1006 3940 pars
1031 3831 1155 3940 aliqua
1181 3833 1386 3910 eorundem
1413 3861 1578 3938 unquam
1606 3833 1762 3910 confessi

342 3963 480 4042 suerint
496 3993 564 4041 nec
584 3963 700 4040 auditi
722 3964 760 4039 in
781 3964 914 4042 ordine
936 3964 1024 4041 dicti
1044 3962 1209 4068 Templi.

398 4095 456 4171 Ad
487 4095 605 4172 lxxxvr
642 4094 841 4170 articulum
873 4093 1075 4199 diligenter
1113 4092 1373 4199 interrogatus,
1412 4092 1641 4199 respondens
1675 4092 1765 4169 dixit

343 4224 444 4329 qnod
465 4224 577 4301 frater
591 4223 636 4302 G.
652 4224 699 4299 de
714 4223 869 4301 Abelars
887 4241 976 4300 tunc
994 4239 1191 4329 preceptor
1208 4221 1305 4297 dicte
1327 4221 1461 4299 domus
1481 4223 1599 4300 Mansi
1617 4223 1704 4310 Dei,
1725 4224 1765 4299 in

342 4382 471 4431 mense
498 4353 612 4431 madii
642 4354 809 4460 proxime
836 4353 998 4431 venienti
1028 4370 1138 4429 erunt
1167 4380 1211 4430 xv
1241 4352 1325 4428 anni
1352 4352 1410 4428 vel
1438 4352 1532 4428 circa
1563 4353 1693 4458 elapsi,
1723 4372 1765 4431 ut

343 4483 475 4576 credit,
494 4484 561 4561 sed
586 4484 632 4560 de
649 4485 709 4561 die
731 4484 823 4561 dixit
842 4513 882 4562 se
902 4513 978 4561 non
998 4483 1203 4571 recordari,
1232 4485 1373 4589 recepit
1392 4484 1515 4589 ipsum
1533 4482 1684 4560 fratrem
1699 4486 1763 4590 qui

341 4612 510 4719 loquitur
535 4632 572 4691 et
593 4614 746 4691 fratrem
775 4616 831 4692 Bri
859 4616 905 4691 de
931 4615 1023 4691 Rivo
1043 4614 1083 4690 in
1107 4612 1238 4690 fratres
1264 4613 1407 4690 ordinis
1428 4613 1517 4690 dicti
1540 4614 1707 4719 Templi,
1726 4615 1763 4689 in

343 4742 477 4849 capella
495 4742 591 4819 dicte
609 4743 744 4821 domus
759 4745 875 4822 Mansi
898 4743 988 4834 Dei,
1003 4743 1126 4853 januis
1144 4742 1294 4832 clausis,
1317 4742 1554 4849 presentibus
1570 4761 1606 4821 et
1621 4735 1764 4820 ibidem
