4236 5948
496 575 571 651 usa
885 553 1083 646 reeens
1111 572 1208 642 nss
1233 567 1532 642 rnnrmrns.

494 714 670 797 fratribus
690 714 756 819 qui
779 714 817 790 in
836 714 914 818 ipsa
935 713 1049 791 domo
1075 729 1166 789 tunc
1193 710 1429 816 erent,.·ipso.
1445 708 1560 786 fratre
1579 709 1844 787 Bartholomeo
1859 713 1925 818 qni

495 848 674 954 loquitur,
698 845 777 951 jam
802 862 892 919 tunc
916 844 1127 948 presbitero
1158 841 1336 918 existente
1365 857 1403 918 et
1428 858 1646 917 remanente
1676 857 1776 918 extre
1803 841 1928 950 capel-

496 980 571 1057 ism
585 976 804 1084 predictam.
821 977 868 1052 Et
886 991 970 1081 post
983 973 1178 1082 paululum
1191 972 1435 1049 veneruntad
1449 973 1652 1079 ipsumqui
1666 971 1836 1079 loquitur
1849 974 1927 1050 dno

494 1111 628 1188 iratres
642 1136 751 1186 senes
766 1108 860 1185 dicti
871 1107 1034 1197 ordinis,
1054 1107 1103 1183 de
1120 1104 1338 1185 nominibus
1357 1133 1520 1210 quornm
1536 1104 1629 1180 dixit
1639 1132 1685 1181 -se
1705 1105 1751 1181 sd
1769 1104 1926 1211 plenum

496 1269 577 1319 non
590 1239 800 1327 recordari,
813 1257 854 1316 et
872 1237 1160 1315 introduxerunt
1176 1237 1300 1342 ipsum
1323 1235 1390 1341 qui
1406 1235 1576 1341 loquitur
1593 1235 1632 1312 in
1647 1235 1853 1340 qnenrda'm·
1870 1264 1928 1312 ca-

496 1400 636 1448 meram
656 1399 730 1476 que
752 1387 810 1446 est
824 1369 929 1474 juxta
949 1369 1160 1458 ecclesium,
1190 1367 1230 1442 in
1248 1395 1323 1473 qua
1336 1367 1436 1472 jacet
1457 1365 1578 1444 [ruer.
1594 1366 1808 1473 capellanus
1829 1369 1927 1445 dicte

498 1502 648 1590 domus;
670 1500 736 1578 ubi
762 1501 935 1578 dixerunt
953 1501 1030 1606 ipsi·
1046 1500 1113 1606 qui
1131 1499 1299 1606 loquitur
1322 1498 1460 1577 multas
1480 1499 1698 1604 asperitates
1713 1498 1878 1586 ordinis,
1891 1518 1928 1576 et

496 1661 544 1709 an
564 1633 643 1736 ipse
659 1632 726 1738 qui
744 1632 862 1736 recipi
875 1630 1039 1709 debebat
1059 1630 1216 1711 heberet
1235 1629 1406 1730 membru
1422 1659 1488 1706 sua
1506 1657 1609 1722 sans,
1624 1628 1669 1706 'et
1682 1645 1810 1707 utrum
1832 1649 1926 1707 esset

498 1762 855 1849 excommunicatus,
886 1779 925 1837 et
950 1779 1077 1839 utrum
1108 1780 1203 1839 esset
1231 1762 1415 1867 obligatus
1442 1760 1709 1854 creditoribus,
1735 1779 1773 1838 et
1799 1789 1845 1838 an
1865 1776 1927 1838 to·

498 1911 577 1971 tum
599 1894 783 1971 emisisset
807 1894 969 1971 intrandi
988 1893 1103 1971 alium
1127 1893 1299 1973 ordinem
1320 1920 1390 1971 seu
1408 1892 1839 2000 reiigionem,·etmulta
1856 1893 1926 1969 alia

498 2053 571 2130 que
592 2024 832 2101 eontinentur
852 2025 890 2100 in
912 2025 1080 2130 quodam
1092 2024 1191 2101 libro
1213 2025 1279 2130 qui
1300 2024 1508 2131 appellatur
1522 2023 1624 2109 liber,
1632 2025 1869 2101 statutorum
1887 2043 1925 2100 et

499 2154 626 2260 regula
645 2154 790 2232 ordinis
814 2155 1128 2260 Tempiariorum.
1154 2157 1203 2233 Et
1226 2155 1417 2262 cumipse
1447 2155 1514 2261 qui
1538 2154 1706 2260 loquitur
1728 2153 1927 2231 adomnia

499 2285 770 2390 respondisset,
800 2305 838 2362 et
849 2286 1070 2364 docuissent
1093 2315 1180 2363 eum
1199 2265 1292 2393 quid
1312 2286 1468 2364 heberet
1483 2286 1607 2363 dicere
1624 2284 1853 2393 preceptori,
1870 2286 1928 2362 in·

500 2416 746 2494 troduxernnt
768 2444 856 2493 eum
877 2417 915 2491 in
934 2416 1125 2492 ecclesiam
1148 2416 1215 2492 nbi
1237 2434 1314 2492 erat
1334 2416 1456 2493 dictus
1474 2430 1674 2522 preceptor
1700 2441 1791 2493 cum·
1809 2413 1928 2493 fratri·

499 2547 656 2625 bus-ubi
673 2547 855 2626 tenebant
873 2546 1079 2651 capitulum
1101 2572 1170 2652 pre
1190 2546 1383 2651 predictis,
1405 2546 1540 2624 clausis
1553 2547 1850 2654 jannisecdesie
1867 2579 1929 2625 su-

499 2677 681 2781 pradicte,
699 2694 738 2754 et
755 2677 865 2756 deris
880 2677 1042 2783 genibus
1055 2694 1093 2755 et
1104 2650 1309 2783 Bompldsis
1326 2679 1502 2756 manibus
1520 2707 1647 2759 coram
1658 2697 1724 2765 eo,
1743 2679 1840 2779 dixit
1849 2679 1927 2785 ipse

501 2808 566 2912 qui
584 2806 823 2912 recipiendus
843 2825 921 2884 erat
939 2840 947 2884 :
964 2809 1169 2899 «Domine,
1191 2810 1273 2886 Deo
1290 2825 1329 2885 et
1344 2809 1585 2888 beateMari'e
1593 2809 1754 2916 Virgini,
1776 2810 1928 2888 etvdbis

501 2937 735 3021 erunibus
744 2992 866 3015 .....
895 2937 1065 3045 supplico
1090 2967 1152 3015 me
1177 2939 1295 3045 recipi
1309 2939 1348 3016 in
1367 2940 1440 3035 bno
1455 2938 1651 3017 endinein
1665 2940 1873 3021 socium-et
1893 2944 1928 3016 in

500 3069 653 3147 fratrem
676 3068 826 3175 proprie
844 3068 893 3145 ad
912 3070 1155 3148 serviendum
1172 3071 1273 3160 Deo,
1293 3099 1364 3175 pro
1381 3072 1506 3148 anime
1525 3099 1610 3147 mea
1630 3070 1812 3178 salbando
1832 3072 1929 3179 nedi-

501 3228 620 3304 qnum
636 3199 709 3274 vite
727 3216 876 3304 tempus
897 3228 981 3276 mee
999 3200 1083 3277 volo
1097 3200 1307 3305 expendere
1324 3201 1372 3278 ad
1391 3201 1543 3280 laudens
1557 3201 1642 3294 Dei,
1662 3220 1701 3279 ct
1715 3202 1787 3280 ¹sibi
1806 3203 1848 3280 in
1859 3205 1930 3281 hoc

502 3329 634 3413 ordine
654 3347 842 3434 perpetuo,
861 3329 1048 3408 famulari.
1066 3368 1079 3399 ι
1094 3334 1158 3409 Et.
1179 3392 1186 3408 .
1206 3384 1272 3409 ...
1296 3333 1420 3411 dictus
1433 3334 1928 3440 preceptonjussit-eundem

502 3461 1043 3566 fratremquidoquitur·erire
1065 3462 1276 3550 ecelesiam,
1300 3480 1345 3538 et·
1355 3479 1446 3569 post
1458 3463 1660 3551 medicum·
1677 3465 1932 3570 tempusfecit

503 3591 625 3696 {¹⁴1}th
635 3589 763 3696 nedceri
778 3606 819 3667 et·
827 3591 876 3669 ad
884 3619 925 3667 se
939 3592 1078 3668 venire.
1095 3592 1212 3671 Multa
1236 3594 1353 3671 eciam
1365 3594 1435 3670 alia
1446 3595 1485 3671 in
1505 3594 1606 3671 dieta
1619 3595 1931 3702 ejuspecepcioiie

503 3721 656 3799 suerunt
673 3721 789 3809 dicta,
816 3722 960 3827 prolata
982 3740 1019 3799 et
1038 3723 1211 3801 ordinate
1225 3751 1300 3829 per.
1311 3723 1454 3822 dictum
1473 3722 1808 3837 preceptorfflet
1826 3726 1876 3804 ad
1890 3756 1932 3805 ea

503 3880 679 3957 responsa
704 3853 787 3931 data
808 3881 876 3957 per
901 3854 1020 3959 ipsum
1046 3853 1197 3933 fratrem
1216 3855 1524 3941 Bartholomenm
1546 3832 1755 3963 reseptbd'i
1780 3859 1874 3935 sicut
1896 3861 1932 3937 in

503 3984 670 4089 quodam
681 3984 780 4061 libro
791 3986 1007 4063 continente
1018 3985 1187 4091 regulam
1196 3987 1286 4064 dicti
1294 3988 1438 4067 ordinis
1449 3987 1560 4066 letius
1570 3990 1794 4067 continetur.
1808 3991 1934 4084 Quem

406 4201 409 4204 ,
503 4116 656 4222 inquens
664 4116 806 4194 librum
816 4116 1548 4226 idemsraterBarthoiomeuscapedsnus
1558 4120 1703 4198 fecitde
1714 4121 1935 4199 dictadomo

504 4247 714 4327 Mansinei
739 4275 807 4352 per
825 4247 1027 4353 quendam
1032 4250 1212 4354 juvenem
1234 4252 1477 4354 aportuifm
1494 4252 1699 4359 presentari
1720 4252 1847 4329 eidem
1867 4253 1936 4330 do·

504 4378 607 4455 mino
621 4377 797 4484 episcopo
811 4378 963 4455 Elnensi
979 4396 1018 4458 et
1026 4381 1213 4459 canonicis
1231 4380 1405 4459 Elnensis
1415 4380 1570 4460 ecclesie
1585 4381 1777 4489 predictis,
1792 4408 1937 4461 necnon

504 4508 597 4586 viris
611 4510 797 4615 religiosis
814 4511 1115 4589 Predicatoribus
1134 4528 1172 4590 et
1189 4513 1402 4603 Minoribus
1415 4514 1594 4621 predictis
1607 4542 1738 4591 secum·
1750 4514 1940 4621 inquiren·

505 4637 607 4715 tibus
628 4641 904 4731 stertentibus,
926 4668 1092 4749 qnorum
1111 4645 1272 4721 nomine.
1286 4646 1326 4720 in
1347 4646 1503 4746 exordio
1522 4645 1635 4753 hujus
1655 4662 1941 4752 enquestesunt

506 4769 679 4873 superius
688 4771 897 4850 interserta.
911 4773 1025 4852 Liber
1034 4791 1166 4852 autem·
1176 4776 1345 4882 predicte
1362 4777 1494 4884 regule
1504 4777 1558 4853 sic
1571 4777 1702 4885 incipit
1712 4778 1751 4854 in
1763 4804 1938 4856 romano:

564 4901 665 4993 QW!
685 4903 796 4980 alcum
814 4930 932 5006 pinon
947 4909 1126 5008 reseres
1139 4935 1310 5015 cnnpnys
1325 4909 1373 4986 de
1391 4909 1583 5014 e-noyw.
1594 4952 1615 4971 -·
1666 4952 1669 4959 ·
