4236 5948
359 530 407 600 ss
746 504 944 598 rancus
973 523 1062 594 nus
1091 521 1393 596 ruururuas.

357 667 590 745 ordinaverat
606 695 652 742 ue
670 665 823 743 daretur
841 664 911 740 nisi
928 681 986 740 ter
1000 663 1039 738 in
1057 662 1285 755 ebdomada,
1305 681 1458 771 propter
1474 667 1627 774 negocia
1641 697 1715 774 que
1732 671 1784 746 eis

356 797 643 886 incumbebant,
672 815 710 873 et
731 797 835 905 quod
862 813 1016 902 propter
1040 793 1322 870 restitucionem
1352 795 1535 871 dictarum
1561 796 1785 878 elemosina-

357 960 440 1006 rum
462 928 678 1036 paciebatur
696 929 807 1015 ordo,
831 944 960 1003 contra
977 953 1091 1031 quern
1115 953 1215 1001 nunc
1234 925 1388 1030 grandia
1411 926 1598 1013 scandala,
1623 930 1785 1034 suspicio

358 1080 395 1136 et
415 1061 565 1137 infamia
582 1078 669 1137 sunt
684 1076 826 1146 exorta3
845 1075 882 1133 et
896 1056 1015 1131 credit
1031 1054 1137 1162 quod
1152 1055 1355 1132 consessata
1371 1085 1438 1162 per
1455 1085 1543 1132 eum
1558 1076 1681 1134 essent
1698 1077 1786 1136 nota

358 1192 535 1269 fratribus
556 1191 717 1280 ordinis,
741 1206 776 1265 et
796 1188 900 1295 quod
927 1214 1085 1292 magnus
1111 1186 1287 1293 Magister
1308 1206 1344 1264 et
1364 1187 1425 1263 alii
1450 1188 1582 1264 eadem
1605 1189 1679 1265 sint
1697 1218 1786 1266 con-

358 1325 454 1400 lessi.
478 1325 560 1399 Non
582 1321 771 1399 obtulerat
791 1349 829 1397 se
852 1317 1076 1396 deffensioni
1101 1318 1190 1394 dicti
1212 1319 1367 1394 ordinis.

415 1454 630 1561 Requisitus
654 1452 683 1529 si
712 1438 764 1529 sic
788 1453 1012 1557 deposuerat
1036 1478 1168 1554 prece,
1204 1467 1404 1555 precepto,
1427 1480 1575 1542 amore,
1594 1452 1704 1540 odic,
1727 1453 1784 1529 vel

355 1584 555 1690 temporali
571 1582 733 1661 comodo
749 1582 878 1658 habito
894 1579 951 1656 vel
967 1579 1160 1665 habendo,
1184 1580 1378 1685 respondit
1399 1581 1504 1687 quod
1522 1611 1615 1670 non,
1634 1584 1701 1660 sed
1716 1612 1785 1690 pro

356 1717 508 1792 veritate
531 1716 708 1799 dicenda3
728 1712 787 1788 cui
808 1710 881 1787 fuit
902 1711 1112 1818 injunctum
1137 1711 1242 1815 quod
1264 1739 1340 1788 non
1362 1711 1541 1788 revelaret
1562 1713 1658 1789 hanc
1680 1743 1785 1790 suam

358 1846 657 1952 deposicionem‚
680 1872 878 1950 quousque
904 1840 1164 1918 attestaciones
1185 1840 1326 1918 fuerint
1346 1842 1547 1949 publicate.

416 1977 504 2053 Acta
524 1976 678 2052 luerunt
695 1976 765 2051 hec
784 1973 892 2051 dictis
909 1971 969 2048 die
992 1988 1030 2047 et
1049 1971 1149 2058 loco,
1172 1974 1411 2076 presentibus
1432 1974 1609 2080 magistro
1625 1974 1785 2062 Ambio,

359 2138 420 2185 me
436 2108 692 2184 Floriamonte
708 2104 926 2189 Dondedei,
945 2119 982 2178 et
998 2102 1079 2178 aliis
1094 2103 1248 2181 notariis
1264 2134 1375 2212 supra
1391 2106 1527 2183 ultimo
1544 2105 1756 2182 nominatis,

417 2373 504 2448 Post
516 2370 602 2456 hec,
620 2368 681 2445 die
697 2371 803 2445 Lune
820 2387 904 2475 post
915 2368 1040 2446 Letore
1051 2371 1258 2459 Jerusalem,
1280 2399 1354 2477 que
1372 2369 1442 2447 luit
1456 2397 1527 2447 xxu
1544 2370 1631 2446 dicti
1648 2371 1787 2449 mensis

360 2501 507 2586 Marcii,
530 2517 786 2577 convenerunt
806 2499 897 2576 dicti
919 2499 1064 2576 domini
1087 2501 1318 2578 Mimatensis
1348 2517 1385 2577 et
1409 2502 1683 2578 Lemoviceusis
1708 2502 1788 2608 epi-

359 2634 478 2739 scopi,
495 2650 531 2708 et
547 2632 832 2710 archidiaconus
844 2631 1108 2719 Tridentinus,
1123 2631 1206 2709 aliis
1220 2631 1388 2741 legitime
1405 2633 1601 2720 excusatiS,
1617 2633 1655 2707 in
1673 2634 1787 2710 domo
1854 2709 1857 2715 .

360 2763 506 2839 domini
523 2762 622 2840 Petri
652 2764 698 2839 de
726 2762 912 2840 Sabaudia
936 2763 1204 2869 archiepiscopi
1226 2762 1503 2871 Lugdunensis,
1525 2780 1611 2838 ante
1631 2762 1787 2839 domum

359 2893 514 2971 fratrum
538 2894 729 2969 Minorum
751 2895 798 2971 de
821 2894 1000 2982 Parisios,
1028 2911 1065 2971 et
1091 2893 1163 2971 fuit
1191 2893 1335 2970 ibidem
1356 2892 1540 2969 adductus
1566 2894 1614 2968 ad
1634 2919 1784 2998 presen·

359 3026 452 3101 ciam
481 3025 702 3101 eorumdem
731 3024 845 3102 lrater
881 3024 929 3101 de
961 3027 1088 3101 Monte
1122 3024 1320 3101 Trichardi
1350 3024 1529 3111 serviens,
1557 3024 1788 3100 Turonensis

359 3155 535 3240 diocesis,
558 3170 756 3259 preceptor
776 3153 913 3229 domus
934 3152 1084 3258 Templi
1108 3154 1155 3230 de
1184 3152 1284 3230 Malo
1309 3156 1433 3230 Leone
1458 3153 1680 3230 Pictavensis
1705 3153 1788 3230 dio-

359 3286 467 3374 cesis,
488 3283 711 3360 mantellum
727 3284 871 3361 ordinis
886 3302 923 3360 et
934 3284 1091 3362 barbam
1109 3284 1314 3373 defferens,
1335 3285 1593 3391 sexagenarius
1603 3285 1661 3361 vel
1675 3286 1786 3375 circa,

360 3424 446 3490 cu'm
466 3443 543 3520 quo
563 3414 784 3521 inquisitum
800 3414 937 3506 luerat,
956 3414 1151 3493 absolutus
1170 3431 1208 3492 et
1221 3414 1485 3493 reconciliatus
1505 3444 1572 3521 per
1588 3415 1789 3493 officialem

359 3547 634 3622 Turonensem.
657 3545 779 3622 Lectis
799 3562 836 3622 et
857 3546 1058 3654 diligenter
1079 3546 1256 3653 expositis
1280 3546 1349 3623 sibi
1375 3544 1553 3623 omnibus
1576 3564 1613 3621 et
1632 3546 1790 3654 singulis

360 3675 540 3762 articulis,
574 3674 770 3781 respondit
790 3703 829 3753 se
855 3677 1015 3763 nescire,
1038 3705 1108 3753 nec
1133 3678 1304 3764 credere,
1335 3706 1405 3752 nec
1432 3677 1616 3754 audivisse
1643 3677 1716 3753 dici
1742 3678 1789 3754 de

360 3806 546 3882 contentis
567 3806 606 3881 in
627 3806 680 3883 eis
699 3806 770 3882 nisi
791 3806 896 3914 quod
921 3807 1102 3912 sequitur.
1131 3806 1317 3884 Videlicet
1340 3807 1445 3913 quod
1473 3835 1668 3913 nunquam
1686 3807 1791 3884 vide-

360 3951 435 4022 rat,
457 3964 526 4012 nec
551 3936 728 4022 sciverat,
753 3965 823 4012 nec
852 3937 1045 4015 audiverat
1070 3937 1142 4013 dici
1168 3954 1253 4014 ante
1282 3937 1496 4043 capcionem
1527 3965 1659 4014 eorum
1684 3939 1790 4046 quod

360 4063 494 4142 lierent
521 4067 809 4175 abnegaciones,
842 4067 1196 4173 dogmatizaciones,
1222 4068 1405 4173 vituperia
1427 4069 1562 4153 crucis,
1585 4067 1710 4145 oscula
1740 4069 1791 4145 in-

359 4197 534 4288 honesta,
557 4198 700 4275 crimen
719 4197 1005 4286 sodomiticum,
1030 4198 1273 4276 adoraciones
1292 4200 1361 4275 cati
1382 4217 1419 4276 et
1437 4199 1661 4307 ydolorum,
1680 4199 1791 4278 abso-

361 4327 529 4406 luciones
548 4357 615 4434 per
631 4328 745 4406 laicos
768 4328 1008 4419 eorumdem,
1030 4328 1089 4406 vel
1111 4329 1235 4437 aliqua
1250 4329 1380 4406 illicita
1403 4329 1497 4406 circa
1514 4348 1789 4408 sacramentum

361 4458 485 4535 altaris
505 4457 563 4535 vel
587 4457 658 4535 alia
682 4475 926 4549 sacramenta,
955 4458 1013 4534 vel
1038 4459 1163 4565 aliqua
1186 4460 1257 4536 alia
1280 4459 1410 4536 illicita
1427 4458 1483 4536 vel
1505 4460 1704 4537 inhonesta
1730 4460 1789 4536 in-

360 4587 575 4663 ervenirent
603 4588 647 4664 in·
676 4590 899 4695 recepcione
926 4589 1084 4666 fratrum
1114 4589 1260 4667 ordinis
1289 4589 1347 4665 vel
1376 4609 1473 4696 post.
1507 4590 1726 4697 Requisitns
1757 4592 1788 4668 si

362 4716 537 4794 credebat
561 4720 665 4823 quod
686 4722 725 4797 in
751 4720 940 4828 aliquibus
964 4720 1134 4826 partibus
1163 4721 1434 4798 intervenirent
1458 4720 1528 4799 alia
1553 4720 1683 4797 illicita
1713 4749 1788 4830 que

363 4845 484 4925 dictus
498 4877 591 4954 papa
611 4849 650 4925 in
666 4848 800 4927 litteris
815 4850 1029 4956 patentibus
1046 4849 1183 4928 latetur
1204 4879 1383 4958 magnum
1403 4854 1622 4959 Magistrum
1639 4869 1676 4929 et
1694 4850 1787 4929 alios
