4236 5948
666 526 861 617 moces
888 545 982 616 nus
1008 546 1307 618 reuertens.
1621 551 1693 621 ava

279 685 423 765 Bellum
441 686 487 760 de
502 684 569 792 Ely
586 685 744 761 militem
759 687 846 762 dicti
862 686 1019 773 ordinis,
1036 686 1139 791 quod
1153 686 1309 765 baberet
1324 686 1518 761 licenciam
1535 689 1694 764 exeundi

281 818 327 894 de
340 817 438 893 dicto
451 816 600 904 ordine;
614 834 650 892 et
662 816 752 894 dixit
761 847 829 922 per
834 817 1090 923 juramentum
1103 847 1214 893 suum
1224 816 1328 922 quod
1337 817 1456 892 dictus
1467 816 1577 894 lrater
1587 820 1696 925 Ilugo

281 949 328 1027 de
344 946 530 1033 Paraudo,
553 947 730 1023 accedens
749 948 795 1023 ad
808 950 1011 1023 Romanam
1026 947 1165 1023 curiam
1182 949 1219 1021 in
1234 948 1437 1051 septimana
1458 966 1539 1053 post
1559 948 1697 1025 festum

279 1077 376 1156 beati
397 1076 554 1182 Remigii
575 1106 695 1181 nuper
712 1077 948 1181 preteritum,
970 1077 1060 1151 dixit
1077 1077 1144 1153 sibi
1163 1077 1267 1181 quod
1282 1076 1402 1153 dictus
1417 1078 1510 1153 ordo
1528 1078 1697 1155 diffama-

279 1226 337 1284 tus
358 1225 436 1283 erat
456 1207 502 1282 de
523 1206 667 1283 casibus
687 1236 799 1310 super
819 1207 924 1282 dictis
949 1235 1033 1313 erga
1056 1206 1252 1282 dominum
1274 1236 1406 1310 papam
1433 1226 1469 1282 et
1494 1237 1637 1313 regem,
1662 1231 1694 1285 et

280 1340 374 1443 ipse,
401 1338 430 1413 si
454 1354 593 1442 posset,
621 1336 775 1411 salvaret
800 1361 933 1438 corpus
953 1363 1078 1422 suum,
1102 1354 1137 1410 ct
1161 1337 1233 1411 hoc
1258 1337 1338 1412 aliis
1366 1337 1521 1428 diceret;
1547 1358 1583 1414 et
1608 1358 1695 1416 tunc

279 1468 391 1573 peciit
410 1467 456 1542 ab
478 1494 523 1543 eo
543 1465 648 1571 quod
662 1462 824 1540 traderet
839 1463 979 1541 litteras
999 1492 1082 1539 suas
1099 1493 1209 1570 super
1225 1466 1314 1553 hoc,
1330 1468 1416 1572 quia
1430 1466 1516 1543 alias
1532 1497 1607 1545 non
1619 1501 1697 1546 cre-

280 1601 431 1675 deretur
450 1596 537 1685 sibi3
555 1612 591 1670 et
612 1595 689 1698 ipse
710 1594 902 1698 respondit
921 1595 1025 1699 quod
1045 1622 1120 1669 non
1141 1595 1310 1682 baberet,
1332 1597 1511 1701 quianon
1532 1598 1697 1703 placebat

279 1729 471 1834 Magistr03
489 1743 526 1802 et
545 1743 634 1802 tunc
647 1727 725 1830 ipse
743 1725 850 1800 exivit
870 1724 917 1799 de
934 1724 1082 1811 ordine,
1101 1742 1137 1799 et
1157 1725 1299 1801 dimisit
1319 1726 1537 1803 mantellum
1554 1731 1696 1806 ordinis

279 1860 318 1934 in
336 1859 449 1934 domo
465 1856 603 1933 Montis
624 1854 913 1933 Suessionensis.
934 1856 1182 1961 Interrogatus
1198 1873 1324 1931 utrum
1340 1858 1389 1943 vi,
1416 1858 1472 1933 vel
1494 1877 1598 1935 metu
1620 1890 1696 1936 car-

279 1991 371 2066 ceris
391 2016 458 2064 seu
478 2002 766 2074 tormentorum,
789 2002 852 2061 aut
872 1985 941 2060 alia
961 1987 1008 2060 de
1028 2014 1150 2071 causa,
1171 1986 1331 2090 aliquam
1349 1987 1481 2063 dixerit
1501 1989 1694 2065 salsitatem

279 2136 340 2197 aut
366 2118 610 2195 immiscuerit
640 2117 678 2190 in
712 2115 952 2221 deposicione
978 2145 1058 2202 sua,
1087 2116 1179 2191 dixit
1206 2145 1272 2219 per
1297 2120 1554 2222 juramentum
1585 2148 1694 2196 suurn

278 2250 382 2356 quod
396 2276 489 2335 non;
511 2247 625 2324 immo
647 2246 737 2322 dixit
757 2275 886 2349 puram
910 2263 946 2321 et
968 2273 1107 2322 meram
1127 2248 1327 2323 veritatem.

334 2515 425 2589 Item
441 2511 553 2588 frater
565 2510 719 2616 Egidius
740 2511 787 2586 de
803 2510 902 2599 Ecci,
917 2509 1022 2586 etatis
1035 2509 1298 2613 quinquaginta
1311 2539 1494 2587 annorum
1511 2511 1568 2587 vel
1583 2515 1693 2601 circa,

273 2646 420 2752 juratus
441 2642 573 2719 eodem
591 2640 705 2718 modo
724 2640 770 2716 de
792 2670 830 2716 se
852 2657 888 2716 et
904 2639 983 2716 aliis
999 2640 1037 2715 in
1054 2668 1161 2715 causa
1181 2639 1271 2714 {idei
1291 2641 1413 2716 dicero
1432 2643 1640 2731 veritatem,
1660 2662 1695 2719 et

278 2775 523 2879 interrogatus
543 2772 590 2849 de
607 2791 774 2877 tempore
791 2789 828 2847 et
847 2772 961 2847 modo
982 2798 1046 2845 sue
1063 2771 1306 2874 recepcionis,
1326 2771 1416 2846 dixit
1429 2800 1496 2875 per
1508 2773 1696 2876 juramen-

277 2921 358 2982 tum
375 2933 485 2981 suum
504 2903 607 3009 quod
626 2918 797 3005 receptus
812 2902 881 2977 fuit
900 2931 961 2977 sex
980 2902 1066 2976 anni
1084 2918 1170 2976 sunt
1186 2900 1332 2977 infesto
1349 2901 1531 2978 Omnium
1545 2903 1696 2978 Sancto·

277 3062 362 3110 rum
385 3062 506 3138 nuper
525 3032 718 3137 preterito,
740 3032 779 3106 in
800 3030 912 3107 domo
932 3031 978 3106 de
996 3030 1214 3107 Serincourt
1232 3030 1390 3105 diocesis
1407 3033 1696 3136 Remensis,pe1·

276 3164 427 3240 fratrem
454 3163 661 3239 Iohannem
686 3163 731 3238 de
759 3161 860 3237 Cella
889 3176 1145 3266 preceptorem
1167 3160 1263 3235 dicte
1285 3142 1695 3264 domusspresentibns

276 3293 452 3370 fratribus
474 3292 640 3370 Gerardo
668 3291 713 3367 de
739 3291 924 3368 Lauduno
947 3307 984 3366 et
1007 3289 1139 3395 Egidio
1160 3289 1194 3362 le
1214 3290 1363 3396 Moigne
1387 3291 1505 3367 milito
1529 3291 1617 3367 dicti
1642 3323 1695 3367 or-

156 3525 160 3531 ,
278 3422 392 3514 dinis,
423 3439 460 3497 et
479 3422 699 3527 quibusdam
721 3420 801 3498 aliis
826 3421 873 3497 de
898 3448 1060 3527 quorum
1090 3419 1306 3496 nominibus
1325 3449 1401 3495 non
1427 3420 1569 3497 recolit.
1596 3422 1695 3497 Dixit

278 3552 393 3627 eciam
413 3579 481 3655 per
494 3551 747 3655 juramentum
768 3579 876 3625 suum
896 3550 1017 3654 quod,
1037 3568 1121 3653 post
1135 3549 1270 3625 multas
1286 3551 1552 3654 promissiones
1567 3551 1696 3626 desta-

276 3682 366 3758 tutis
382 3697 418 3756 et
434 3679 678 3754 observanciis
691 3680 779 3755 dicti
794 3679 935 3754 ordinis
949 3679 1187 3755 observandis
1205 3679 1307 3755 abeo
1323 3679 1451 3768 lactas,
1468 3699 1504 3754 ot
1517 3682 1693 3756 mantello

276 3813 323 3886 ad
347 3808 484 3885 collum
509 3809 645 3913 posito,
671 3808 792 3884 dictus
815 3808 995 3912 recipiens
1027 3806 1190 3882 ostendit
1215 3808 1284 3883 sibi
1311 3809 1349 3883 in
1374 3809 1538 3914 quodam
1559 3811 1693 3887 missali

277 3969 422 4016 crucem
447 3957 483 4014 et
497 3937 705 4044 ymaginem
723 3937 837 4013 lhesu
850 3935 987 4014 Christi
1002 3937 1163 4013 crucifixi
1182 3938 1382 4041 depictam,
1399 3955 1434 4013 et
1447 3940 1611 4041 precepit
1623 3941 1693 4016 sibi

276 4071 379 4173 quod
395 4072 550 4145 lhesum
576 4067 765 4144 Christum
786 4068 892 4173 cujus
914 4094 1044 4172 ymago
1072 4083 1148 4140 erat
1175 4066 1225 4141 ibi
1253 4066 1465 4172 abnegaret,
1489 4087 1526 4143 et
1546 4088 1693 4172 spueret

276 4227 385 4303 supra
398 4229 546 4275 crucem
561 4217 597 4274 et
614 4200 839 4306 ymaginem,
862 4216 898 4273 et
917 4197 990 4274 hoc
1009 4197 1088 4302 ipse
1104 4194 1191 4271 lecit
1205 4214 1273 4272 ter.
1296 4197 1396 4272 Dixit
1416 4197 1533 4273 eciam
1555 4226 1622 4303 per
1633 4200 1694 4303 ju·

276 4347 486 4405 ramentum
507 4359 615 4406 suum
630 4329 733 4435 quod
750 4329 871 4405 dictus
884 4327 1067 4431 recipiens
1085 4327 1191 4402 dedit
1208 4327 1278 4404 sibi
1296 4327 1484 4405 licenciam
1502 4328 1692 4404 habitandi

276 4488 362 4536 cum
380 4458 555 4536 fratribus
570 4459 658 4536 dicti
679 4459 837 4545 ordinis,
860 4461 890 4534 si
908 4458 1007 4535 calor
1026 4457 1204 4533 naturalis
1221 4476 1386 4534 moveret
1401 4488 1500 4534 eum.

330 4591 578 4694 Interrogatus
599 4589 645 4667 de
661 4589 805 4678 osculo,
824 4589 914 4665 dixit
924 4617 991 4693 per
998 4588 1252 4695 juramentum
1264 4616 1372 4663 suum
1388 4588 1491 4694 quod
1507 4591 1694 4667 osculatus

275 4717 344 4794 luit
360 4718 600 4822 recipientem
623 4720 659 4793 in
681 4747 745 4795 ore
771 4719 867 4795 etin
887 4717 1068 4794 umbilico
1090 4736 1126 4794 et
1149 4718 1186 4792 in
1204 4717 1277 4793 sine
1299 4719 1403 4822 spine
1425 4718 1543 4805 dorsi;
1566 4720 1694 4797 dicens

275 4851 378 4953 quod
396 4849 539 4953 pluries
555 4850 603 4925 de
617 4849 717 4926 dicto
731 4849 865 4926 ordine
878 4849 1057 4937 exivisset,
1079 4849 1108 4923 si
1131 4847 1296 4927 auderet.
