4236 5948
727 537 923 628 rnocns
949 555 1044 626 ons
1069 554 1373 626 'ruurmnas
1685 550 1756 626 sar

342 720 450 771 cruce
475 719 559 769 cum
584 689 706 799 effigie
733 692 849 771 Jhesu
878 693 1032 782 Christi,
1062 694 1245 799 recipiens
1269 694 1383 801 peciit
1401 691 1448 769 ab
1469 719 1515 769 eo
1536 691 1567 766 si
1587 691 1762 768 credebat

342 822 446 929 quod
457 839 554 900 esset
564 820 873 902 lhesusChristus
883 825 1126 933 cujusymago
1139 825 1192 902 ibi
1208 841 1300 915 erat,
1314 825 1442 930 etipse
1454 821 1759 927 responditquod

342 954 422 1042 sic,
438 971 475 1030 et
497 970 587 1028 tunc
610 952 711 1029 idem
733 953 917 1060 recipiens
941 956 1107 1060 precepit
1132 956 1166 1031 ei
1193 972 1229 1031 et
1254 953 1427 1062 injunxit,
1449 954 1488 1028 in
1513 953 1649 1028 virtute
1670 952 1762 1029 obe-

342 1084 503 1171 diencia,
517 1083 622 1190 quod
635 1084 834 1191 abnegaret
847 1104 906 1163 ter
918 1085 1024 1163 illum
1039 1087 1147 1194 cujus
1159 1114 1292 1193 ymago
1309 1103 1387 1162 erat
1402 1085 1471 1173 ibi,
1490 1101 1598 1160 etter
1612 1101 1764 1188 spueret

342 1242 453 1320 supra
470 1242 567 1301 eam,
590 1217 867 1320 propterquod
887 1216 966 1322 ipsc
987 1215 1059 1293 fuit
1076 1216 1239 1293 multum
1259 1217 1428 1299 territus,
1451 1231 1489 1290 et
1503 1213 1665 1290 finaliter
1684 1214 1762 1319 ipso

343 1371 423 1437 cre,
447 1343 513 1421 sed
538 1373 612 1420 non
634 1345 762 1435 corde,
784 1363 828 1422 ut
848 1347 953 1433 dicit,
975 1346 1166 1453 abnegavit
1185 1362 1243 1423 ter
1261 1347 1386 1451 ipsum
1407 1346 1512 1451 cujus
1533 1372 1665 1451 ymago
1687 1361 1764 1420 erat

343 1473 412 1560 ibi,
435 1491 474 1550 et
492 1492 549 1549 ter
560 1475 660 1578 spuit
675 1504 787 1580 supra
802 1505 949 1552 crucem
972 1493 1008 1552 et
1022 1476 1231 1581 ymaginem
1247 1475 1443 1580 predictas.

396 1606 489 1680 Item
505 1603 598 1679 dixit
609 1631 678 1709 per
690 1605 944 1711 juramentum
966 1605 1069 1710 quod
1088 1605 1277 1682 osculatus
1296 1604 1366 1681 suit
1384 1605 1562 1681 eumdem
1580 1604 1762 1708 recipien-

342 1751 433 1823 tem,
451 1734 499 1810 de
517 1751 692 1841 precepto
709 1734 899 1843 ejusdem,
916 1735 956 1810 in
980 1733 1172 1811 umbilico.

396 1867 490 1942 Item
508 1864 677 1970 dixitper
686 1868 942 1974 juramentum
958 1893 1067 1942 suurn
1082 1866 1187 1971 quod
1200 1866 1384 1970 recipiens
1394 1865 1563 1970 precepit
1573 1863 1643 1941 sibi
1660 1866 1761 1970 quod

343 1995 544 2073 abstineret
571 2024 592 2070 a
615 1995 852 2084 mulieribus,
881 2010 918 2072 et
947 1995 1052 2101 quod
1079 1995 1109 2071 si
1136 1994 1235 2071 calor
1261 1995 1437 2072 naturalis
1462 2011 1628 2072 moveret
1655 2023 1761 2081 eum,

342 2125 445 2232 quod
467 2125 621 2203 haberet
645 2154 725 2202 rem
749 2125 944 2203 carnaliter
969 2154 1056 2202 cum
1076 2123 1252 2202 fratribus
1267 2126 1360 2213 suis,
1384 2144 1421 2202 et
1440 2125 1611 2202 similiter
1633 2152 1698 2201 eos
1717 2126 1764 2200 ad

343 2254 580 2333 concubitum
603 2255 826 2332 admitteret.
849 2253 925 2334 Sed
944 2255 1023 2360 ipse
1040 2283 1231 2362 nunquam
1246 2254 1350 2342 lecit,
1373 2273 1415 2332 ut
1434 2255 1542 2343 dicit,
1565 2284 1634 2333 nec
1653 2284 1766 2361 super

343 2380 416 2462 hoc
436 2384 554 2464 extitit
570 2385 783 2491 requisitus.
800 2386 937 2462 Dicens
957 2385 1059 2492 quod
1080 2384 1302 2461 multociens
1322 2384 1392 2461 fuit
1407 2385 1476 2462 sibi
1492 2402 1712 2490 preceptum
1729 2402 1765 2462 et

343 2513 546 2594 inhibitum
567 2515 613 2593 ab
633 2515 698 2593 illo
718 2515 783 2622 qui
803 2514 955 2592 tenebat
974 2513 1176 2621 capitulum
1199 2514 1304 2620 quod
1324 2514 1429 2591 nullo
1450 2514 1565 2593 modo
1586 2516 1766 2593 revelaret

342 2644 507 2750 predicta
523 2664 662 2722 secreta
676 2645 831 2723 ordinis.

369 2798 372 2803 ’
399 2779 493 2854 ltem
518 2776 610 2852 dixit
634 2805 702 2882 per
727 2777 983 2883 juramentum
1001 2803 1113 2851 suum
1132 2775 1238 2879 quod
1256 2775 1347 2851 vidit
1368 2775 1483 2881 recipi
1513 2775 1625 2852 simili
1650 2775 1765 2853 modo

343 2905 495 2984 fratrem
506 2909 676 2996 Petrum,
688 2924 816 2983 natum
829 2934 947 3013 prope
960 2907 1171 2995 Yvriscum‚
1188 2905 1387 3013 agricolam
1403 2905 1538 2983 domus
1548 2906 1595 2982 dc
1607 2905 1764 3012 Orengi,

343 3053 381 3114 et
402 3037 554 3114 lratrem
579 3038 786 3114 iohannem
811 3037 890 3144 ejus
913 3036 1065 3114 fratrem
1091 3054 1301 3115 morantem
1325 3037 1364 3112 in
1391 3037 1505 3113 domo
1532 3036 1579 3113 de
1603 3035 1767 3113 Puteolis

337 3167 442 3273 juxta
461 3170 639 3272 Luparas,
663 3185 701 3244 et
717 3167 898 3274 abnegare
920 3185 958 3245 et
974 3195 1109 3274 spuere
1126 3167 1221 3244 sicut
1240 3195 1361 3273 supra.

398 3301 491 3374 ltem
509 3298 616 3389 dixit,
638 3327 706 3403 per
719 3299 976 3405 juramentum
997 3327 1109 3375 sunm
1130 3296 1176 3374 ab
1198 3326 1243 3374 eo
1262 3325 1374 3402 super
1396 3297 1467 3374 boc
1481 3298 1618 3374 iterum
1638 3299 1770 3403 presti-

341 3446 440 3519 tum,
453 3429 556 3535 quod
571 3429 625 3517 vi,
642 3429 699 3506 vel
713 3446 819 3506 metu
834 3428 991 3506 carceris
1006 3445 1070 3506 aut
1085 3428 1279 3519 tormenti,
1295 3457 1363 3506 seu
1374 3427 1575 3519 diamasa,
1591 3455 1667 3506 non
1679 3428 1769 3505 dixit

343 3556 445 3635 aliud
470 3588 583 3664 quam
605 3560 811 3649 veritatem,
834 3587 904 3636 nec
929 3558 1118 3664 premissis
1144 3559 1345 3635 immiscuit
1367 3559 1528 3665 aliquam
1554 3558 1766 3645 salsitatem,

343 3705 380 3766 et
403 3691 508 3795 quod
535 3719 668 3796 puram
691 3690 883 3767 veritatem
910 3690 1001 3767 dixit
1024 3718 1094 3796 pro
1115 3690 1232 3768 salute
1257 3690 1378 3767 anime
1404 3719 1483 3768 sue.
1509 3693 1618 3768 Facte
1643 3707 1768 3768 sutem

342 3817 495 3897 fuerunt
519 3819 770 3898 confessiones
794 3837 833 3896 et
858 3819 1117 3925 deposiciones
1140 3820 1210 3896 hec
1234 3849 1254 3896 a
1277 3820 1385 3897 dictis
1404 3821 1570 3927 quinque
1594 3819 1768 3897 iratribus

343 3950 558 4028 immediate
583 3949 871 4055 precedentibus
889 3950 1141 4057 singulariter,
1163 3967 1205 4027 ut
1222 3951 1462 4055 premittitur,
1479 3950 1703 4059 juramentis
1722 3949 1767 4025 ab

342 4080 508 4186 ipsorum
521 4081 690 4187 quolibet
704 4099 747 4158 ut
761 4109 872 4187 supra
885 4080 1022 4157 dicitur
1033 4081 1213 4187 prestitis,
1228 4082 1267 4156 in
1282 4084 1471 4185 presencia
1486 4081 1573 4157 dicti
1587 4080 1709 4157 fratris
1723 4082 1765 4156 N.

343 4211 583 4287 commissarii
609 4212 764 4315 predicti
795 4210 938 4288 domini
969 4210 1200 4317 inquisitoris
1225 4208 1373 4317 prelati,
1399 4209 1498 4296 loco,
1528 4237 1643 4297 anno,
1670 4210 1768 4285 indi-

342 4339 468 4428 cione,
492 4340 728 4444 pontificatu,
752 4369 849 4419 anno
871 4359 908 4418 et
935 4341 996 4418 die
1018 4341 1211 4446 predictis,
1239 4341 1476 4448 presentibus
1488 4340 1671 4448 religiosis
1682 4340 1768 4415 viris

342 4467 519 4547 fratribus
536 4472 758 4577 Raymundo
779 4473 826 4548 de
846 4471 1014 4549 Tholosa
1034 4489 1072 4548 et
1090 4471 1251 4578 Rogerio
1271 4471 1317 4548 de
1338 4471 1472 4578 Apulia
1499 4470 1643 4548 ordinis
1658 4471 1769 4545 llere-

343 4600 520 4678 mitarum
547 4603 669 4680 Sancti
699 4602 917 4710 Augustini,
946 4619 984 4679 et
1008 4602 1164 4679 dominc
1185 4601 1377 4679 Clemente
1402 4602 1449 4678 de
1469 4600 1692 4678 Castellione
1714 4631 1769 4676 ca-

342 4732 478 4808 nonico
498 4733 729 4821 Nivemensi,
746 4733 906 4810 testibus
921 4734 967 4809 ad
988 4734 1059 4810 hoc
1078 4733 1214 4809 vocatis
1229 4749 1267 4809 et
1279 4732 1428 4839 rogatis.
