4236 5948
351 505 425 576 soe
734 481 928 575 esoces
960 499 1055 571 ons
1085 497 1389 573 rnurnrnas.

350 642 496 750 negavit
510 640 635 718 Deum
657 668 741 728 ore,
761 668 839 719 non
854 642 984 728 corde,
1005 641 1045 716 in
1065 641 1256 744 presencia
1277 641 1366 717 dicti
1385 642 1603 746 receptoris,
1619 661 1657 720 et
1677 642 1771 724 aiio·

348 804 435 852 rum
463 773 529 879 qui
561 770 756 849 adfuerant
790 771 1001 878 recepcioni
1031 797 1114 860 sue,
1144 789 1181 847 et
1210 769 1333 849 fratris
1360 772 1500 848 Matbie
1533 772 1580 848 de
1605 775 1772 884 Stampis

349 904 542 1012 quondam
562 903 755 980 servientis
777 903 866 980 dicti
885 901 1126 1009 preceptoris.
1146 900 1281 1008 Aliqua
1304 918 1431 979 tamen
1456 902 1526 979 alia
1544 902 1675 982 illicita
1690 934 1771 986 non

349 1036 441 1112 dixit
457 1061 528 1110 nec
552 1032 720 1139 precepit
747 1033 873 1111 eidem
891 1049 1089 1140 preceptor
1105 1032 1310 1139 predictus.
1331 1032 1435 1110 Dixit
1461 1034 1578 1109 eciam
1598 1036 1704 1141 quod
1725 1064 1769 1132 ex

347 1183 437 1241 tunc
461 1162 680 1269 frequenter
697 1162 880 1241 habuerat
901 1163 1131 1241 voluntatem
1154 1160 1327 1239 ordinem
1348 1179 1503 1268 propter
1529 1164 1601 1240 boc
1628 1167 1773 1272 specia-

348 1296 434 1372 liter
464 1292 642 1384 exeundi,
669 1293 736 1370 sed
766 1321 843 1370 non
874 1294 1052 1381 audebat,
1083 1293 1171 1398 quia
1195 1293 1355 1370 timebat
1385 1293 1489 1399 qnod
1509 1296 1771 1400 capereturab

349 1427 418 1514 eis,
439 1441 478 1502 et
496 1424 601 1530 quod
621 1423 693 1500 sibi
710 1425 907 1529 personale
919 1424 1134 1532 periculum
1158 1425 1385 1502 immineret.
1405 1426 1517 1513 Item,
1544 1427 1637 1503 dixit
1663 1428 1771 1536 qued

348 1558 426 1663 ipse
441 1571 633 1660 receperat
654 1553 807 1632 fratrem
827 1556 996 1634 Arneum
1017 1555 1064 1632 de
1080 1554 1270 1633 Britannia
1285 1555 1538 1662 presbiterum
1555 1556 1768 1663 qnondam,

348 1688 386 1762 in
407 1686 549 1793 capella
566 1686 702 1762 domus
721 1686 874 1792 Templi
895 1686 1188 1793 Andegavenais,
1213 1703 1301 1763 sunt
1320 1686 1468 1763 circiter
1487 1714 1538 1764 xrr
1557 1688 1663 1780 anni,
1684 1717 1772 1795 pre·

347 1816 517 1893 sentibus
535 1815 713 1892 fratribus
730 1817 872 1893 Mathia
888 1816 1067 1896 Veibardi
1093 1816 1140 1893 de
1168 1816 1299 1894 Castro
1324 1817 1516 1924 Raynaudi
1535 1819 1772 1896 Turonensis

347 1948 523 2036 diocesis,
538 1945 707 2024 Mamilio
731 1947 837 2053 cujus
853 1975 1064 2055 cognomen
1085 1947 1247 2055 ignorat,
1266 1946 1481 2037 deffunctie,
1505 1964 1543 2024 et
1559 1947 1771 2029 Guildelmo

347 2078 395 2153 de
421 2080 558 2155 Monac
583 2077 816 2154 Turonensis
844 2077 1019 2168 diocesis,
1046 2104 1163 2184 quem
1194 2077 1313 2155 credit
1336 2078 1474 2165 vivere,
1501 2078 1767 2172 servientibus,

345 2208 385 2283 in
407 2235 572 2313 quorum
601 2207 808 2313 presencia,
829 2207 951 2312 prime
981 2207 1042 2283 die
1073 2207 1320 2313 receptionis,
1342 2206 1431 2284 fecit
1448 2236 1556 2301 cnm,
1580 2224 1667 2314 post
1692 2227 1772 2287 tra-

348 2336 537 2415 dicionem
563 2336 747 2425 martelli,
770 2335 1063 2444 abnegacionem
1088 2336 1208 2414 facere
1229 2337 1497 2443 supradictam,
1520 2338 1568 2415 de
1593 2365 1672 2445 qno
1695 2338 1772 2419 fcit

346 2467 449 2544 idem
464 2466 650 2573 presbiter
667 2465 832 2543 muitum
847 2467 1032 2544 turbatim.

400 2598 616 2706 disquisitos
633 2625 749 2704 quare
775 2596 863 2674 iecit
884 2597 967 2674 fieri
998 2596 1207 2703 predictam
1235 2597 1544 2704 abnegacionem,
1570 2601 1773 2705 respondit

344 2730 452 2835 quod·
467 2756 537 2836 pro
557 2757 603 2806 eo
622 2728 710 2834 quia
735 2729 989 2804 communiter
1005 2727 1121 2804 fiebat
1149 2727 1189 2803 in
1210 2727 1364 2818 ordine,
1389 2745 1428 2805 et
1454 2729 1542 2834 quia
1562 2729 1633 2807 sibi
1661 2730 1771 2809 vide·

343 2875 407 2934 tur
438 2860 542 2965 quod
561 2857 675 2936 frater
698 2860 830 2935 Petrus
849 2858 896 2934 de
917 2857 1122 2936 V-iilaribus
1150 2856 1261 2935 miles
1282 2859 1492 2964 quondam,
1514 2876 1606 2936 tunc
1624 2862 1771 2966 ‘prece-

342 3005 429 3092 ptor
442 2989 617 3081 Pictavie,
638 3005 857 3094 preceperat
873 2987 1000 3064 eidem
1013 2989 1099 3064 testi
1113 2987 1234 3092 quod,
1245 2988 1400 3094 quando
1414 2988 1600 3094 reciperet
1612 2988 1766 3079 iratres,

342 3118 479 3196 feceret
502 3118 585 3195 fieri
603 3117 897 3224 abnegaoionem
923 3117 1142 3221 predictam.
1169 3119 1280 3205 Item,
1307 3118 1400 3194 dixit
1427 3120 1533 3224 quod
1552 3118 1680 3224 plures
1706 3148 1771 3196 re-

344 3249 519 3355 cepisset,
539 3248 613 3325 nisi
634 3245 864 3325 consciencia
880 3245 1125 3324 remordisset
1142 3274 1230 3323 enm
1247 3246 1295 3324 de
1314 3249 1387 3325 boc
1406 3249 1512 3354 quod
1532 3249 1661 3326 illicite
1681 3278 1772 3358 age-

342 3377 454 3454 batur
485 3379 525 3454 in
555 3375 841 3483 recepcionibus
870 3376 1064 3482 predictis,
1095 3377 1251 3481 etquis
1279 3376 1498 3483 frequenter
1527 3377 1672 3455 fiebant
1697 3404 1771 3485 per

343 3507 569 3614 symoniam,
590 3508 674 3584 data
689 3506 870 3612 peccunia
884 3504 944 3582 vel
965 3505 1047 3582 aliis
1067 3506 1385 3612 equipolentibus.
1405 3507 1508 3585 Dixit
1522 3507 1643 3584 eciam
1659 3510 1770 3616 quod·

342 3637 552 3715 secundum
576 3638 735 3715 modum
759 3636 974 3742 predictum
993 3637 1137 3714 videret
1160 3636 1200 3712 in
1226 3637 1359 3714 ordine
1391 3637 1508 3744 recipi
1534 3638 1692 3727 muitos,
1720 3641 1768 3718 -in

343 3767 517 3873 capitadie
543 3767 739 3847 celebratis
764 3767 864 3873 apud
895 3765 1088 3844 Ausonem
1116 3767 1338 3845 Pictavensis
1365 3768 1524 3846 diocesis
1550 3771 1653 3846 etin
1680 3769 1768 3849 aliis

343 3896 451 3986 locis,
479 3916 519 3975 et
541 3898 748 3976 nominavit
768 3897 913 3975 dictum
940 3896 1091 3974 fratrem
1116 3895 1368 3976 Guillelmum
1398 3898 1446 3975 de
1473 3900 1626 3990 Munac,
1649 3928 1767 4007 quem

342 4027 435 4105 vidit
456 4029 572 4134 recipi
589 4029 629 4105 in
652 4029 795 4135 capelia
817 4028 957 4106 domus
977 4027 1127 4134 Templi
1147 4028 1196 4104 de
1216 4028 1307 4106 Belo
1328 4030 1561 4108 Turonensis
1585 4031 1765 4124 diocesis,

341 4174 430 4236 sunt
447 4187 508 4239 aar
532 4160 622 4236 anni
653 4175 692 4236 et
707 4159 827 4249 ultre,
846 4186 916 4265 per
934 4158 1088 4236 fratrcuu
1109 4156 1360 4236 Amblardum
1381 4159 1428 4235 de
1443 4159 1769 4266 Vienesiosqnon-

342 4288 446 4381 dam,
474 4306 735 4397 preceptorem
758 4306 849 4365 tnnc
874 4289 1051 4381 Pictavie‚
1074 4288 1315 4395 presentibus
1340 4288 1518 4367 iratribus
1538 4291 1687 4369 Tbonia
1715 4290 1768 4368 de

340 4419 509 4497 Varrone
520 4420 735 4528 quondam,
749 4437 788 4496 et
805 4418 888 4498 aliis
908 4420 1110 4526 dequibus
1125 4436 1203 4498 non
1223 4421 1458 4508 recordatum
1479 4421 1527 4497 de
1545 4420 1765 4500 nominibus

340 4547 502 4626 aliorum
520 4579 617 4657 quos
640 4550 852 4628 secundum
877 4551 1041 4628 modum.
1062 4552 1276 4657 predictum
1299 4551 1394 4627 vidit
1423 4550 1538 4657 recipi
1559 4551 1654 4629 dixit
1671 4578 1765 4658 pm·

341 4679 552 4758 sencialiter.
578 4709 625 4760 se
647 4709 725 4760 non
749 4682 950 4760 reeordari.
978 4684 1089 4774 ltem,
1116 4683 1210 4761 dixit
1227 4709 1267 4759 se
1299 4682 1512 4759 interfuisse
1531 4681 1765 4788 recepcioni·

339 4809 412 4887 bus
438 4809 560 4891 fratris
577 4811 773 4892 Guilieimi
796 4813 846 4891 de
866 4812 1056 4904 Sorolme,
1076 4814 1182 4892 testis
1202 4812 1284 4889 beri
1306 4813 1524 4905 examinati3
1541 4811 1608 4891 sed
1622 4811 1762 4889 tradite
