4236 5948
734 552 928 646 raeces
955 573 1050 644 nus
1076 573 1375 645 rumpamus.
1690 578 1763 652 aer

342 711 412 788 bus
434 729 469 786 et
486 712 637 816 notariis
656 714 926 820 suprascriptis,
953 730 990 790 et
1007 742 1179 791 unacum
1198 715 1313 820 signis
1334 732 1370 791 et
1385 715 1638 823 subscriptum
1657 738 1764 797 nota-

342 842 484 918 riorum
510 841 675 946 ipsorum
696 843 844 951 signum
860 872 987 920 meum
1013 861 1232 922 consuetum
1258 863 1406 951 rogatus
1426 848 1601 951 apposui,
1623 849 1764 925 hicme

343 972 592 1049 subscribens.

399 1236 437 1309 ln
458 1236 609 1310 nomine
626 1235 777 1312 Domini
802 1263 924 1311 amen.
949 1233 1057 1312 Anno
1079 1237 1247 1343 ejusdem
1268 1234 1468 1314 millesimo
1491 1253 1571 1315 ccc⁰
1585 1241 1762 1346 septimo,

342 1364 529 1440 indicione
547 1382 661 1455 sexta,
685 1393 811 1442 mense
828 1366 1056 1452 novembris,
1079 1365 1249 1470 ejusdem
1270 1367 1407 1443 mensis
1427 1368 1488 1443 die
1504 1392 1597 1455 xxm,
1613 1368 1764 1473 pontifi-

343 1510 444 1571 catus
455 1495 672 1571 sanctissimi
687 1497 800 1600 patris
816 1513 852 1572 et
865 1496 1009 1572 domini
1022 1496 1165 1573 domini
1178 1495 1382 1573 Clementis
1393 1497 1515 1573 divina
1526 1496 1763 1603 providencia

341 1650 435 1732 pape
456 1627 574 1730 quinti
592 1654 690 1702 anno
707 1627 888 1714 secundo,
906 1628 944 1701 in
962 1626 1152 1730 presencia
1168 1625 1332 1732 religiosi
1348 1643 1386 1702 et
1399 1627 1544 1704 honesti
1560 1629 1626 1703 viri
1643 1627 1764 1705 fratris

341 1757 481 1834 Nicolai
511 1758 558 1833 de
586 1757 782 1834 Anessiaco
825 1758 967 1835 ordinis
1002 1755 1159 1834 fratrum
1188 1757 1487 1846 Predicatorum,
1522 1758 1762 1836 commissarii

342 1887 415 1964 dati
438 1917 457 1963 a
477 1888 652 1993 religioso
678 1904 715 1964 et
743 1888 901 1965 honesto
931 1889 1010 1964 viro
1039 1886 1151 1963 lratre
1180 1887 1385 1965 Guillelmo
1411 1888 1458 1963 de
1481 1887 1641 1965 Parisius
1673 1889 1762 1965 dicti

344 2019 502 2106 ordinis,
531 2018 761 2125 inquisitoris
785 2019 949 2095 heretice
975 2019 1161 2124 pravitatis
1180 2020 1218 2093 in
1239 2047 1353 2125 regno
1374 2019 1526 2094 Francie
1548 2022 1764 2095 auctoritate

342 2148 544 2254 apostolica
560 2150 753 2252 deputato,
773 2148 961 2224 existentis
976 2150 1015 2227 in
1032 2148 1206 2225 domibus
1216 2147 1362 2252 Templi
1378 2147 1609 2236 Parisiensis‚
1621 2176 1690 2253 pro
1707 2148 1765 2223 in-

341 2278 527 2383 quirendo
558 2294 682 2354 contra
711 2277 889 2383 quasdam
921 2306 1099 2382 personas
1128 2277 1270 2354 ordinis
1300 2278 1438 2352 milicie
1463 2276 1612 2382 Templi
1641 2278 1765 2353 eidem

341 2434 451 2512 supra
467 2407 566 2483 dicto
582 2408 736 2482 crimine
754 2405 910 2494 delatas,
933 2425 1102 2483 nostrum
1118 2408 1350 2483 notariorum
1365 2425 1401 2482 et
1414 2407 1565 2482 testium
1584 2407 1766 2483 infrascri-

340 2550 508 2640 ptorum,
530 2536 774 2641 personaliter
795 2537 1019 2613 constitutus
1043 2536 1153 2612 lrater
1172 2535 1327 2643 Egidius
1352 2537 1400 2611 de
1419 2535 1614 2612 Cheuruto
1640 2537 1765 2613 locum

340 2679 472 2742 tenens
491 2668 719 2772 preceptoris
740 2666 787 2742 de
805 2669 993 2774 Fresnayo
1008 2667 1111 2773 juxta
1135 2666 1356 2759 Pruvinum,
1378 2663 1692 2772 quadragenarius
1708 2666 1763 2742 vel

271 2890 275 2898 Ι
345 2795 454 2881 circa,
467 2795 612 2903 juratus
632 2797 677 2873 ad
699 2813 821 2873 sancta
840 2797 911 2873 Dei
926 2796 1122 2902 Evangelia
1142 2796 1188 2874 ab
1204 2822 1250 2873 eo
1266 2811 1361 2870 tacta
1378 2794 1503 2870 dicere
1517 2796 1565 2871 de
1577 2824 1616 2871 se
1632 2813 1670 2873 et
1684 2795 1766 2871 aliis

345 2923 383 2999 in
397 2954 505 3003 causa
524 2924 610 3001 fidei
628 2927 794 3032 plenem,
810 2954 942 3032 puram
964 2943 1001 3002 et
1021 2927 1203 3031 integram
1220 2927 1429 3014 veritatem
1460 2943 1497 3000 et
1517 2925 1765 3032 interrogatus

346 3055 392 3131 de
417 3074 586 3161 tempore
613 3075 649 3133 et
673 3056 787 3134 modo
808 3085 873 3133 sue
894 3056 1141 3163 recepcionis,
1169 3056 1260 3132 dixit
1279 3082 1346 3160 per
1366 3056 1625 3161 juramentum
1651 3081 1777 3131 suum·

344 3185 448 3290 quod
467 3186 538 3263 fuit
557 3205 729 3294 receptus
749 3188 848 3293 apud
869 3188 1123 3275 Cheumtum,
1148 3214 1197 3264 xn
1217 3186 1304 3263 anni
1327 3183 1477 3262 luerunt
1499 3186 1537 3259 in
1558 3184 1653 3263 sesto
1673 3187 1765 3264 Om-

344 3315 450 3391 nium
475 3318 696 3394 Sanctorum
721 3346 842 3423 nuper
863 3317 1061 3424 preterito,
1087 3345 1156 3425 per
1177 3317 1328 3392 fratrem
1352 3315 1592 3421 Radulphum
1618 3316 1665 3392 de
1686 3317 1765 3393 Gisi

345 3464 576 3553 receptorem
587 3449 803 3554 Campanie,
819 3448 1057 3553 presentibus
1066 3448 1242 3526 fratribus
1259 3449 1419 3525 llenrico
1432 3446 1479 3523 de
1492 3447 1641 3552 Soupir,
1655 3448 1766 3525 Petro

346 3576 395 3653 de'
407 3579 562 3655 Cheuru
577 3595 612 3653 et
627 3578 853 3682 quibusdam
866 3580 947 3654 aliis
963 3579 1010 3655 de
1026 3608 1189 3686 quorum
1203 3580 1418 3656 nominibus
1429 3607 1504 3655 non
1515 3578 1656 3655 recolit.
1670 3580 1768 3656 Dixit

345 3711 460 3784 eciam
491 3734 557 3811 per
577 3709 836 3813 juramentum
857 3737 968 3784 sunm
998 3710 1117 3814 quod,
1148 3726 1233 3813 post
1261 3709 1397 3784 multas
1423 3708 1691 3813 promissiones
1719 3710 1766 3786 de

345 3838 489 3915 statutis
503 3855 540 3914 et
559 3838 709 3914 secretis
729 3836 817 3912 dicti
838 3837 979 3913 ordinis
992 3836 1230 3913 observandis
1249 3837 1295 3914 ab
1316 3865 1361 3914 eo
1382 3835 1508 3923 lactas,
1532 3855 1569 3915 et
1589 3838 1766 3915 mantello

345 3968 416 4047 sibi
435 3969 482 4044 ad
497 3968 635 4046 collum
650 3968 789 4073 posito,
810 3967 931 4044 dictus
942 3968 1125 4072 recipiens
1137 3967 1300 4045 ostendit
1314 3966 1384 4043 sibi
1398 3967 1599 4072 quamdam
1617 3994 1766 4042 crucem

345 4128 418 4207 qne
431 4101 528 4177 solet
543 4099 680 4206 portari
698 4098 744 4174 ad
757 4096 905 4186 lunera,
922 4116 960 4175 et
974 4098 1088 4204 peciit
1102 4097 1148 4173 ab
1165 4125 1210 4173 eo
1221 4114 1350 4173 utrum
1362 4097 1532 4191 crederet
1548 4098 1585 4171 in
1600 4124 1687 4172 eum
1703 4100 1765 4202 qui

345 4258 472 4336 passus
488 4230 609 4306 suerat
617 4230 656 4304 in
668 4259 728 4317 ea,
743 4245 780 4305 et
794 4229 872 4335 ipse
889 4227 981 4305 dixit
994 4245 1031 4304 et
1047 4227 1242 4336 respondit
1251 4226 1353 4333 quod
1365 4226 1433 4312 sic;
1454 4244 1491 4302 et
1504 4242 1632 4331 postea
1646 4227 1767 4303 dictus

347 4363 527 4468 recipiens
545 4361 712 4467 precepit
731 4360 801 4437 sibi
822 4361 925 4466 quod
942 4375 1093 4464 spueret
1110 4386 1220 4463 supra
1240 4385 1408 4448 crucem3
1434 4354 1540 4462 quod
1559 4355 1638 4463 ipse
1664 4358 1770 4434 linxit

346 4493 482 4585 facere,
494 4493 557 4570 sed
567 4512 690 4570 tamen
709 4492 852 4598 aliquid
865 4491 1128 4597 desputamine
1142 4488 1365 4567 noncecidit
1378 4516 1489 4594 supra
1498 4489 1649 4563 crircem
1664 4489 1768 4594 quod

347 4642 483 4729 posset.
512 4626 762 4730 Interrogatus
790 4621 1006 4709 deoscu10,
1036 4620 1129 4697 dixit
1152 4648 1220 4726 per
1243 4620 1499 4726 juramentum
1525 4645 1636 4694 suum
1664 4620 1770 4724 quod

348 4754 469 4833 dictus
486 4755 668 4860 recipiens
686 4754 795 4830 traxit
815 4782 902 4829 eum
929 4742 978 4830 ad
996 4768 1156 4859 partem,
1180 4768 1218 4831 et
1241 4749 1328 4827 secit
1351 4778 1389 4826 se
1409 4748 1568 4828 osculari
1596 4748 1643 4824 ab
1663 4777 1711 4824 eo
1732 4750 1769 4823 in

347 4908 430 4976 ore,
452 4889 490 4962 in
510 4884 692 4962 umbilico
713 4902 750 4961 et
769 4884 808 4961 in
822 4885 899 4961 fine
915 4884 1021 4989 spine
1038 4883 1152 4961 dorsi.
1175 4882 1275 4959 Dixit
1291 4881 1407 4957 eciam
1428 4908 1496 4986 per
1509 4881 1767 4987 juramentum

1571 5029 1620 5107 49.
