4236 5948
357 555 431 627 286
753 539 949 628 PROCES
975 555 1070 625 DES
1096 553 1394 626 TEMPLIRRS.

356 694 495 773 multas
514 694 779 799 promissiones
799 696 846 772 ab
867 724 912 772 eo
935 693 1046 772 lactas
1067 693 1113 771 de
1136 694 1377 772 observandis
1397 695 1560 782 statutis,
1583 714 1783 775 consuetu·

358 824 511 900 dinibus
539 842 576 900 et
601 826 749 927 secretis
775 825 932 914 ordinis,
957 824 1028 902 luit
1051 825 1122 905 sihi
1143 841 1334 930 apportata
1355 853 1444 902 crux
1463 823 1503 901 in
1523 853 1597 930 qua
1619 843 1699 904 erat
1718 826 1782 903 de-

356 956 452 1059 picta
471 984 605 1063 ymago
624 955 740 1033 lhesu
759 956 914 1043 Christi,
937 976 975 1032 et
992 974 1081 1033 tunc
1101 956 1268 1064 precepit
1288 955 1357 1032 sibi
1379 955 1502 1033 dictus
1523 955 1698 1062 magister
1716 959 1780 1063 qui

356 1088 496 1192 recepit
522 1114 608 1162 eum
628 1085 733 1192 quod
758 1104 816 1163 tcr
843 1105 994 1192 spueret
1020 1116 1132 1193 supra
1156 1087 1293 1164 dictam
1315 1114 1464 1165 crucem
1484 1103 1522 1163 et
1545 1088 1778 1193 ymaginem,
1865 1067 1868 1075 Α

356 1217 458 1324 quod
480 1216 568 1294 lecit
587 1215 635 1292 de
652 1235 827 1323 precepto
847 1246 932 1306 sne,
948 1235 985 1296 et
999 1236 1143 1324 postea,
1162 1218 1209 1294 de
1224 1235 1400 1324 precepto
1417 1215 1589 1325 ejusdem
1599 1218 1782 1323 recipien-

354 1349 417 1437 tis,
441 1346 628 1426 osculatus
642 1347 715 1425 luit
735 1377 822 1425 eum
837 1349 876 1425 in
893 1349 1059 1426 inferiori
1076 1367 1178 1455 parte
1194 1349 1302 1455 spine
1323 1348 1441 1435 dorsi,
1461 1348 1629 1426 secundo
1645 1349 1686 1425 in
1700 1377 1783 1426 um·

354 1477 485 1567 hilico,
501 1497 538 1555 et
547 1480 657 1556 tertio
667 1480 705 1557 in
717 1507 799 1567 ore;
815 1480 951 1558 etdixit
963 1509 1031 1586 per
1040 1481 1298 1587 juramentum
1310 1508 1422 1558 snum
1436 1456 1559 1585 quod,
1574 1480 1647 1556 hoc
1662 1478 1778 1570 laeto,

353 1611 539 1716 recipiens
570 1611 737 1716 precepit
763 1613 796 1688 ei
826 1610 931 1719 quod
959 1610 1115 1690 baberet
1144 1641 1224 1689 rem
1252 1641 1338 1690 cum
1362 1610 1540 1689 fratribus
1559 1609 1723 1704 ordinis,
1749 1614 1780 1688 si

353 1741 477 1830 vellet,
501 1758 539 1818 et
556 1759 709 1847 propter
727 1743 801 1820 hoc
820 1743 975 1821 credens
994 1742 1066 1821 sibi
1083 1743 1195 1821 licere
1211 1744 1290 1820 sine
1309 1760 1476 1849 peccato,
1499 1741 1558 1819 bis
1574 1742 1782 1821 immiscuit

353 1901 392 1949 se
413 1873 609 1950 carnaliter
629 1903 714 1952 cum
742 1875 907 1982 quodam
930 1875 997 1981 qui
1020 1893 1171 1952 vocatur
1194 1874 1307 1952 frater
1326 1871 1573 1961 Guillermus,
1601 1873 1690 1951 dicti
1720 1899 1781 1949 or-

353 2003 467 2093 dinis,
496 2003 562 2081 sed
587 2003 704 2082 nescit
728 2006 792 2082 ubi
820 2022 988 2083 moratur
1010 2034 1121 2082 nunc.
1146 2006 1249 2082 Dixit
1276 2005 1392 2081 eciam
1419 2001 1524 2108 quod
1548 2001 1780 2107 intelligebat

352 2136 541 2210 racionem
561 2135 718 2241 predicti
739 2135 900 2213 mandati
920 2134 992 2214 sibi
1013 2135 1114 2223 sacti,
1132 2136 1237 2243 quod
1256 2137 1286 2213 si
1306 2133 1401 2213 illud
1420 2133 1555 2210 vicium
1575 2133 1780 2213 commisis-

352 2282 408 2339 set
428 2294 514 2342 cnm
539 2264 613 2342 alio
641 2266 707 2372 qui
737 2295 812 2344 nou
841 2283 937 2344 esset
961 2265 1008 2344 de
1027 2265 1184 2356 ordine,
1210 2284 1404 2373 peccatum
1427 2264 1591 2353 lecisset,
1617 2265 1686 2343 sed
1704 2291 1778 2342 non

278 2397 282 2405 '
352 2424 437 2471 cum
459 2395 532 2474 illis
552 2395 599 2473 de
617 2396 763 2475 ordine.

407 2528 621 2633 Reqnisitus
632 2556 698 2633 per
705 2529 1083 2634 juramentumsuum
1097 2545 1225 2605 utrum
1240 2529 1288 2616 vi,
1304 2527 1361 2604 vel
1368 2543 1775 2616 metutormentorum,

351 2658 407 2735 vel
416 2661 553 2735 timore
566 2658 723 2766 alicujus
736 2688 848 2764 pene,
864 2687 930 2738 seu
946 2658 1017 2737 alia
1032 2687 1268 2766 quacumque
1285 2658 1333 2737 de
1351 2686 1477 2745 causa,
1494 2656 1658 2764 aliquam
1678 2657 1777 2734 salsi-
1870 2635 1871 2640 Ἰ

349 2808 463 2869 tatem
481 2790 634 2867 dixisset
648 2789 704 2866 vel
725 2791 988 2868 immiscuisset
1002 2791 1043 2868 in
1067 2819 1133 2869 sna
1156 2790 1415 2895 deposicione,
1440 2788 1498 2865 vel
1515 2789 1709 2866 veritatem
1725 2805 1778 2864 ta·

350 2922 501 3011 ruisset,
518 2921 611 2999 dixit
627 2949 695 3025 per
703 2921 963 3027 juramentum
982 2949 1092 2998 suum
1105 2921 1210 3026 qnod
1228 2947 1322 3007 non,
1345 2917 1413 2996 sed
1427 2946 1558 3022 puram
1581 2934 1619 2994 et
1635 2946 1775 2995 meram

348 3054 540 3129 veritatem
560 3051 703 3128 dixerat
716 3052 796 3128 sine
817 3051 985 3129 falsitate.

404 3314 495 3389 ltem
511 3310 623 3388 frater
639 3311 813 3388 Terricus
834 3310 881 3386 de
896 3312 1023 3389 Remis
1034 3286 1232 3417 picceptor
1246 3310 1382 3385 domus
1395 3309 1443 3388 de
1458 3311 1629 3415 Pruneyo
1644 3309 1775 3386 Ebroi·

348 3442 467 3517 censis
489 3442 662 3529 diocesis,
692 3441 797 3518 etatis
822 3441 1092 3548 quinquaginta
1111 3469 1296 3518 annorum
1311 3420 1374 3515 'vel
1394 3441 1508 3526 circa,
1532 3469 1650 3527 anno,
1677 3441 1774 3516 indi·

348 3572 472 3660 cione,
491 3600 637 3660 mense,
655 3571 732 3659 die,
753 3570 973 3678 pontificatu
987 3589 1025 3648 et
1040 3599 1137 3647 anno
1147 3571 1346 3676 predictis,
1364 3570 1503 3647 indicti
1523 3571 1769 3676 inquisitoris,

347 3721 515 3780 nostrum
530 3703 762 3781 notariorum
776 3721 814 3781 et
824 3703 976 3781 testium
993 3701 1313 3809 infrascriptorum
1326 3702 1518 3807 presencia
1531 3701 1773 3806 personaliter

346 3835 590 3923 constitutus,
612 3836 748 3912 eodem
766 3835 882 3912 modo
902 3836 1050 3940 juratus
1075 3833 1199 3910 dicere
1219 3833 1266 3910 de
1291 3861 1330 3909 se
1357 3848 1394 3910 et
1420 3830 1467 3907 de
1495 3831 1573 3909 aliis
1600 3831 1639 3907 in
1666 3859 1772 3911 causa

346 3965 434 4044 fidei
456 3969 664 4056 veritatem,
687 3985 724 4043 et
743 3967 993 4073 interrogatus
1013 3966 1060 4043 de
1076 3983 1246 4071 tempore
1261 3982 1297 4040 et
1316 3963 1433 4040 modo
1448 3991 1514 4040 sue
1530 3954 1769 4067 recepcionis,

347 4097 438 4175 dixit
455 4127 524 4205 per
538 4099 794 4204 juramentum
815 4128 925 4176 suum
946 4099 1053 4204 quod
1078 4113 1249 4202 receptus
1273 4094 1345 4171 luit
1363 4095 1505 4185 Remis,
1531 4121 1598 4198 per
1621 4091 1770 4169 fratrem

345 4230 553 4308 Iohannem
564 4228 598 4306 le
606 4230 758 4337 Verjus,
776 4228 823 4306 de
835 4228 1009 4308 mandato
1021 4228 1142 4306 fratris
1151 4225 1386 4333 brnulphide
1395 4222 1629 4310 Wissemale‚
1641 4221 1769 4328 viginti

344 4377 428 4438 octo
444 4363 529 4438 anni
549 4364 606 4438 vel
627 4361 722 4441 circa
737 4379 823 4438 sunt
843 4361 974 4467 elapsi,
991 4359 1227 4466 presentibus
1239 4357 1350 4434 fratre
1364 4355 1548 4434 Richardo
1565 4353 1612 4430 de
1628 4352 1768 4440 Remis,

344 4491 512 4595 ejusdem
533 4491 694 4578 ordinis,
717 4509 754 4568 et
770 4491 851 4569 aliis
872 4492 920 4568 de
940 4490 1077 4597 quibus
1102 4518 1179 4567 non
1198 4490 1341 4566 recolit.
1366 4488 1468 4566 Dixit
1490 4486 1607 4563 eciam
1626 4511 1695 4588 per
1709 4484 1769 4590 ju·

343 4594 552 4699 ramentum
571 4651 683 4700 suum
704 4622 807 4729 quod
827 4651 872 4699 eo
892 4640 1043 4728 recepto
1061 4640 1098 4700 et
1113 4621 1272 4698 clamide
1293 4619 1365 4696 sibi
1384 4619 1534 4707 tradita,
1551 4633 1636 4722 post
1649 4615 1766 4691 multa

343 4771 515 4858 precepta
536 4753 624 4831 dicti
647 4754 791 4832 ordinis
809 4753 879 4831 sibi
900 4753 993 4830 laeta
1013 4781 1126 4858 super
1150 4751 1397 4830 observanciis
1415 4748 1573 4833 ordinis,
1592 4747 1768 4852 magister

341 4883 526 4990 recipiens
545 4884 634 4962 lecit
652 4914 691 4961 se
709 4914 777 4989 per
794 4914 882 4961 eum
900 4883 1057 4963 osculari
1077 4884 1116 4960 iu
1137 4883 1211 4961 [ine
1231 4884 1339 4988 spine
1359 4881 1462 4959 dorsi
1486 4881 1561 4967 sui,
1581 4895 1711 4982 postea
1728 4879 1765 4953 in
