4236 5948
338 507 414 581 aas
721 488 915 581 raocus
946 505 1042 578 nas
1072 503 1377 579 raurmuas.

340 647 542 755 diligenter
561 645 737 752 expositis
756 646 826 724 sibi
853 645 1030 724 omnibus
1055 662 1093 722 et
1111 645 1268 752 singulis
1293 643 1479 734 aniculis,
1505 642 1703 750 respondit
1720 672 1760 722 se

340 777 503 868 nescire,
524 804 594 853 nec
610 777 779 866 credere,
797 805 866 853 nec
880 776 1065 854 audivisse
1083 775 1156 852 dici
1173 776 1221 853 de
1237 775 1423 853 contentis
1438 775 1477 851 in
1496 774 1549 850 eis
1563 773 1635 852 nisi
1656 774 1761 881 quod

340 909 512 1015 sequitur
534 938 543 982 t
568 907 742 984 videlicet
774 907 880 1013 quod
910 907 990 1013 ipse
1018 923 1190 1012 receptus
1223 905 1344 983 fuerat
1375 907 1415 982 in
1451 905 1592 1011 capella
1623 906 1763 983 domus

341 1037 490 1143 Templi
509 1037 557 1114 de
576 1035 725 1114 Chanac
752 1037 1076 1115 Claromontensis
1100 1037 1274 1126 diocesis,
1294 1035 1491 1114 Dominica
1514 1054 1599 1112 ante
1620 1035 1769 1112 instans:

342 1168 480 1244 festum
503 1166 602 1244 beati
622 1167 772 1244 Martini
799 1167 972 1245 hiemalis
991 1184 1104 1244 erunt
1129 1166 1276 1245 circiter
1298 1193 1358 1244 xix
1384 1167 1491 1256 anni,
1513 1193 1581 1272 per
1607 1165 1761 1244 fratrem

342 1301 541 1405 Hugonem
566 1297 724 1404 Saycelli
750 1299 927 1387 militem,
957 1299 1172 1386 detentum,
1194 1314 1240 1375 ut
1262 1297 1396 1387 credit,
1414 1297 1514 1403 apud
1533 1297 1762 1373 Exodunnm

342 1428 582 1505 Bituricensis
601 1428 774 1519 diocesis,
794 1427 1032 1534 presentibus
1058 1426 1235 1504 fratribus
1253 1427 1451 1535 Aymerico
1468 1425 1658 1534 Deleheyr
1677 1453 1764 1532 pre·

343 1575 493 1664 ceptore
518 1559 567 1634 de
594 1557 787 1648 Romana,
809 1558 1016 1635 Bertrando
1045 1557 1093 1633 de
1113 1556 1294 1635 Chanrois
1322 1546 1540 1663 preceptore
1567 1554 1764 1634 Montisle-

344 1686 469 1775 randi,
491 1687 602 1765 Petro
622 1688 832 1795 Porchayro
844 1706 890 1764 et
907 1690 950 1764 ll.
970 1687 1089 1765 Vinea
1105 1686 1372 1777 servientibus,
1398 1686 1610 1764 deffunctis.
1630 1683 1662 1763 A
1685 1712 1764 1791 quo

344 1833 538 1923 receptore
560 1816 737 1924 requisita
760 1817 935 1894 societate
955 1817 1101 1894 ordinis
1118 1833 1156 1894 et
1179 1816 1213 1893 ei
1234 1843 1426 1904 concessa,
1446 1816 1609 1921 prestito
1623 1843 1696 1923 per
1701 1815 1767 1923 ju·

344 1964 560 2025 ramentnm
580 1946 685 2054 quod
705 1974 783 2023 non
799 1964 878 2024 erat
896 1946 1003 2023 alteri
1017 1945 1212 2053 religioni,
1235 1973 1305 2023 nec
1324 1945 1583 2036 matrimonio,
1604 1972 1676 2023 nec
1698 1945 1766 2023 de·

345 2078 435 2154 bitis
453 2105 528 2184 que
552 2104 630 2154 non
651 2095 777 2183 posset
807 2077 950 2155 solvere
980 2077 1182 2185 obligatus,
1205 2103 1276 2155 nec
1302 2092 1381 2153 erat
1402 2076 1764 2164 excommunicatus,

347 2233 418 2280 nec
437 2204 600 2282 babebat
615 2204 873 2283 infirmitatem
888 2206 1083 2294 latentem,
1099 2206 1186 2282 lecit
1204 2234 1294 2283 eum
1312 2233 1444 2283 rovere
1464 2221 1503 2281 et
1512 2207 1640 2311 jurare
1659 2206 1767 2314 qnod

347 2362 424 2411 non
446 2333 627 2412 revelaret
645 2352 787 2411 secreta
814 2335 1076 2441 capituliorum
1105 2362 1175 2412 nec
1189 2352 1363 2443 precepta
1383 2333 1544 2424 ordinis,
1563 2336 1671 2441 quod
1690 2362 1768 2415 ser-

345 2480 448 2540 varet
462 2464 683 2552 castitatem,
706 2463 985 2554 obedienciam,
1002 2465 1198 2543 striveret
1219 2466 1300 2542 sine
1317 2464 1487 2570 proprio,
1513 2482 1675 2542 servaret
1696 2464 1768 2544 be·

346 2620 416 2670 nos
435 2621 527 2671 usus
546 2610 585 2669 et
602 2592 722 2670 bonas
743 2593 1036 2671 consuetudines
1060 2594 1205 2671 ordinis
1223 2622 1298 2701 que
1320 2610 1412 2671 tunc
1434 2610 1539 2671 erant
1564 2611 1603 2670 et
1625 2622 1703 2702 que
1728 2595 1768 2673 in

348 2739 540 2827 posterum
561 2723 847 2829 imponerentur
859 2751 928 2831 per
943 2723 1162 2831 Magistrum
1185 2741 1223 2800 et
1236 2723 1464 2830 presbiteros
1479 2723 1642 2816 ordinis,
1661 2725 1768 2831 quod

344 2853 489 2958 juraret
512 2881 581 2959 pro
607 2880 715 2959 posse
738 2880 807 2930 suo
828 2852 879 2930 ad
902 2852 1175 2959 acquirendum
1198 2856 1354 2931 Terram
1383 2871 1565 2943 sanctam,
1594 2869 1633 2930 et
1660 2854 1768 2962 quod

349 3010 426 3060 non
448 2982 658 3061 dimitteret
680 2982 823 3060 dictum
848 2982 1023 3061 ordinem
1046 3011 1115 3090 pro
1136 2984 1222 3062 alio.
1241 2985 1327 3077 Quo
1349 2983 1465 3076 facto,
1488 2984 1581 3060 dixit
1601 2984 1637 3061 ei
1661 2985 1768 3092 quod

349 3113 446 3191 bene
468 3112 711 3201 deliberaret,
731 3113 835 3218 quia,
857 3141 900 3190 ex
918 3142 995 3220 quo
1011 3113 1203 3191 habuisset
1217 3113 1458 3202 mantellum,
1475 3141 1552 3190 non
1567 3131 1695 3220 posset
1709 3137 1777 3192 ms

348 3245 563 3334 trocedere;
585 3261 623 3321 et
642 3244 828 3349 cumipse
851 3243 957 3321 testis
984 3244 1138 3322 instaret
1156 3271 1226 3350 pro
1240 3244 1461 3350 recepeione
1481 3271 1566 3332 sua,
1589 3244 1776 3349 imposuit:

348 3373 419 3450 sibi
433 3373 657 3450 mantellum
679 3376 719 3451 in
739 3374 893 3451 nomine
914 3374 1033 3452 Patris
1057 3392 1095 3451 et
1117 3373 1203 3450 Filii
1223 3391 1261 3450 et
1284 3374 1445 3481 Spiritus
1467 3373 1609 3465 Sancti,
1631 3374 1681 3452 ad
1699 3373 1770 3454 bo-

351 3529 484 3579 norem
506 3504 576 3581 Dci
609 3522 647 3581 et
674 3505 782 3583 beate
810 3504 927 3582 Maris
951 3521 989 3581 et
1016 3504 1189 3581 omnium
1213 3521 1443 3593 sanctorum,
1470 3521 1509 3581 et
1532 3520 1707 3609 receptor
1732 3523 1774 3584 et

352 3658 485 3709 omnes
510 3648 671 3711 astantes
696 3632 853 3710 luerunt
881 3661 970 3711 eum
998 3634 1152 3712 osculati
1173 3635 1212 3711 in
1243 3662 1321 3713 ore⁴
1342 3636 1432 3712 Post
1455 3662 1529 3741 que
1549 3633 1643 3710 dixit
1662 3635 1697 3711 ei
1718 3663 1775 3713 re·

352 3778 482 3866 ceptor
499 3763 620 3869 quod,
640 3791 685 3841 ex
706 3792 783 3870 quo
802 3763 974 3871 alligatus
990 3782 1069 3842 erat
1087 3765 1232 3853 ordini,
1253 3763 1450 3871 oportebat
1465 3765 1570 3870 quod
1587 3764 1699 3842 sciret
1711 3791 1771 3842 ss-

350 3908 449 3969 ereta
466 3919 617 3982 eorum,
640 3912 679 3972 et
692 3895 785 3972 dixit
801 3895 959 4002 ei-quod
979 3923 1023 3972 ex
1041 3909 1218 4003 precepto
1238 3895 1383 3972 ordinis
1402 3894 1566 3972 debebat
1584 3893 1770 4003 abnegare

350 4020 492 4110 Deum,
512 4023 724 4128 precipiens
746 4025 782 4101 ei
804 4024 910 4130 quod
926 4023 1147 4131 abnegarem
1173 4025 1309 4133 etipse
1338 4024 1459 4114 testis,
1487 4053 1531 4102 ex
1560 4025 1635 4102 hoe
1651 4041 1771 4104 exten

349 4152 459 4239 ritus,
487 4151 680 4257 abnegavit
699 4153 824 4230 Deum
841 4182 925 4241 ore,
953 4182 1030 4231 non
1058 4154 1191 4243 corde,
1217 4172 1261 4232 ut
1281 4155 1383 4232 dixit.
1400 4155 1548 4232 Deinde
1574 4153 1683 4232 allata
1701 4146 1771 4261 per

271 4272 276 4288 ⁶
350 4281 494 4357 dictum
514 4279 668 4358 fratrem
684 4283 838 4359 Petrum
857 4283 1021 4389 quadam
1041 4299 1151 4361 cruce
1172 4284 1363 4362 metallina
1386 4286 1425 4361 in
1447 4313 1520 4391 qua
1541 4302 1620 4362 erat
1635 4313 1769 4396 ymago

349 4409 545 4496 Cruoifixi,
575 4410 735 4517 precipit
768 4412 804 4489 ei
835 4412 942 4518 quod
973 4431 1127 4519 spueret
1149 4415 1418 4520 supradictam
1442 4442 1610 4502 crucem,
1631 4413 1769 4522 etipse

349 4539 453 4613 testis
484 4538 608 4616 noluit
632 4567 768 4645 spuere
796 4569 926 4648 supra,
953 4541 1022 4620 sed
1036 4542 1141 4651 juxta
1155 4544 1266 4649 spuit.
1288 4545 1376 4622 Post
1395 4572 1469 4652 que
1495 4545 1589 4622 dixit
1609 4545 1643 4622 ei
1662 4542 1770 4653 quod

347 4667 560 4745 secundum
582 4669 679 4746 dicta
693 4688 868 4779 precepta
886 4672 1034 4751 ordinis
1046 4690 1198 4779 poterat
1223 4675 1419 4752 carnaliter
1443 4674 1679 4754 commisceri
1698 4675 1770 4753 lra-

349 4796 472 4873 tribus
490 4797 652 4887 ordinis,
674 4801 797 4906 stipsi
813 4831 900 4880 sum
918 4830 987 4895 eoa
1006 4804 1078 4896 bor
1090 4821 1218 4884 tamen
1232 4832 1309 4884 non
1320 4806 1423 4896 fecit,
1440 4835 1511 4885 nec
1525 4806 1598 4885 tuit
1610 4807 1771 4915 requisi·
