4236 5948
347 512 418 588 uu
730 491 927 585 rnocbs
954 507 1049 581 nus
1076 507 1378 582 rsuvnruus

344 651 582 745 mantellum,
601 670 639 730 et
660 652 739 758 ipse
762 670 799 728 et
819 668 979 727 astantes
995 648 1150 726 osculati
1172 649 1327 728 fuerunt
1353 678 1441 725 eum
1465 650 1503 725 in
1526 680 1603 728 ore.
1621 652 1769 731 Deinde

341 786 450 863 allata
473 783 637 891 quadam
666 810 774 859 cruce
796 780 986 858 metallina
1013 781 1049 856 in
1075 809 1150 887 qua
1173 797 1251 864 erat
1272 809 1406 887 ymago
1425 779 1601 859 Crucifixi
1622 813 1689 889 per
1713 785 1769 862 di.

342 936 443 994 ctum
463 913 732 1022 presbiterum,
755 912 995 1019 interrogavit
1014 911 1136 1017 ipsum
1156 927 1290 987 testem
1313 910 1434 987 dictus
1453 930 1625 1018 receptor
1642 915 1671 991 si
1693 945 1771 994 cre-

342 1047 454 1122 debat
474 1045 512 1120 in
530 1044 638 1119 illum
658 1043 724 1149 qui
749 1042 1075 1149 representabatur
1095 1070 1162 1147 per
1180 1040 1317 1117 dictam
1338 1042 1550 1150 ymaginem
1572 1044 1769 1138 Crucifixi;

342 1206 417 1282 quo
434 1174 686 1281 respondente
706 1174 810 1279 quod
830 1174 898 1265 sic,
922 1173 1014 1248 dixit
1035 1173 1067 1248 ei
1089 1171 1194 1277 quod
1215 1199 1291 1248 non
1312 1171 1475 1248 debebat
1491 1173 1660 1266 credere,
1681 1176 1770 1282 quia

342 1306 453 1382 falsus
471 1305 653 1411 propheta
673 1302 814 1391 fuerat,
837 1319 875 1380 et
894 1302 1060 1408 precepit
1079 1304 1112 1378 ei
1134 1302 1236 1408 quod
1258 1301 1460 1408 abnegaret
1485 1331 1573 1379 eum
1599 1322 1637 1380 et
1660 1334 1770 1411 spue-

343 1453 399 1511 ret
426 1463 538 1541 supra
563 1462 712 1511 crucem
740 1433 966 1538 predictam
996 1449 1034 1508 et
1066 1449 1154 1507 tunc
1178 1432 1256 1537 ipse
1283 1433 1406 1519 testis,
1429 1459 1504 1508 uon
1531 1435 1673 1510 audens
1702 1464 1770 1513 nec

342 1567 460 1641 sciens
473 1565 660 1654 resistere,
679 1593 765 1639 cum
787 1580 885 1640 esset
901 1561 1066 1638 multum
1081 1561 1247 1667 juvenis,
1264 1560 1397 1639 dolens
1415 1579 1558 1649 tamen,
1576 1564 1770 1674 abnegavit

343 1724 406 1771 ore
427 1724 503 1771 non
522 1695 651 1783 corde,
670 1711 708 1771 et
726 1693 827 1800 spuit
838 1693 946 1800 juxta
960 1721 1035 1768 non
1051 1721 1162 1797 supra
1183 1691 1321 1768 dictam
1342 1721 1503 1769 crucem.
1524 1696 1769 1773 Postmodum

344 1824 435 1901 dixit
456 1827 490 1901 ei
516 1823 618 1931 quod
638 1839 785 1930 poterat
803 1822 1036 1899 commisceri
1063 1820 1259 1898 carnaliter
1274 1850 1360 1897 cum
1382 1821 1558 1899 fratribus
1571 1825 1713 1902 ordinis
1735 1843 1772 1903 et

345 1955 414 2062 ipsi
435 1984 521 2032 cum
543 1983 608 2043 eo;
631 1954 709 2059 ipse
729 1969 855 2028 tamen
882 1981 959 2029 non
983 1951 1072 2028 fecit
1087 1980 1157 2039 nec
1176 1950 1247 2028 fuit
1267 1980 1433 2058 unquam
1456 1955 1674 2058 requisitus,
1703 1983 1772 2033 nec

346 2086 464 2162 credit
480 2085 582 2191 quod
597 2083 693 2161 illud
707 2098 900 2189 peccatum
916 2098 1194 2189 perpetraretur
1208 2082 1247 2157 in
1265 2082 1409 2159 ordine.
1427 2083 1641 2189 Requisitus
1656 2086 1686 2161 si
1700 2085 1771 2162 alia

347 2216 545 2292 inhonesta
564 2214 602 2289 in
624 2213 730 2288 dictis
755 2211 919 2288 articulis
940 2226 1115 2288 contenta
1135 2228 1201 2287 aut
1224 2211 1294 2287 alia
1320 2211 1585 2288 intervenirent
1609 2214 1647 2289 in
1675 2215 1772 2293 dicta

347 2376 412 2422 sua
430 2345 648 2450 recepcione
669 2342 727 2419 vel
747 2359 846 2448 post,
868 2339 1063 2446 respondit
1079 2339 1182 2448 quod
1210 2369 1287 2418 non
1307 2341 1535 2419 recordetur.
1557 2344 1773 2450 Requisitus

348 2478 378 2554 si
401 2475 518 2551 credit
537 2473 642 2580 quod
663 2471 790 2547 illicita
811 2469 1012 2548 confessata
1031 2499 1100 2575 per
1120 2498 1208 2547 eum
1233 2469 1502 2548 intervenirent
1521 2476 1775 2552 communiter

349 2609 385 2682 in
413 2602 696 2711 recepcionibus
726 2601 889 2678 aliorum
919 2599 1075 2678 fratrum
1109 2598 1167 2676 vel
1196 2615 1298 2704 post,
1327 2601 1523 2706 respondit
1554 2629 1593 2678 se
1620 2604 1773 2683 credere

349 2737 452 2845 quod
472 2736 538 2823 sic,
559 2734 647 2841 quia
667 2734 759 2811 vidit
780 2732 914 2840 recipi,
938 2748 1026 2810 sunt
1043 2758 1125 2812 xxvt
1151 2729 1236 2807 anni
1258 2729 1315 2806 vel
1335 2732 1447 2818 circa,
1468 2731 1565 2808 ultra
1590 2761 1708 2823 mare,
1734 2735 1774 2812 in

348 2869 509 2976 quadam
526 2895 669 2945 camera
697 2865 835 2943 domus
857 2863 1005 2973 Templi
1034 2864 1082 2941 de
1109 2864 1282 2951 Tortosa,
1309 2858 1461 2940 fratrem
1492 2859 1703 2940 Jobannem
1736 2864 1774 2942 lo

348 3001 381 3075 Τ
383 3016 438 3076 est
453 2998 500 3074 de
514 2998 649 3103 Apulia
666 2998 905 3087 servientem,
924 2997 972 3073 de
988 2995 1096 3105 cujus
1109 2998 1180 3073 vita
1193 2996 1251 3073 vel
1266 3012 1388 3072 morte
1400 3024 1476 3072 non
1493 2992 1606 3073 habet
1622 2992 1775 3075 certitu-

351 3130 498 3214 dinem,
515 3157 582 3234 per
594 3127 745 3204 fratrem
759 3126 988 3204 Ademarum
1005 3127 1052 3205 de
1072 3130 1236 3235 Peyruza
1249 3126 1424 3214 militem,
1437 3128 1628 3233 quondam
1643 3127 1775 3204 castel-

349 3259 478 3334 lanum
500 3257 547 3333 de
567 3259 758 3346 Tortossa,
774 3257 1013 3363 presentibus
1029 3256 1205 3334 fratribus
1219 3257 1386 3334 Jobanne
1404 3257 1450 3332 de
1467 3257 1588 3344 Acon,
1605 3258 1776 3335 lobanne

351 3390 397 3463 de
422 3387 589 3463 Nivemis
609 3386 873 3475 servientibus,
896 3387 1103 3465 Bertrando
1128 3386 1320 3464 Amblardi
1347 3405 1385 3463 et
1405 3388 1612 3464 Bertrando
1640 3386 1687 3464 de
1710 3388 1777 3464 Sa·

349 3517 483 3593 vinlrac
507 3515 709 3607 militibus,
737 3515 953 3605 deffunctis,
983 3534 1020 3594 et
1043 3516 1217 3622 pluribus
1245 3516 1325 3594 aliis
1354 3545 1449 3623 quos
1474 3516 1593 3592 credit
1623 3515 1774 3594 obiisse.

351 3645 452 3722 Vidit
481 3645 597 3722 eciam
617 3647 733 3752 recipi
764 3648 803 3722 in
827 3647 967 3753 capella
992 3647 1128 3725 domus
1153 3647 1303 3752 Templi
1334 3649 1380 3723 de
1408 3646 1442 3722 la
1466 3647 1666 3752 Ransioyra
1691 3645 1778 3724 Cla·

351 3777 598 3853 ramontensis
618 3777 792 3867 diocesis,
812 3796 900 3855 suut
917 3778 1061 3855 circiter
1083 3776 1148 3856 nn*i
1167 3778 1273 3864 anni,
1295 3776 1444 3853 fratrem
1472 3778 1707 3887 Stephanum
1729 3777 1776 3854 de

351 3905 501 3982 Rialhac
514 3907 748 3997 servientem,
764 3909 1079 3987 Claramontensis
1099 3908 1276 3996 diocesis,
1295 3909 1360 4015 qui
1379 3907 1642 3999 transfretavit,
1660 3935 1776 4014 quem

350 4037 483 4143 recipit
502 4036 614 4114 frater
633 4038 851 4146 Aymericus
866 4039 1019 4145 Georgii
1039 4055 1236 4145 preceptor
1262 4037 1358 4113 dicte
1386 4027 1539 4129 domus,
1556 4039 1621 4144 qui
1645 4037 1778 4145 affugit

351 4167 502 4274 quando
522 4169 585 4244 alii
606 4169 700 4274 capti
728 4167 901 4256 fuerunt,
922 4168 1161 4274 presentibus
1181 4168 1358 4245 fratribus
1379 4168 1545 4246 Roberto
1572 4169 1619 4245 de
1644 4168 1779 4247 salita-

352 4299 447 4374 nhac
460 4296 791 4390 Claramontensis,
814 4316 852 4375 et
869 4298 1033 4408 Georgio
1055 4299 1117 4376 del
1132 4300 1271 4404 Saphet
1285 4299 1538 4376 Ruthenensis
1556 4298 1777 4387 diocedunt,

353 4427 618 4516 servientibus,
647 4430 713 4535 qui
733 4428 904 4506 vivebant
925 4447 1097 4535 tempore
1125 4430 1325 4536 capcionis,
1343 4428 1382 4504 in
1403 4456 1567 4534 quorum
1592 4429 1781 4535 recepcio-

354 4557 467 4634 nibus
495 4558 588 4634 vidit
604 4558 709 4665 quod
736 4559 1003 4637 intervenirent
1030 4560 1129 4636 licita
1150 4576 1188 4635 et
1210 4559 1338 4636 illicita
1363 4558 1566 4636 confessata
1587 4588 1655 4665 per
1675 4586 1778 4635 eum.

354 4687 523 4764 flurium
545 4691 827 4797 recepcionibus
847 4720 886 4768 se
912 4690 1074 4769 adfuisse
1096 4719 1172 4768 non
1193 4692 1338 4780 recolit,
1360 4720 1429 4767 nec
1449 4693 1527 4794 ipse
1552 4690 1693 4795 recepit
1714 4690 1780 4765 ali-

355 4845 481 4922 quem.
504 4820 613 4907 ltem,
642 4821 735 4897 dixit
754 4851 792 4899 se
819 4822 971 4899 credere
991 4822 1095 4927 quod
1117 4820 1249 4900 fratres
1271 4822 1416 4899 ordinis
1441 4822 1638 4897 crederent
1659 4820 1777 4897 eccle·
