4236 5948
342 508 387 578 so
728 484 922 577 unocts
948 502 1044 574 nus
1071 500 1371 574 rennuens.

341 673 447 749 aqua,
470 643 615 719 Fratres
636 641 779 720 ordinis
800 643 957 720 scientes
981 668 1126 719 errores
1149 638 1304 717 fuerunt
1324 637 1556 747 negligentes
1575 637 1663 744 quia
1683 665 1761 716 non

342 790 582 857 correxerunt
602 800 666 850 eos
686 802 756 851 nec
775 774 1095 852 denunciaverunt
1118 770 1293 848 Ecclesie.
1321 768 1555 848 Elemosinas
1577 787 1615 844 et
1634 768 1764 875 hospi-

340 904 523 982 talitatem
541 902 590 979 in.
603 903 780 982 domibus
792 904 936 982 ordinis
952 904 989 980 in
1005 900 1144 1010 quibus
1157 900 1295 978 exstitit
1310 917 1562 978 commoratus
1575 896 1669 975 vidit
1682 925 1767 978 cou-

343 1037 534 1113 venienter
554 1034 635 1110 fieri
661 1052 699 1111 et
722 1036 868 1112 servari.
895 1032 1047 1111 Audiuit
1068 1030 1144 1109 dici
1169 1031 1294 1139 quod,
1318 1031 1446 1140 januis
1470 1028 1627 1121 clausis,
1651 1027 1766 1108 nullis

343 1164 579 1272 presentibus
608 1166 679 1242 nisi
705 1164 881 1243 fratribus
906 1164 1065 1254 ordinis,
1095 1190 1228 1240 eorum
1256 1163 1432 1270 capitulia
1457 1159 1696 1252 tenebantur,
1713 1179 1767 1239 -et

343 1296 461 1375 credit
480 1295 584 1402 quod
605 1297 775 1373 ordinata
793 1324 861 1403 per
880 1295 1100 1405 Magistrum
1116 1322 1203 1372 cum
1224 1312 1427 1381 conventu,
1449 1294 1479 1371 si
1495 1291 1767 1378 fuissentboua

344 1447 381 1505 et
399 1427 513 1515 licita,
535 1401 694 1517 fuissent
712 1445 853 1504 servata
868 1428 908 1503 in
924 1426 1074 1515 ordine,
1098 1441 1227 1504 contra
1247 1454 1362 1532 quem
1377 1453 1478 1502 nunc
1496 1423 1651 1533 grandia
1663 1451 1769 1501 scan-

344 1557 441 1647 dala,
462 1558 625 1664 suspicio
644 1576 682 1635 et
696 1557 848 1635 infamia
868 1551 956 1634 sunt
974 1573 1118 1645 exorta3
1140 1555 1247 1663 cujus
1262 1553 1440 1636 fratribus
1456 1571 1544 1632 nota
1565 1571 1672 1632 erant
1685 1581 1769 1633 oon·

344 1687 475 1764 lessata
495 1714 562 1792 per
581 1716 689 1776 eum,
712 1705 755 1764 ut
775 1688 906 1765 eredit.
927 1686 1081 1764 Audivit
1099 1686 1173 1763 dici
1193 1715 1372 1795 magnum
1388 1684 1608 1793 Magistrum
1625 1702 1663 1761 ct
1675 1683 1769 1762 alios

345 1819 489 1924 aliquos
514 1816 703 1896 confessos
722 1817 837 1901 luisse
858 1837 986 1897 contra
1012 1816 1206 1904 ordinem,
1234 1817 1282 1894 ad
1307 1817 1415 1927 cujus
1436 1815 1708 1895 deffensionem
1728 1842 1768 1892 se

344 1976 420 2025 non
441 1948 642 2033 obtulerat.
663 1951 737 2027 Nec
757 1950 809 2026 sic
835 1950 1061 2056 deposuerat
1079 1976 1206 2055 prece,
1231 1945 1425 2053 prerepto,
1447 1947 1599 2034 timore,
1621 1972 1766 2030 amore,

267 2142 278 2161 .
346 2079 435 2156 odio
464 2078 522 2154 vel
549 2080 711 2157 comodo
736 2079 934 2187 temporali
962 2078 1093 2155 habito
1118 2077 1176 2155 vel
1203 2077 1398 2164 habendo,
1431 2076 1497 2153 sed
1521 2104 1590 2182 pro
1614 2077 1769 2153 veritate

347 2210 523 2298 dicenda,
545 2228 589 2287 ut
608 2192 717 2304 dine
739 2210 798 2287 cui
818 2208 891 2286 luit
911 2210 1122 2317 injunctum
1137 2210 1243 2315 quod
1258 2235 1336 2285 non
1351 2206 1532 2285 revelaret
1552 2207 1770 2285 hancsuam

348 2340 644 2446 deposicionem,
666 2366 865 2446 quousque
885 2338 1146 2417 attestaciones
1165 2336 1306 2415 fuerint
1329 2336 1531 2444 publicato.

403 2603 531 2676 Frater
545 2600 733 2688 Robertus
750 2604 796 2694 de
812 2601 1027 2681 Correnllos
1039 2598 1238 2706 presbiter,
1257 2616 1406 2676 curatus
1422 2599 1578 2677 ecclesie
1595 2599 1642 2676 de
1657 2597 1770 2683 Bralli

347 2729 606 2807 Ambiauensis
626 2730 801 2821 diocesis,
822 2731 929 2809 testis
949 2759 1061 2836 supra
1075 2730 1240 2837 juratus,
1263 2730 1370 2806 etatis
1388 2757 1495 2807 xxxvt
1513 2726 1772 2807 annorumvel

347 2862 457 2946 circa,
479 2887 557 2937 non
577 2860 764 2941 defferens
781 2861 1006 2938 mantellum
1023 2859 1185 2950 ordinis,
1207 2860 1295 2966 quia
1315 2859 1440 2966 ipsum
1461 2860 1654 2936 dimiserat
1671 2876 1773 2936 vetu-

346 3007 439 3067 state
451 3006 735 3095 consumptum,
754 2990 949 3069 absolutus
968 3006 1006 3065 et
1018 2988 1279 3065 reconciliatus
1297 3017 1366 3095 per
1381 2989 1580 3068 dominum
1593 2988 1774 3096 archiepi-

348 3148 504 3228 scopum
515 3122 756 3208 Remensem,
774 3149 864 3197 cum
875 3146 952 3225 quo
965 3118 1207 3225 inquisiverat
1222 3119 1261 3195 iu
1278 3118 1437 3196 concilio
1454 3120 1647 3209 Remensi,
1666 3118 1774 3198 lectis

349 3269 387 3327 et
395 3250 592 3356 diligenter
605 3251 781 3356 expositis
794 3250 865 3328 sibi
876 3248 1056 3327 omnibus
1064 3267 1102 3326 et
1112 3248 1454 3357 singulisarticulis,
1467 3245 1774 3359 respondithuod

350 3407 427 3456 non
445 3380 588 3456 viderat
613 3380 728 3486 recipi
749 3379 788 3455 in
810 3380 944 3457 ordine
964 3380 1037 3456 nisi
1064 3377 1219 3456 fratrem
1239 3378 1447 3464 Fulconem
1469 3380 1516 3456 de
1540 3379 1678 3487 Nuylbi
1698 3370 1776 3457 ser-

349 3510 528 3600 vientem,
557 3526 694 3586 testem
721 3538 832 3617 supra
864 3509 1138 3600 examinatum,
1171 3526 1365 3616 receptum
1396 3509 1435 3585 in
1468 3509 1776 3616 capella-domus

349 3638 499 3745 Templi
517 3640 564 3737 de
585 3639 760 3727 Bclvaco,
787 3668 855 3747 per
874 3638 1027 3717 fratrem
1046 3636 1257 3716 Robertum
1278 3638 1325 3715 de
1347 3638 1482 3716 Sancto
1502 3641 1609 3717 lusto
1629 3637 1777 3745 presbi-

350 3788 492 3856 terum,
514 3770 707 3876 quondam
719 3769 1094 3877 preceptoremdicte
1112 3770 1266 3861 domus,
1288 3796 1388 3854 anno
1402 3768 1468 3847 illo
1485 3798 1560 3876 quo
1576 3770 1656 3875 ipse
1670 3771 1778 3848 testis

351 3898 424 3976 fuit
436 3917 628 4006 receptus„
649 3899 887 4007 presentibus
907 3899 1084 3976 fratribus
1099 3899 1261 4007 Rogerio
1277 3900 1472 4006 quondam
1489 3901 1537 3976 de
1552 3899 1775 3989 Marselbcs,

351 4029 526 4137 Philippo
547 4030 595 4106 de
622 4031 855 4118 Laveroines,
879 4046 974 4106 teste
994 4058 1106 4136 supra
1128 4030 1254 4137 jurato
1280 4029 1453 4112 nondum
1481 4030 1708 4117 examinato,
1736 4030 1777 4108 in

352 4159 461 4266 cujus
479 4160 698 4267 recepoione
713 4159 771 4239 vel
786 4175 871 4265 post
890 4158 1007 4236 nichil
1027 4144 1121 4236 vidit
1139 4186 1210 4252 nec
1229 4159 1342 4237 scivit
1355 4156 1436 4238 fieri
1458 4159 1651 4248 illicitum,
1672 4159 1778 4238 unde

352 4290 542 4368 nesciebat
556 4318 625 4367 nec
644 4290 836 4367 audiverat
851 4289 924 4368 dici
946 4289 993 4367 de
1013 4289 1200 4367 contentis
1219 4290 1259 4367 in
1278 4288 1387 4367 dictis
1402 4289 1569 4367 articulis
1585 4289 1657 4366 nisi
1672 4289 1780 4396 quod

354 4420 535 4524 sequitur.
551 4420 659 4525 Dixit
672 4421 775 4497 enim
794 4447 833 4496 se
851 4417 965 4498 fuisse
984 4437 1180 4527 receptum
1195 4449 1216 4496 a
1233 4420 1334 4497 dicto
1350 4418 1462 4503 fratre
1477 4418 1659 4506 doberto,
1682 4418 1780 4498 circa

354 4545 493 4625 festum
510 4548 612 4627 beati
632 4549 782 4631 Martini
803 4547 977 4636 hiemalis
996 4549 1167 4655 proximo
1188 4549 1410 4655 preteritum
1431 4547 1585 4627 fuerunt
1605 4575 1670 4629 vlu
1691 4551 1779 4628 anni

356 4675 414 4753 vel
431 4677 542 4767 circa,
561 4678 604 4759 in
619 4679 760 4791 capella
775 4679 911 4758 domus
925 4679 1074 4787 Templi
1096 4679 1142 4757 de
1158 4678 1339 4757 Morlenis
1355 4679 1585 4758 Belvacensis
1601 4679 1783 4772 diocesis,

357 4805 594 4911 presentibus
614 4808 714 4889 dicto
733 4806 844 4887 fratre
863 4808 1054 4915 Philippo,
1074 4826 1116 4886 et
1127 4806 1306 4886 fratribus
1320 4811 1430 4888 Petro
1447 4810 1494 4886 de
1505 4813 1619 4916 Laya,
1635 4827 1674 4888 et
1691 4810 1778 4891 Cle·
