4236 5948
491 549 565 625 sta
877 529 1193 621 moces-oss
1218 546 1520 619 rnnrmnns.

487 690 646 769 testibus
661 706 699 765 et
717 688 900 796 magistris
914 689 1072 779 Amisio,
1093 686 1275 767 Gaulrido
1291 705 1328 764 et
1339 688 1467 766 Eveno
1480 688 1633 765 notariis
1647 687 1811 794 publicis
1821 718 1908 795 pre-

488 849 574 898 sens
598 817 766 906 interlui,
790 833 842 905 et,
860 819 908 895 de
931 818 1107 895 mandato
1128 817 1220 895 dicti
1241 817 1499 907 commissarii,
1526 816 1589 894 hic
1613 847 1675 895 me
1705 817 1910 925 subscripsi

487 952 528 1028 in
556 949 815 1028 testimoninm
838 949 1125 1052 premissorum,
1154 948 1379 1055 signumque
1412 975 1537 1025 meum
1571 948 1723 1026 solitum
1751 951 1908 1056 apposui

488 1099 648 1189 rogatus.

544 1344 590 1418 Et
615 1368 683 1447 ego
704 1339 905 1419 Gaulridus
924 1339 1114 1446 Enguelor
1130 1340 1250 1418 dictus
1272 1339 1435 1445 Chnlop,
1458 1340 1612 1418 clericus
1635 1339 1808 1418 Dolensis
1828 1341 1910 1418 dio-

489 1474 600 1562 cesis,
617 1471 817 1578 apostolica
831 1471 1048 1549 auctoritate
1064 1471 1232 1549 notarius
1247 1469 1437 1578 publicus,
1459 1471 1638 1576 premissa
1654 1471 1752 1548 dicta
1769 1472 1831 1549 die
1846 1500 1913 1549 no·

488 1603 648 1681 vembris
668 1618 765 1689 acta,
788 1629 939 1708 presens
959 1630 1032 1678 una
1052 1630 1140 1679 cum
1169 1601 1276 1680 dictis
1300 1601 1454 1679 notariis
1479 1602 1541 1678 hie
1562 1601 1778 1709 subscriptis
1800 1619 1839 1679 et
1857 1619 1911 1679 te-

489 1732 608 1811 stibus
625 1731 794 1820 interfui,
814 1760 872 1808 me
893 1731 1113 1836 subscripsi,
1134 1749 1173 1809 et
1190 1732 1336 1837 signum
1358 1760 1484 1809 meum
1508 1732 1665 1837 apposui
1689 1750 1910 1811 consuetum

487 1881 646 1970 rogatus.
683 1904 686 1907 >

544 2126 590 2207 Et
621 2152 690 2230 ogo
717 2125 863 2200 Evenus
897 2123 992 2200 Phili
1020 2123 1067 2199 de
1095 2124 1230 2200 Sancto
1263 2123 1407 2200 Nicasio
1439 2124 1596 2201 clericus
1624 2124 1910 2230 Corisopitcnsis

489 2255 662 2342 diocesis,
686 2252 886 2360 apostolica
899 2253 1075 2358 publicus
1089 2252 1306 2330 auctoritate
1327 2254 1509 2340 notarius,
1531 2253 1721 2361 premissis
1735 2253 1911 2331 omnibus

489 2386 527 2460 in
542 2385 704 2491 presenti
726 2403 763 2460 et
782 2384 996 2490 precedenti
1014 2383 1122 2460 cartis
1141 2384 1323 2460 contentis
1342 2382 1512 2473 interfui,
1536 2383 1598 2460 hic
1615 2412 1676 2460 me
1691 2383 1908 2488 subscripsi,

489 2533 527 2591 et
548 2541 623 2591 una
643 2542 728 2592 cum
751 2513 906 2621 singulis
922 2513 1077 2592 notariis
1091 2514 1348 2619 suprascriptis
1362 2514 1509 2619 signum
1529 2541 1658 2590 meum
1675 2513 1830 2618 apposui
1852 2541 1911 2591 ro-

487 2662 604 2751 galus.

543 2909 584 2983 ln
599 2907 738 2985 Christi
749 2906 899 2983 nomine
923 2935 1042 2984 amen.
1060 2909 1187 2984 Pateat
1200 2907 1381 2982 universis
1397 2906 1501 3012 qnod
1518 2933 1615 2983 anno
1626 2906 1913 2997 Domini-mille·

487 3039 582 3115 simo
598 3039 862 3114 trecentesimo
881 3038 1059 3143 septimo,
1077 3036 1281 3113 indictione
1298 3053 1413 3123 serta,
1431 3035 1669 3142 pontificatus
1691 3037 1910 3113 sanctissimi

486 3169 600 3272 patris
623 3187 658 3244 et
682 3168 826 3245 domini
852 3168 994 3244 domini
1015 3167 1219 3245 Clementis
1245 3167 1367 3243 divina
1391 3167 1628 3272 providencia
1651 3195 1770 3273 poppe
1791 3168 1910 3274 quinti

485 3327 585 3374 anno
600 3297 780 3384 secundo,
805 3297 866 3373 die
889 3298 1016 3375 Martis
1040 3316 1126 3402 post
1151 3295 1285 3373 festum
1302 3297 1484 3374 Omnium
1512 3297 1749 3385 Sanctorum,
1774 3295 1913 3375 scilieet

486 3428 643 3533 septima
664 3426 724 3503 die
740 3425 974 3513 novembris,
996 3428 1035 3502 in
1054 3425 1215 3534 religiosi
1246 3443 1282 3502 et
1300 3425 1445 3504 honesti
1470 3426 1536 3502 viri
1562 3424 1684 3503 fratris
1702 3425 1842 3505 Nicolai
1864 3428 1911 3503 de

485 3557 682 3635 Anassiaco
704 3556 847 3634 ordinis
862 3555 1019 3633 fratrum
1034 3557 1331 3644 Predicatorum,
1346 3556 1591 3635 commissarii
1606 3557 1682 3633 dati
1702 3584 1721 3633 a
1736 3555 1911 3666 religioso

486 3704 523 3765 et
533 3687 691 3765 honesto
706 3687 784 3764 viro
798 3685 911 3763 fratre
927 3686 1132 3789 Guillelmo
1147 3687 1195 3764 de
1208 3687 1370 3763 Parisius
1391 3687 1562 3792 ejusdem
1575 3686 1735 3775 ordinis,
1753 3687 1910 3794 inquisi-

483 3836 564 3896 tore
577 3816 742 3894 heretice
763 3817 950 3924 pravitatis
969 3819 1007 3893 in
1026 3845 1142 3924 regno
1159 3817 1314 3894 Francis
1334 3818 1553 3895 auctoritate
1574 3816 1774 3922 apostolica
1791 3818 1910 3923 depu-

472 3966 576 4040 tato,
601 3965 771 4027 nostrum
802 3947 1033 4024 notariorum
1059 3946 1298 4052 publicorum
1333 3964 1368 4022 et
1401 3947 1553 4023 testium
1585 3944 1907 4050 infrascriptorum

481 4080 671 4185 presencia
687 4077 929 4184 personaliter
943 4078 1166 4155 constitutus
1181 4075 1294 4153 frater
1314 4078 1444 4154 Petrus
1469 4077 1515 4153 de
1530 4077 1697 4154 Bononia
1716 4077 1910 4182 presbyter

483 4226 520 4285 et
542 4209 724 4317 generalis
746 4225 965 4314 procurator
982 4208 1098 4286 totius
1116 4208 1258 4285 ordinis
1279 4208 1416 4284 milicie
1436 4207 1603 4313 Templi,
1627 4207 1732 4283 etatis
1751 4209 1910 4313 quadra·

480 4341 580 4448 ginta
600 4359 761 4446 quatuor
781 4367 963 4416 annorum
979 4339 1037 4416 vel
1054 4339 1165 4427 circa,
1182 4338 1327 4444 juratus
1342 4338 1391 4415 ad
1410 4355 1532 4415 sancta
1545 4338 1615 4415 Dei
1631 4337 1850 4445 Evangelia,
1873 4358 1910 4417 et

480 4470 681 4578 requisitus
703 4470 749 4547 de
770 4498 809 4546 se
831 4487 869 4547 et
888 4468 971 4545 aliis
989 4469 1076 4547 dicti
1099 4468 1242 4547 ordinis
1261 4468 1400 4544 milicie
1421 4467 1570 4572 Templi
1592 4467 1817 4573 superdicto
1840 4472 1911 4545 cri-

482 4598 584 4675 mine
605 4600 735 4678 delatis
751 4599 875 4677 dicere
890 4601 1098 4689 veritatem,
1112 4600 1205 4675 dixit
1215 4626 1284 4704 per
1295 4600 1547 4706 juramentum
1565 4626 1677 4681 suum
1692 4597 1798 4704 quod
1808 4597 1907 4677 bene

479 4747 567 4808 sun-t
579 4757 645 4807 xxv
660 4731 746 4806 anni
761 4729 818 4808 vel
834 4730 928 4806 circa
949 4730 1053 4836 quod
1072 4729 1144 4808 fuit
1159 4748 1331 4836 receptus
1344 4731 1530 4818 Bononie‚
1547 4756 1620 4836 per
1635 4724 1784 4806 fratrem
1802 4728 1908 4807 Guil-

478 4858 638 4936 lelmum
661 4860 708 4938 de
726 4861 835 4938 Novis
857 4877 1116 4968 preceptorem
1135 4878 1224 4937 tunc
1248 4860 1287 4936 in
1314 4861 1557 4948 Lombardia‚
1579 4858 1815 4965 presentibus
1830 4858 1907 4936 fra-
