<?xml version="1.0" encoding="UTF-8"?>
<!DOCTYPE html PUBLIC "-//W3C//DTD XHTML 1.0 Transitional//EN"
    "http://www.w3.org/TR/xhtml1/DTD/xhtml1-transitional.dtd">
<html xmlns="http://www.w3.org/1999/xhtml" xml:lang="en" lang="en">
 <head>
  <title>
</title>
<meta http-equiv="Content-Type" content="text/html;charset=utf-8" />
  <meta name='ocr-system' content='tesseract 3.04.00' />
  <meta name='ocr-capabilities' content='ocr_page ocr_carea ocr_par ocr_line ocrx_word'/>
</head>
<body>
  <div class='ocr_page' id='page_1' title='image "./procsdestemplie00defegoog/procsdestemplie00defegoog_0163.png"; bbox 0 0 4236 5948; ppageno 0'>
   <div class='ocr_carea' id='block_1_1' title="bbox 353 519 1381 605">
    <p class='ocr_par' dir='ltr' id='par_1_1' title="bbox 353 519 1381 605">
     <span class='ocr_line' id='line_1_1' title="bbox 353 519 1381 605; baseline 0.002 -3"><span class='ocrx_word' id='word_1_1' title='bbox 353 531 422 604; x_wconf 83' lang='lat' dir='ltr'><strong>tto</strong></span> <span class='ocrx_word' id='word_1_2' title='bbox 736 519 935 605; x_wconf 77' lang='lat' dir='ltr'>PROCES</span> <span class='ocrx_word' id='word_1_3' title='bbox 961 532 1057 603; x_wconf 85' lang='lat' dir='ltr'><strong>DES</strong></span> <span class='ocrx_word' id='word_1_4' title='bbox 1084 533 1381 604; x_wconf 81' lang='lat' dir='ltr'><strong>TEMPLIERS.</strong></span> 
     </span>
    </p>
   </div>
   <div class='ocr_carea' id='block_1_2' title="bbox 341 670 1771 4948">
    <p class='ocr_par' dir='ltr' id='par_1_2' title="bbox 341 670 1771 4948">
     <span class='ocr_line' id='line_1_2' title="bbox 348 670 1770 777; baseline 0.004 -31"><span class='ocrx_word' id='word_1_5' title='bbox 348 672 441 747; x_wconf 91' lang='lat' dir='ltr'><strong>sime</strong></span> <span class='ocrx_word' id='word_1_6' title='bbox 475 672 562 776; x_wconf 87' lang='lat' dir='ltr'><strong>quia</strong></span> <span class='ocrx_word' id='word_1_7' title='bbox 590 670 770 748; x_wconf 91' lang='lat' dir='ltr'><strong>nolebant</strong></span> <span class='ocrx_word' id='word_1_8' title='bbox 789 701 859 748; x_wconf 93' lang='lat' dir='ltr'><strong>nec</strong></span> <span class='ocrx_word' id='word_1_9' title='bbox 888 671 1077 748; x_wconf 82' lang='lat' dir='ltr'><strong>audebant</strong></span> <span class='ocrx_word' id='word_1_10' title='bbox 1112 671 1268 747; x_wconf 91' lang='lat' dir='ltr'><strong>modum</strong></span> <span class='ocrx_word' id='word_1_11' title='bbox 1300 701 1365 748; x_wconf 93' lang='lat' dir='ltr'><strong>sue</strong></span> <span class='ocrx_word' id='word_1_12' title='bbox 1397 672 1626 777; x_wconf 91' lang='lat' dir='ltr'><strong>recepcionis</strong></span> <span class='ocrx_word' id='word_1_13' title='bbox 1653 675 1770 751; x_wconf 88' lang='lat' dir='ltr'><strong>eciam</strong></span> 
     </span>
     <span class='ocr_line' id='line_1_3' title="bbox 348 800 1771 910; baseline 0.007 -36"><span class='ocrx_word' id='word_1_14' title='bbox 348 800 475 877; x_wconf 89' lang='lat' dir='ltr'><strong>amicis</strong></span> <span class='ocrx_word' id='word_1_15' title='bbox 504 801 581 877; x_wconf 91' lang='lat' dir='ltr'><strong>suis</strong></span> <span class='ocrx_word' id='word_1_16' title='bbox 605 801 827 907; x_wconf 83' lang='lat' dir='ltr'><strong>specialibus</strong></span> <span class='ocrx_word' id='word_1_17' title='bbox 851 802 1036 890; x_wconf 76' lang='lat' dir='ltr'><strong>revelare3</strong></span> <span class='ocrx_word' id='word_1_18' title='bbox 1071 820 1107 877; x_wconf 89' lang='lat' dir='ltr'><strong>et</strong></span> <span class='ocrx_word' id='word_1_19' title='bbox 1128 801 1205 906; x_wconf 89' lang='lat' dir='ltr'><strong>ipse</strong></span> <span class='ocrx_word' id='word_1_20' title='bbox 1227 800 1299 878; x_wconf 85' lang='lat' dir='ltr'><strong>luit</strong></span> <span class='ocrx_word' id='word_1_21' title='bbox 1325 801 1541 908; x_wconf 80' lang='lat' dir='ltr'><strong>frequenter</strong></span> <span class='ocrx_word' id='word_1_22' title='bbox 1567 806 1771 910; x_wconf 83' lang='lat' dir='ltr'><strong>requisitus</strong></span> 
     </span>
     <span class='ocr_line' id='line_1_4' title="bbox 348 929 1770 1035; baseline 0.006 -32"><span class='ocrx_word' id='word_1_23' title='bbox 348 959 460 1034; x_wconf 92' lang='lat' dir='ltr'><strong>super</strong></span> <span class='ocrx_word' id='word_1_24' title='bbox 485 931 556 1007; x_wconf 91' lang='lat' dir='ltr'><strong>hoc</strong></span> <span class='ocrx_word' id='word_1_25' title='bbox 583 961 602 1006; x_wconf 94' lang='lat' dir='ltr'><strong>a</strong></span> <span class='ocrx_word' id='word_1_26' title='bbox 629 931 757 1008; x_wconf 90' lang='lat' dir='ltr'><strong>multis</strong></span> <span class='ocrx_word' id='word_1_27' title='bbox 786 930 914 1008; x_wconf 89' lang='lat' dir='ltr'><strong>amicis</strong></span> <span class='ocrx_word' id='word_1_28' title='bbox 942 933 1040 1016; x_wconf 88' lang='lat' dir='ltr'><strong>suis,</strong></span> <span class='ocrx_word' id='word_1_29' title='bbox 1067 930 1206 1035; x_wconf 90' lang='lat' dir='ltr'><strong>quibus</strong></span> <span class='ocrx_word' id='word_1_30' title='bbox 1237 930 1360 1008; x_wconf 91' lang='lat' dir='ltr'><strong>noluit</strong></span> <span class='ocrx_word' id='word_1_31' title='bbox 1388 929 1563 1006; x_wconf 87' lang='lat' dir='ltr'><strong>revelare.</strong></span> <span class='ocrx_word' id='word_1_32' title='bbox 1593 932 1770 1012; x_wconf 85' lang='lat' dir='ltr'><strong>Cordulis</strong></span> 
     </span>
     <span class='ocr_line' id='line_1_5' title="bbox 348 1060 1770 1170; baseline 0.005 -37"><span class='ocrx_word' id='word_1_33' title='bbox 348 1062 450 1137; x_wconf 91' lang='lat' dir='ltr'><strong>unde</strong></span> <span class='ocrx_word' id='word_1_34' title='bbox 466 1060 640 1137; x_wconf 90' lang='lat' dir='ltr'><strong>volebant</strong></span> <span class='ocrx_word' id='word_1_35' title='bbox 664 1061 863 1167; x_wconf 81' lang='lat' dir='ltr'><strong>assumptis</strong></span> <span class='ocrx_word' id='word_1_36' title='bbox 885 1060 1132 1168; x_wconf 82' lang='lat' dir='ltr'><strong>cingebantur</strong></span> <span class='ocrx_word' id='word_1_37' title='bbox 1146 1089 1259 1167; x_wconf 87' lang='lat' dir='ltr'><strong>super</strong></span> <span class='ocrx_word' id='word_1_38' title='bbox 1275 1061 1441 1137; x_wconf 91' lang='lat' dir='ltr'><strong>camisias</strong></span> <span class='ocrx_word' id='word_1_39' title='bbox 1457 1090 1542 1137; x_wconf 94' lang='lat' dir='ltr'><strong>cum</strong></span> <span class='ocrx_word' id='word_1_40' title='bbox 1559 1062 1697 1168; x_wconf 88' lang='lat' dir='ltr'><strong>quibus</strong></span> <span class='ocrx_word' id='word_1_41' title='bbox 1714 1065 1770 1170; x_wconf 89' lang='lat' dir='ltr'><strong>ja-</strong></span> 
     </span>
     <span class='ocr_line' id='line_1_6' title="bbox 349 1189 1768 1299; baseline 0.004 -34"><span class='ocrx_word' id='word_1_42' title='bbox 349 1190 501 1280; x_wconf 80' lang='lat' dir='ltr'><strong>cebant3</strong></span> <span class='ocrx_word' id='word_1_43' title='bbox 537 1219 613 1267; x_wconf 95' lang='lat' dir='ltr'><strong>non</strong></span> <span class='ocrx_word' id='word_1_44' title='bbox 639 1209 765 1267; x_wconf 92' lang='lat' dir='ltr'><strong>tamen</strong></span> <span class='ocrx_word' id='word_1_45' title='bbox 795 1191 899 1268; x_wconf 92' lang='lat' dir='ltr'><strong>scivit</strong></span> <span class='ocrx_word' id='word_1_46' title='bbox 927 1219 997 1266; x_wconf 91' lang='lat' dir='ltr'><strong>uec</strong></span> <span class='ocrx_word' id='word_1_47' title='bbox 1023 1190 1165 1267; x_wconf 90' lang='lat' dir='ltr'><strong>audivit</strong></span> <span class='ocrx_word' id='word_1_48' title='bbox 1190 1190 1262 1267; x_wconf 90' lang='lat' dir='ltr'><strong>dici</strong></span> <span class='ocrx_word' id='word_1_49' title='bbox 1292 1189 1396 1296; x_wconf 91' lang='lat' dir='ltr'><strong>quod</strong></span> <span class='ocrx_word' id='word_1_50' title='bbox 1423 1207 1620 1297; x_wconf 82' lang='lat' dir='ltr'><strong>tangerent</strong></span> <span class='ocrx_word' id='word_1_51' title='bbox 1650 1195 1768 1299; x_wconf 89' lang='lat' dir='ltr'><strong>capita</strong></span> 
     </span>
     <span class='ocr_line' id='line_1_7' title="bbox 345 1320 1769 1428; baseline 0.006 -34"><span class='ocrx_word' id='word_1_52' title='bbox 345 1321 563 1428; x_wconf 83' lang='lat' dir='ltr'><strong>ydolorum,</strong></span> <span class='ocrx_word' id='word_1_53' title='bbox 581 1350 650 1397; x_wconf 91' lang='lat' dir='ltr'><strong>nec</strong></span> <span class='ocrx_word' id='word_1_54' title='bbox 667 1320 773 1427; x_wconf 92' lang='lat' dir='ltr'><strong>quod</strong></span> <span class='ocrx_word' id='word_1_55' title='bbox 787 1321 898 1428; x_wconf 86' lang='lat' dir='ltr'><strong>ydola</strong></span> <span class='ocrx_word' id='word_1_56' title='bbox 913 1321 1124 1398; x_wconf 86' lang='lat' dir='ltr'><strong>adorarent.</strong></span> <span class='ocrx_word' id='word_1_57' title='bbox 1141 1323 1187 1397; x_wconf 90' lang='lat' dir='ltr'><strong>Et</strong></span> <span class='ocrx_word' id='word_1_58' title='bbox 1204 1321 1291 1427; x_wconf 93' lang='lat' dir='ltr'><strong>quia</strong></span> <span class='ocrx_word' id='word_1_59' title='bbox 1308 1320 1401 1397; x_wconf 81' lang='lat' dir='ltr'><strong>dixit</strong></span> <span class='ocrx_word' id='word_1_60' title='bbox 1415 1322 1521 1426; x_wconf 94' lang='lat' dir='ltr'><strong>quod</strong></span> <span class='ocrx_word' id='word_1_61' title='bbox 1535 1320 1657 1398; x_wconf 85' lang='lat' dir='ltr'><strong>luerat</strong></span> <span class='ocrx_word' id='word_1_62' title='bbox 1673 1351 1769 1401; x_wconf 88' lang='lat' dir='ltr'><strong>corn·</strong></span> 
     </span>
     <span class='ocr_line' id='line_1_8' title="bbox 345 1450 1769 1559; baseline 0.005 -34"><span class='ocrx_word' id='word_1_63' title='bbox 345 1468 511 1527; x_wconf 87' lang='lat' dir='ltr'><strong>moratus</strong></span> <span class='ocrx_word' id='word_1_64' title='bbox 536 1451 572 1525; x_wconf 91' lang='lat' dir='ltr'><strong>in</strong></span> <span class='ocrx_word' id='word_1_65' title='bbox 595 1451 693 1527; x_wconf 92' lang='lat' dir='ltr'><strong>dicta</strong></span> <span class='ocrx_word' id='word_1_66' title='bbox 716 1451 861 1527; x_wconf 86' lang='lat' dir='ltr'><strong>civitate</strong></span> <span class='ocrx_word' id='word_1_67' title='bbox 887 1450 1050 1559; x_wconf 86' lang='lat' dir='ltr'><strong>Sydonis</strong></span> <span class='ocrx_word' id='word_1_68' title='bbox 1073 1479 1141 1556; x_wconf 88' lang='lat' dir='ltr'><strong>per</strong></span> <span class='ocrx_word' id='word_1_69' title='bbox 1163 1451 1332 1557; x_wconf 91' lang='lat' dir='ltr'><strong>quinque</strong></span> <span class='ocrx_word' id='word_1_70' title='bbox 1359 1479 1490 1539; x_wconf 90' lang='lat' dir='ltr'><strong>annos,</strong></span> <span class='ocrx_word' id='word_1_71' title='bbox 1516 1450 1587 1527; x_wconf 82' lang='lat' dir='ltr'><strong>fuit</strong></span> <span class='ocrx_word' id='word_1_72' title='bbox 1614 1452 1769 1531; x_wconf 91' lang='lat' dir='ltr'><strong>iuterro-</strong></span> 
     </span>
     <span class='ocr_line' id='line_1_9' title="bbox 347 1580 1769 1688; baseline 0.004 -32"><span class='ocrx_word' id='word_1_73' title='bbox 347 1599 453 1686; x_wconf 85' lang='lat' dir='ltr'><strong>gatus</strong></span> <span class='ocrx_word' id='word_1_74' title='bbox 463 1581 672 1685; x_wconf 87' lang='lat' dir='ltr'><strong>specialiter</strong></span> <span class='ocrx_word' id='word_1_75' title='bbox 687 1580 865 1686; x_wconf 91' lang='lat' dir='ltr'><strong>decapite</strong></span> <span class='ocrx_word' id='word_1_76' title='bbox 880 1580 927 1656; x_wconf 87' lang='lat' dir='ltr'><strong>de</strong></span> <span class='ocrx_word' id='word_1_77' title='bbox 942 1609 1017 1686; x_wconf 93' lang='lat' dir='ltr'><strong>quo</strong></span> <span class='ocrx_word' id='word_1_78' title='bbox 1030 1609 1140 1686; x_wconf 89' lang='lat' dir='ltr'><strong>supra</strong></span> <span class='ocrx_word' id='word_1_79' title='bbox 1156 1580 1381 1686; x_wconf 86' lang='lat' dir='ltr'><strong>deposuerat</strong></span> <span class='ocrx_word' id='word_1_80' title='bbox 1394 1581 1568 1688; x_wconf 90' lang='lat' dir='ltr'><strong>magister</strong></span> <span class='ocrx_word' id='word_1_81' title='bbox 1583 1583 1769 1662; x_wconf 88' lang='lat' dir='ltr'><strong>Antonius</strong></span> 
     </span>
     <span class='ocr_line' id='line_1_10' title="bbox 347 1709 1766 1819; baseline 0.003 -33"><span class='ocrx_word' id='word_1_82' title='bbox 347 1710 440 1786; x_wconf 87' lang='lat' dir='ltr'><strong>Sicci</strong></span> <span class='ocrx_word' id='word_1_83' title='bbox 463 1709 510 1784; x_wconf 92' lang='lat' dir='ltr'><strong>de</strong></span> <span class='ocrx_word' id='word_1_84' title='bbox 526 1709 721 1800; x_wconf 86' lang='lat' dir='ltr'><strong>Vercellis,</strong></span> <span class='ocrx_word' id='word_1_85' title='bbox 744 1727 782 1785; x_wconf 89' lang='lat' dir='ltr'><strong>et</strong></span> <span class='ocrx_word' id='word_1_86' title='bbox 801 1709 849 1785; x_wconf 91' lang='lat' dir='ltr'><strong>de</strong></span> <span class='ocrx_word' id='word_1_87' title='bbox 867 1709 948 1786; x_wconf 91' lang='lat' dir='ltr'><strong>aliis</strong></span> <span class='ocrx_word' id='word_1_88' title='bbox 966 1709 1152 1786; x_wconf 89' lang='lat' dir='ltr'><strong>contentis</strong></span> <span class='ocrx_word' id='word_1_89' title='bbox 1175 1709 1214 1784; x_wconf 94' lang='lat' dir='ltr'><strong>in</strong></span> <span class='ocrx_word' id='word_1_90' title='bbox 1230 1709 1471 1815; x_wconf 91' lang='lat' dir='ltr'><strong>deposicione</strong></span> <span class='ocrx_word' id='word_1_91' title='bbox 1494 1709 1583 1785; x_wconf 86' lang='lat' dir='ltr'><strong>dictr</strong></span> <span class='ocrx_word' id='word_1_92' title='bbox 1602 1712 1766 1819; x_wconf 86' lang='lat' dir='ltr'><strong>magistri</strong></span> 
     </span>
     <span class='ocr_line' id='line_1_11' title="bbox 348 1838 1767 1946; baseline 0.004 -29"><span class='ocrx_word' id='word_1_93' title='bbox 348 1840 517 1930; x_wconf 82' lang='lat' dir='ltr'><strong>Antonii3</strong></span> <span class='ocrx_word' id='word_1_94' title='bbox 542 1838 737 1946; x_wconf 90' lang='lat' dir='ltr'><strong>respondit</strong></span> <span class='ocrx_word' id='word_1_95' title='bbox 763 1868 801 1916; x_wconf 91' lang='lat' dir='ltr'><strong>se</strong></span> <span class='ocrx_word' id='word_1_96' title='bbox 824 1838 920 1914; x_wconf 90' lang='lat' dir='ltr'><strong>nihil</strong></span> <span class='ocrx_word' id='word_1_97' title='bbox 945 1839 1038 1915; x_wconf 91' lang='lat' dir='ltr'><strong>scire</strong></span> <span class='ocrx_word' id='word_1_98' title='bbox 1058 1839 1103 1915; x_wconf 90' lang='lat' dir='ltr'><strong>de</strong></span> <span class='ocrx_word' id='word_1_99' title='bbox 1125 1838 1243 1945; x_wconf 89' lang='lat' dir='ltr'><strong>capite</strong></span> <span class='ocrx_word' id='word_1_100' title='bbox 1263 1838 1476 1944; x_wconf 90' lang='lat' dir='ltr'><strong>supradicto</strong></span> <span class='ocrx_word' id='word_1_101' title='bbox 1497 1866 1565 1916; x_wconf 89' lang='lat' dir='ltr'><strong>nec</strong></span> <span class='ocrx_word' id='word_1_102' title='bbox 1585 1842 1767 1921; x_wconf 90' lang='lat' dir='ltr'><strong>audivisse</strong></span> 
     </span>
     <span class='ocr_line' id='line_1_12' title="bbox 347 1967 1769 2078; baseline 0.003 -33"><span class='ocrx_word' id='word_1_103' title='bbox 347 1970 447 2060; x_wconf 71' lang='lat' dir='ltr'><strong>(lici,</strong></span> <span class='ocrx_word' id='word_1_104' title='bbox 490 1969 581 2046; x_wconf 84' lang='lat' dir='ltr'><strong>dixit</strong></span> <span class='ocrx_word' id='word_1_105' title='bbox 613 1987 738 2047; x_wconf 89' lang='lat' dir='ltr'><strong>tamen</strong></span> <span class='ocrx_word' id='word_1_106' title='bbox 771 1969 894 2076; x_wconf 89' lang='lat' dir='ltr'><strong>quod·</strong></span> <span class='ocrx_word' id='word_1_107' title='bbox 910 1969 1008 2046; x_wconf 88' lang='lat' dir='ltr'><strong>dicta</strong></span> <span class='ocrx_word' id='word_1_108' title='bbox 1040 1970 1165 2046; x_wconf 88' lang='lat' dir='ltr'><strong>civitas</strong></span> <span class='ocrx_word' id='word_1_109' title='bbox 1196 1969 1359 2077; x_wconf 85' lang='lat' dir='ltr'><strong>Sydonis</strong></span> <span class='ocrx_word' id='word_1_110' title='bbox 1392 1967 1513 2045; x_wconf 83' lang='lat' dir='ltr'><strong>fuerat</strong></span> <span class='ocrx_word' id='word_1_111' title='bbox 1548 1988 1671 2077; x_wconf 89' lang='lat' dir='ltr'><strong>empta</strong></span> <span class='ocrx_word' id='word_1_112' title='bbox 1701 2003 1769 2078; x_wconf 90' lang='lat' dir='ltr'><strong>per</strong></span> 
     </span>
     <span class='ocr_line' id='line_1_13' title="bbox 347 2099 1764 2207; baseline 0.003 -31"><span class='ocrx_word' id='word_1_113' title='bbox 347 2100 599 2205; x_wconf 88' lang='lat' dir='ltr'><strong>Templarios,</strong></span> <span class='ocrx_word' id='word_1_114' title='bbox 618 2118 655 2176; x_wconf 91' lang='lat' dir='ltr'><strong>et</strong></span> <span class='ocrx_word' id='word_1_115' title='bbox 674 2100 778 2207; x_wconf 89' lang='lat' dir='ltr'><strong>quod</strong></span> <span class='ocrx_word' id='word_1_116' title='bbox 798 2100 984 2187; x_wconf 90' lang='lat' dir='ltr'><strong>Julianus,</strong></span> <span class='ocrx_word' id='word_1_117' title='bbox 1007 2100 1073 2205; x_wconf 90' lang='lat' dir='ltr'><strong>qui</strong></span> <span class='ocrx_word' id='word_1_118' title='bbox 1094 2099 1215 2177; x_wconf 82' lang='lat' dir='ltr'><strong>luerat</strong></span> <span class='ocrx_word' id='word_1_119' title='bbox 1229 2100 1277 2176; x_wconf 91' lang='lat' dir='ltr'><strong>de</strong></span> <span class='ocrx_word' id='word_1_120' title='bbox 1296 2099 1459 2178; x_wconf 92' lang='lat' dir='ltr'><strong>dominis</strong></span> <span class='ocrx_word' id='word_1_121' title='bbox 1479 2100 1577 2177; x_wconf 88' lang='lat' dir='ltr'><strong>dicte</strong></span> <span class='ocrx_word' id='word_1_122' title='bbox 1593 2101 1764 2192; x_wconf 85' lang='lat' dir='ltr'><strong>civitatis,</strong></span> 
     </span>
     <span class='ocr_line' id='line_1_14' title="bbox 348 2230 1769 2336; baseline 0.004 -32"><span class='ocrx_word' id='word_1_123' title='bbox 348 2232 545 2307; x_wconf 89' lang='lat' dir='ltr'><strong>intraverat</strong></span> <span class='ocrx_word' id='word_1_124' title='bbox 565 2231 738 2308; x_wconf 87' lang='lat' dir='ltr'><strong>ordinem</strong></span> <span class='ocrx_word' id='word_1_125' title='bbox 760 2259 892 2308; x_wconf 90' lang='lat' dir='ltr'><strong>eorum</strong></span> <span class='ocrx_word' id='word_1_126' title='bbox 917 2248 954 2306; x_wconf 92' lang='lat' dir='ltr'><strong>et</strong></span> <span class='ocrx_word' id='word_1_127' title='bbox 968 2231 1213 2336; x_wconf 90' lang='lat' dir='ltr'><strong>postmodum</strong></span> <span class='ocrx_word' id='word_1_128' title='bbox 1239 2230 1547 2335; x_wconf 87' lang='lat' dir='ltr'><strong>aposthataverat‚</strong></span> <span class='ocrx_word' id='word_1_129' title='bbox 1566 2232 1665 2308; x_wconf 88' lang='lat' dir='ltr'><strong>etad</strong></span> <span class='ocrx_word' id='word_1_130' title='bbox 1691 2263 1769 2310; x_wconf 90' lang='lat' dir='ltr'><strong>ma-</strong></span> 
     </span>
     <span class='ocr_line' id='line_1_15' title="bbox 347 2360 1767 2467; baseline 0.004 -32"><span class='ocrx_word' id='word_1_131' title='bbox 347 2389 458 2466; x_wconf 86' lang='lat' dir='ltr'><strong>gnam</strong></span> <span class='ocrx_word' id='word_1_132' title='bbox 481 2362 682 2438; x_wconf 89' lang='lat' dir='ltr'><strong>devenerat</strong></span> <span class='ocrx_word' id='word_1_133' title='bbox 702 2378 977 2467; x_wconf 88' lang='lat' dir='ltr'><strong>paupertatem,</strong></span> <span class='ocrx_word' id='word_1_134' title='bbox 992 2378 1029 2436; x_wconf 86' lang='lat' dir='ltr'><strong>et</strong></span> <span class='ocrx_word' id='word_1_135' title='bbox 1047 2360 1237 2438; x_wconf 90' lang='lat' dir='ltr'><strong>audiverat</strong></span> <span class='ocrx_word' id='word_1_136' title='bbox 1251 2360 1324 2437; x_wconf 91' lang='lat' dir='ltr'><strong>dici</strong></span> <span class='ocrx_word' id='word_1_137' title='bbox 1340 2360 1380 2435; x_wconf 90' lang='lat' dir='ltr'><strong>in</strong></span> <span class='ocrx_word' id='word_1_138' title='bbox 1400 2361 1571 2467; x_wconf 88' lang='lat' dir='ltr'><strong>partibus</strong></span> <span class='ocrx_word' id='word_1_139' title='bbox 1589 2360 1680 2453; x_wconf 89' lang='lat' dir='ltr'><strong>illis,</strong></span> <span class='ocrx_word' id='word_1_140' title='bbox 1700 2364 1767 2440; x_wconf 88' lang='lat' dir='ltr'><strong>sed</strong></span> 
     </span>
     <span class='ocr_line' id='line_1_16' title="bbox 347 2489 1769 2598; baseline 0.004 -35"><span class='ocrx_word' id='word_1_141' title='bbox 347 2519 423 2566; x_wconf 91' lang='lat' dir='ltr'><strong>non</strong></span> <span class='ocrx_word' id='word_1_142' title='bbox 446 2491 665 2568; x_wconf 90' lang='lat' dir='ltr'><strong>recordatur</strong></span> <span class='ocrx_word' id='word_1_143' title='bbox 681 2490 872 2596; x_wconf 89' lang='lat' dir='ltr'><strong>aquibus,</strong></span> <span class='ocrx_word' id='word_1_144' title='bbox 896 2489 1175 2597; x_wconf 88' lang='lat' dir='ltr'><strong>quodquidam</strong></span> <span class='ocrx_word' id='word_1_145' title='bbox 1197 2519 1241 2566; x_wconf 94' lang='lat' dir='ltr'><strong>ex</strong></span> <span class='ocrx_word' id='word_1_146' title='bbox 1260 2490 1568 2598; x_wconf 88' lang='lat' dir='ltr'><strong>progenitoribus</strong></span> <span class='ocrx_word' id='word_1_147' title='bbox 1592 2490 1680 2569; x_wconf 91' lang='lat' dir='ltr'><strong>dicti</strong></span> <span class='ocrx_word' id='word_1_148' title='bbox 1703 2495 1769 2569; x_wconf 88' lang='lat' dir='ltr'><strong>Ju-</strong></span> 
     </span>
     <span class='ocr_line' id='line_1_17' title="bbox 344 2619 1770 2728; baseline 0.003 -32"><span class='ocrx_word' id='word_1_149' title='bbox 344 2619 434 2696; x_wconf 87' lang='lat' dir='ltr'><strong>liani</strong></span> <span class='ocrx_word' id='word_1_150' title='bbox 451 2621 684 2698; x_wconf 85' lang='lat' dir='ltr'><strong>adamaverat</strong></span> <span class='ocrx_word' id='word_1_151' title='bbox 696 2620 898 2727; x_wconf 91' lang='lat' dir='ltr'><strong>quamdam</strong></span> <span class='ocrx_word' id='word_1_152' title='bbox 916 2619 1152 2697; x_wconf 71' lang='lat' dir='ltr'><strong>domicellam</strong></span> <span class='ocrx_word' id='word_1_153' title='bbox 1169 2621 1207 2695; x_wconf 93' lang='lat' dir='ltr'><strong>in</strong></span> <span class='ocrx_word' id='word_1_154' title='bbox 1224 2621 1392 2726; x_wconf 86' lang='lat' dir='ltr'><strong>partibus</strong></span> <span class='ocrx_word' id='word_1_155' title='bbox 1408 2621 1497 2706; x_wconf 91' lang='lat' dir='ltr'><strong>illis,</strong></span> <span class='ocrx_word' id='word_1_156' title='bbox 1514 2638 1552 2697; x_wconf 89' lang='lat' dir='ltr'><strong>et</strong></span> <span class='ocrx_word' id='word_1_157' title='bbox 1565 2621 1671 2728; x_wconf 90' lang='lat' dir='ltr'><strong>quod</strong></span> <span class='ocrx_word' id='word_1_158' title='bbox 1682 2637 1770 2726; x_wconf 91' lang='lat' dir='ltr'><strong>post</strong></span> 
     </span>
     <span class='ocr_line' id='line_1_18' title="bbox 347 2750 1770 2854; baseline 0.003 -29"><span class='ocrx_word' id='word_1_159' title='bbox 347 2753 428 2854; x_wconf 84' lang='lat' dir='ltr'><strong>ejus</strong></span> <span class='ocrx_word' id='word_1_160' title='bbox 444 2769 606 2828; x_wconf 92' lang='lat' dir='ltr'><strong>mortem</strong></span> <span class='ocrx_word' id='word_1_161' title='bbox 620 2779 702 2828; x_wconf 91' lang='lat' dir='ltr'><strong>eam</strong></span> <span class='ocrx_word' id='word_1_162' title='bbox 719 2751 898 2828; x_wconf 89' lang='lat' dir='ltr'><strong>exhimari</strong></span> <span class='ocrx_word' id='word_1_163' title='bbox 913 2750 1049 2827; x_wconf 84' lang='lat' dir='ltr'><strong>lecerat</strong></span> <span class='ocrx_word' id='word_1_164' title='bbox 1065 2768 1100 2826; x_wconf 90' lang='lat' dir='ltr'><strong>et</strong></span> <span class='ocrx_word' id='word_1_165' title='bbox 1116 2750 1369 2828; x_wconf 89' lang='lat' dir='ltr'><strong>concubuerat</strong></span> <span class='ocrx_word' id='word_1_166' title='bbox 1384 2780 1469 2826; x_wconf 93' lang='lat' dir='ltr'><strong>cum</strong></span> <span class='ocrx_word' id='word_1_167' title='bbox 1488 2751 1632 2827; x_wconf 87' lang='lat' dir='ltr'><strong>eadem.</strong></span> <span class='ocrx_word' id='word_1_168' title='bbox 1654 2753 1770 2844; x_wconf 65' lang='lat' dir='ltr'><strong>Item:</strong></span> 
     </span>
     <span class='ocr_line' id='line_1_19' title="bbox 346 2880 1770 2988; baseline 0.003 -34"><span class='ocrx_word' id='word_1_169' title='bbox 346 2881 438 2955; x_wconf 81' lang='lat' dir='ltr'><strong>dixit</strong></span> <span class='ocrx_word' id='word_1_170' title='bbox 456 2883 560 2988; x_wconf 94' lang='lat' dir='ltr'><strong>quod</strong></span> <span class='ocrx_word' id='word_1_171' title='bbox 581 2880 761 2988; x_wconf 87' lang='lat' dir='ltr'><strong>jurabant</strong></span> <span class='ocrx_word' id='word_1_172' title='bbox 784 2909 859 2958; x_wconf 91' lang='lat' dir='ltr'><strong>uon</strong></span> <span class='ocrx_word' id='word_1_173' title='bbox 876 2881 1039 2957; x_wconf 86' lang='lat' dir='ltr'><strong>revelare</strong></span> <span class='ocrx_word' id='word_1_174' title='bbox 1060 2898 1199 2958; x_wconf 88' lang='lat' dir='ltr'><strong>secreta</strong></span> <span class='ocrx_word' id='word_1_175' title='bbox 1224 2881 1490 2987; x_wconf 87' lang='lat' dir='ltr'><strong>capitulorum,</strong></span> <span class='ocrx_word' id='word_1_176' title='bbox 1512 2880 1560 2958; x_wconf 93' lang='lat' dir='ltr'><strong>de</strong></span> <span class='ocrx_word' id='word_1_177' title='bbox 1577 2881 1693 2958; x_wconf 91' lang='lat' dir='ltr'><strong>modo</strong></span> <span class='ocrx_word' id='word_1_178' title='bbox 1716 2910 1770 2958; x_wconf 90' lang='lat' dir='ltr'><strong>re·</strong></span> 
     </span>
     <span class='ocr_line' id='line_1_20' title="bbox 344 3009 1768 3118; baseline 0.003 -32"><span class='ocrx_word' id='word_1_179' title='bbox 344 3013 530 3116; x_wconf 80' lang='lat' dir='ltr'><strong>capcionis</strong></span> <span class='ocrx_word' id='word_1_180' title='bbox 554 3013 590 3089; x_wconf 91' lang='lat' dir='ltr'><strong>in</strong></span> <span class='ocrx_word' id='word_1_181' title='bbox 608 3011 755 3118; x_wconf 90' lang='lat' dir='ltr'><strong>speciali</strong></span> <span class='ocrx_word' id='word_1_182' title='bbox 774 3040 851 3089; x_wconf 91' lang='lat' dir='ltr'><strong>non</strong></span> <span class='ocrx_word' id='word_1_183' title='bbox 871 3012 996 3089; x_wconf 89' lang='lat' dir='ltr'><strong>habita</strong></span> <span class='ocrx_word' id='word_1_184' title='bbox 1018 3011 1226 3088; x_wconf 90' lang='lat' dir='ltr'><strong>mencione.</strong></span> <span class='ocrx_word' id='word_1_185' title='bbox 1244 3011 1320 3104; x_wconf 91' lang='lat' dir='ltr'><strong>Qui</strong></span> <span class='ocrx_word' id='word_1_186' title='bbox 1341 3009 1584 3099; x_wconf 89' lang='lat' dir='ltr'><strong>revelassent,</strong></span> <span class='ocrx_word' id='word_1_187' title='bbox 1607 3011 1768 3090; x_wconf 90' lang='lat' dir='ltr'><strong>domum</strong></span> 
     </span>
     <span class='ocr_line' id='line_1_21' title="bbox 344 3140 1769 3247; baseline 0.003 -32"><span class='ocrx_word' id='word_1_188' title='bbox 344 3144 608 3247; x_wconf 77' lang='lat' dir='ltr'><strong>perdidissent.</strong></span> <span class='ocrx_word' id='word_1_189' title='bbox 639 3143 856 3221; x_wconf 87' lang='lat' dir='ltr'><strong>Secundum</strong></span> <span class='ocrx_word' id='word_1_190' title='bbox 880 3156 1017 3220; x_wconf 86' lang='lat' dir='ltr'><strong>statuta</strong></span> <span class='ocrx_word' id='word_1_191' title='bbox 1037 3141 1180 3218; x_wconf 91' lang='lat' dir='ltr'><strong>ordinis</strong></span> <span class='ocrx_word' id='word_1_192' title='bbox 1201 3169 1332 3218; x_wconf 89' lang='lat' dir='ltr'><strong>eorum</strong></span> <span class='ocrx_word' id='word_1_193' title='bbox 1355 3140 1545 3218; x_wconf 89' lang='lat' dir='ltr'><strong>debebant</strong></span> <span class='ocrx_word' id='word_1_194' title='bbox 1565 3169 1697 3218; x_wconf 89' lang='lat' dir='ltr'><strong>eorum</strong></span> <span class='ocrx_word' id='word_1_195' title='bbox 1718 3171 1769 3219; x_wconf 86' lang='lat' dir='ltr'><strong>sa·</strong></span> 
     </span>
     <span class='ocr_line' id='line_1_22' title="bbox 344 3270 1767 3376; baseline -0.001 -29"><span class='ocrx_word' id='word_1_196' title='bbox 344 3274 560 3350; x_wconf 87' lang='lat' dir='ltr'><strong>cerdotibus</strong></span> <span class='ocrx_word' id='word_1_197' title='bbox 578 3272 763 3361; x_wconf 84' lang='lat' dir='ltr'><strong>confiteri,</strong></span> <span class='ocrx_word' id='word_1_198' title='bbox 787 3289 825 3349; x_wconf 93' lang='lat' dir='ltr'><strong>et</strong></span> <span class='ocrx_word' id='word_1_199' title='bbox 844 3273 923 3349; x_wconf 92' lang='lat' dir='ltr'><strong>sine</strong></span> <span class='ocrx_word' id='word_1_200' title='bbox 942 3300 1074 3349; x_wconf 91' lang='lat' dir='ltr'><strong>eorum</strong></span> <span class='ocrx_word' id='word_1_201' title='bbox 1093 3272 1247 3348; x_wconf 88' lang='lat' dir='ltr'><strong>licencia</strong></span> <span class='ocrx_word' id='word_1_202' title='bbox 1265 3299 1341 3348; x_wconf 93' lang='lat' dir='ltr'><strong>non</strong></span> <span class='ocrx_word' id='word_1_203' title='bbox 1359 3288 1532 3376; x_wconf 86' lang='lat' dir='ltr'><strong>poterant</strong></span> <span class='ocrx_word' id='word_1_204' title='bbox 1547 3270 1630 3347; x_wconf 90' lang='lat' dir='ltr'><strong>aliis</strong></span> <span class='ocrx_word' id='word_1_205' title='bbox 1649 3272 1767 3346; x_wconf 84' lang='lat' dir='ltr'><strong>consr-</strong></span> 
     </span>
     <span class='ocr_line' id='line_1_23' title="bbox 343 3401 1767 3509; baseline -0.001 -32"><span class='ocrx_word' id='word_1_206' title='bbox 343 3402 426 3477; x_wconf 87' lang='lat' dir='ltr'><strong>teri.</strong></span> <span class='ocrx_word' id='word_1_207' title='bbox 450 3405 595 3478; x_wconf 85' lang='lat' dir='ltr'><strong>Fratres</strong></span> <span class='ocrx_word' id='word_1_208' title='bbox 618 3403 777 3481; x_wconf 90' lang='lat' dir='ltr'><strong>scientes</strong></span> <span class='ocrx_word' id='word_1_209' title='bbox 799 3430 944 3478; x_wconf 90' lang='lat' dir='ltr'><strong>errores</strong></span> <span class='ocrx_word' id='word_1_210' title='bbox 965 3403 1118 3479; x_wconf 86' lang='lat' dir='ltr'><strong>fuerunt</strong></span> <span class='ocrx_word' id='word_1_211' title='bbox 1140 3401 1370 3509; x_wconf 90' lang='lat' dir='ltr'><strong>negligentes</strong></span> <span class='ocrx_word' id='word_1_212' title='bbox 1393 3402 1481 3507; x_wconf 89' lang='lat' dir='ltr'><strong>quia</strong></span> <span class='ocrx_word' id='word_1_213' title='bbox 1506 3428 1584 3478; x_wconf 91' lang='lat' dir='ltr'><strong>non</strong></span> <span class='ocrx_word' id='word_1_214' title='bbox 1605 3427 1767 3477; x_wconf 90' lang='lat' dir='ltr'><strong>correxe-</strong></span> 
     </span>
     <span class='ocr_line' id='line_1_24' title="bbox 344 3528 1765 3635; baseline 0.001 -29"><span class='ocrx_word' id='word_1_215' title='bbox 344 3549 433 3607; x_wconf 90' lang='lat' dir='ltr'><strong>runt</strong></span> <span class='ocrx_word' id='word_1_216' title='bbox 455 3560 519 3611; x_wconf 89' lang='lat' dir='ltr'><strong>eos</strong></span> <span class='ocrx_word' id='word_1_217' title='bbox 541 3560 610 3609; x_wconf 91' lang='lat' dir='ltr'><strong>nec</strong></span> <span class='ocrx_word' id='word_1_218' title='bbox 625 3532 946 3610; x_wconf 86' lang='lat' dir='ltr'><strong>denunciaverunt</strong></span> <span class='ocrx_word' id='word_1_219' title='bbox 965 3532 1141 3610; x_wconf 87' lang='lat' dir='ltr'><strong>Ecclesie.</strong></span> <span class='ocrx_word' id='word_1_220' title='bbox 1162 3533 1394 3609; x_wconf 88' lang='lat' dir='ltr'><strong>Elemosinas</strong></span> <span class='ocrx_word' id='word_1_221' title='bbox 1418 3549 1455 3608; x_wconf 91' lang='lat' dir='ltr'><strong>et</strong></span> <span class='ocrx_word' id='word_1_222' title='bbox 1472 3528 1765 3635; x_wconf 64' lang='lat' dir='ltr'><strong>hospitalitatem</strong></span> 
     </span>
     <span class='ocr_line' id='line_1_25' title="bbox 343 3659 1764 3768; baseline -0.003 -32"><span class='ocrx_word' id='word_1_223' title='bbox 343 3663 435 3739; x_wconf 92' lang='lat' dir='ltr'><strong>vidit</strong></span> <span class='ocrx_word' id='word_1_224' title='bbox 446 3665 713 3741; x_wconf 87' lang='lat' dir='ltr'><strong>convenienter</strong></span> <span class='ocrx_word' id='word_1_225' title='bbox 726 3662 807 3740; x_wconf 89' lang='lat' dir='ltr'><strong>lieri</strong></span> <span class='ocrx_word' id='word_1_226' title='bbox 823 3681 860 3740; x_wconf 91' lang='lat' dir='ltr'><strong>et</strong></span> <span class='ocrx_word' id='word_1_227' title='bbox 874 3665 1008 3741; x_wconf 88' lang='lat' dir='ltr'><strong>servari</strong></span> <span class='ocrx_word' id='word_1_228' title='bbox 1022 3663 1060 3738; x_wconf 92' lang='lat' dir='ltr'><strong>in</strong></span> <span class='ocrx_word' id='word_1_229' title='bbox 1074 3662 1251 3740; x_wconf 90' lang='lat' dir='ltr'><strong>domibus</strong></span> <span class='ocrx_word' id='word_1_230' title='bbox 1266 3663 1409 3740; x_wconf 90' lang='lat' dir='ltr'><strong>ordinis</strong></span> <span class='ocrx_word' id='word_1_231' title='bbox 1423 3664 1461 3737; x_wconf 90' lang='lat' dir='ltr'><strong>in</strong></span> <span class='ocrx_word' id='word_1_232' title='bbox 1475 3661 1614 3768; x_wconf 89' lang='lat' dir='ltr'><strong>quibus</strong></span> <span class='ocrx_word' id='word_1_233' title='bbox 1627 3659 1764 3735; x_wconf 87' lang='lat' dir='ltr'><strong>exstitit</strong></span> 
     </span>
     <span class='ocr_line' id='line_1_26' title="bbox 344 3786 1763 3898; baseline -0.002 -31"><span class='ocrx_word' id='word_1_234' title='bbox 344 3812 608 3871; x_wconf 89' lang='lat' dir='ltr'><strong>commoratus.</strong></span> <span class='ocrx_word' id='word_1_235' title='bbox 645 3795 826 3871; x_wconf 91' lang='lat' dir='ltr'><strong>Jurabant</strong></span> <span class='ocrx_word' id='word_1_236' title='bbox 865 3822 1008 3870; x_wconf 85' lang='lat' dir='ltr'><strong>servare</strong></span> <span class='ocrx_word' id='word_1_237' title='bbox 1045 3794 1144 3871; x_wconf 89' lang='lat' dir='ltr'><strong>bona</strong></span> <span class='ocrx_word' id='word_1_238' title='bbox 1179 3794 1321 3872; x_wconf 91' lang='lat' dir='ltr'><strong>ordinis</strong></span> <span class='ocrx_word' id='word_1_239' title='bbox 1350 3810 1389 3870; x_wconf 91' lang='lat' dir='ltr'><strong>et</strong></span> <span class='ocrx_word' id='word_1_240' title='bbox 1412 3793 1605 3898; x_wconf 87' lang='lat' dir='ltr'><strong>acquirere</strong></span> <span class='ocrx_word' id='word_1_241' title='bbox 1635 3786 1763 3866; x_wconf 88' lang='lat' dir='ltr'><strong>debito</strong></span> 
     </span>
     <span class='ocr_line' id='line_1_27' title="bbox 343 3922 1760 4031; baseline -0.004 -33"><span class='ocrx_word' id='word_1_242' title='bbox 343 3925 478 4014; x_wconf 88' lang='lat' dir='ltr'><strong>modo,</strong></span> <span class='ocrx_word' id='word_1_243' title='bbox 500 3943 537 4002; x_wconf 93' lang='lat' dir='ltr'><strong>et</strong></span> <span class='ocrx_word' id='word_1_244' title='bbox 557 3924 845 4003; x_wconf 83' lang='lat' dir='ltr'><strong>deffendebatur</strong></span> <span class='ocrx_word' id='word_1_245' title='bbox 863 3925 917 4001; x_wconf 91' lang='lat' dir='ltr'><strong>eis</strong></span> <span class='ocrx_word' id='word_1_246' title='bbox 932 3925 1035 4031; x_wconf 90' lang='lat' dir='ltr'><strong>quod</strong></span> <span class='ocrx_word' id='word_1_247' title='bbox 1059 3953 1136 4002; x_wconf 92' lang='lat' dir='ltr'><strong>non</strong></span> <span class='ocrx_word' id='word_1_248' title='bbox 1153 3926 1424 4002; x_wconf 91' lang='lat' dir='ltr'><strong>exheredarent</strong></span> <span class='ocrx_word' id='word_1_249' title='bbox 1443 3922 1594 3999; x_wconf 90' lang='lat' dir='ltr'><strong>vicinias</strong></span> <span class='ocrx_word' id='word_1_250' title='bbox 1614 3947 1760 4006; x_wconf 74' lang='lat' dir='ltr'><strong>eorunm</strong></span> 
     </span>
     <span class='ocr_line' id='line_1_28' title="bbox 342 4047 1761 4155; baseline -0.008 -24"><span class='ocrx_word' id='word_1_251' title='bbox 342 4054 454 4131; x_wconf 88' lang='lat' dir='ltr'><strong>nrulti</strong></span> <span class='ocrx_word' id='word_1_252' title='bbox 469 4072 595 4132; x_wconf 89' lang='lat' dir='ltr'><strong>tamen</strong></span> <span class='ocrx_word' id='word_1_253' title='bbox 614 4083 658 4132; x_wconf 88' lang='lat' dir='ltr'><strong>ex</strong></span> <span class='ocrx_word' id='word_1_254' title='bbox 671 4055 780 4132; x_wconf 87' lang='lat' dir='ltr'><strong>dictis</strong></span> <span class='ocrx_word' id='word_1_255' title='bbox 792 4055 969 4132; x_wconf 84' lang='lat' dir='ltr'><strong>fratribus</strong></span> <span class='ocrx_word' id='word_1_256' title='bbox 984 4055 1127 4132; x_wconf 89' lang='lat' dir='ltr'><strong>ordinis</strong></span> <span class='ocrx_word' id='word_1_257' title='bbox 1140 4055 1391 4133; x_wconf 89' lang='lat' dir='ltr'><strong>abutebantur</strong></span> <span class='ocrx_word' id='word_1_258' title='bbox 1408 4053 1542 4131; x_wconf 91' lang='lat' dir='ltr'><strong>litteris</strong></span> <span class='ocrx_word' id='word_1_259' title='bbox 1554 4047 1761 4155; x_wconf 88' lang='lat' dir='ltr'><strong>apostolicis</strong></span> 
     </span>
     <span class='ocr_line' id='line_1_29' title="bbox 342 4182 1762 4292; baseline -0.007 -31"><span class='ocrx_word' id='word_1_260' title='bbox 342 4203 379 4261; x_wconf 89' lang='lat' dir='ltr'><strong>et</strong></span> <span class='ocrx_word' id='word_1_261' title='bbox 404 4186 546 4263; x_wconf 92' lang='lat' dir='ltr'><strong>multos</strong></span> <span class='ocrx_word' id='word_1_262' title='bbox 571 4186 752 4263; x_wconf 89' lang='lat' dir='ltr'><strong>vexabant</strong></span> <span class='ocrx_word' id='word_1_263' title='bbox 779 4215 864 4263; x_wconf 90' lang='lat' dir='ltr'><strong>curn</strong></span> <span class='ocrx_word' id='word_1_264' title='bbox 896 4186 966 4273; x_wconf 90' lang='lat' dir='ltr'><strong>eis,</strong></span> <span class='ocrx_word' id='word_1_265' title='bbox 996 4186 1101 4290; x_wconf 90' lang='lat' dir='ltr'><strong>quod</strong></span> <span class='ocrx_word' id='word_1_266' title='bbox 1130 4184 1200 4262; x_wconf 86' lang='lat' dir='ltr'><strong>luit</strong></span> <span class='ocrx_word' id='word_1_267' title='bbox 1228 4184 1447 4292; x_wconf 78' lang='lat' dir='ltr'><strong>frequenter</strong></span> <span class='ocrx_word' id='word_1_268' title='bbox 1471 4210 1539 4288; x_wconf 88' lang='lat' dir='ltr'><strong>per</strong></span> <span class='ocrx_word' id='word_1_269' title='bbox 1565 4182 1687 4284; x_wconf 89' lang='lat' dir='ltr'><strong>ipsum</strong></span> <span class='ocrx_word' id='word_1_270' title='bbox 1710 4193 1762 4251; x_wconf 89' lang='lat' dir='ltr'><strong>te-</strong></span> 
     </span>
     <span class='ocr_line' id='line_1_30' title="bbox 341 4309 1764 4423; baseline -0.008 -32"><span class='ocrx_word' id='word_1_271' title='bbox 341 4334 436 4392; x_wconf 86' lang='lat' dir='ltr'><strong>stem</strong></span> <span class='ocrx_word' id='word_1_272' title='bbox 450 4318 743 4423; x_wconf 91' lang='lat' dir='ltr'><strong>reprehensum,</strong></span> <span class='ocrx_word' id='word_1_273' title='bbox 762 4334 799 4393; x_wconf 90' lang='lat' dir='ltr'><strong>et</strong></span> <span class='ocrx_word' id='word_1_274' title='bbox 814 4316 886 4393; x_wconf 85' lang='lat' dir='ltr'><strong>fuit</strong></span> <span class='ocrx_word' id='word_1_275' title='bbox 898 4316 937 4392; x_wconf 92' lang='lat' dir='ltr'><strong>in</strong></span> <span class='ocrx_word' id='word_1_276' title='bbox 952 4317 1122 4421; x_wconf 89' lang='lat' dir='ltr'><strong>periculo</strong></span> <span class='ocrx_word' id='word_1_277' title='bbox 1139 4317 1254 4392; x_wconf 92' lang='lat' dir='ltr'><strong>eciam</strong></span> <span class='ocrx_word' id='word_1_278' title='bbox 1269 4316 1357 4422; x_wconf 91' lang='lat' dir='ltr'><strong>quia</strong></span> <span class='ocrx_word' id='word_1_279' title='bbox 1377 4309 1681 4421; x_wconf 86' lang='lat' dir='ltr'><strong>reprehendebat</strong></span> <span class='ocrx_word' id='word_1_280' title='bbox 1691 4333 1764 4412; x_wconf 89' lang='lat' dir='ltr'><strong>pre·</strong></span> 
     </span>
     <span class='ocr_line' id='line_1_31' title="bbox 343 4434 1763 4553; baseline -0.006 -33"><span class='ocrx_word' id='word_1_281' title='bbox 343 4446 451 4523; x_wconf 88' lang='lat' dir='ltr'><strong>dicta.</strong></span> <span class='ocrx_word' id='word_1_282' title='bbox 487 4449 629 4524; x_wconf 83' lang='lat' dir='ltr'><strong>Eorum</strong></span> <span class='ocrx_word' id='word_1_283' title='bbox 663 4445 839 4553; x_wconf 87' lang='lat' dir='ltr'><strong>capitulia</strong></span> <span class='ocrx_word' id='word_1_284' title='bbox 869 4445 964 4523; x_wconf 93' lang='lat' dir='ltr'><strong>clam</strong></span> <span class='ocrx_word' id='word_1_285' title='bbox 993 4445 1240 4534; x_wconf 89' lang='lat' dir='ltr'><strong>tenebantur,</strong></span> <span class='ocrx_word' id='word_1_286' title='bbox 1278 4447 1394 4524; x_wconf 92' lang='lat' dir='ltr'><strong>nullis</strong></span> <span class='ocrx_word' id='word_1_287' title='bbox 1423 4439 1665 4551; x_wconf 89' lang='lat' dir='ltr'><strong>presentibus</strong></span> <span class='ocrx_word' id='word_1_288' title='bbox 1697 4434 1763 4510; x_wconf 87' lang='lat' dir='ltr'><strong>nisi</strong></span> 
     </span>
     <span class='ocr_line' id='line_1_32' title="bbox 342 4567 1764 4684; baseline -0.01 -33"><span class='ocrx_word' id='word_1_289' title='bbox 342 4576 518 4653; x_wconf 86' lang='lat' dir='ltr'><strong>fratribus</strong></span> <span class='ocrx_word' id='word_1_290' title='bbox 535 4579 695 4668; x_wconf 90' lang='lat' dir='ltr'><strong>ordinis,</strong></span> <span class='ocrx_word' id='word_1_291' title='bbox 714 4596 750 4654; x_wconf 86' lang='lat' dir='ltr'><strong>et</strong></span> <span class='ocrx_word' id='word_1_292' title='bbox 762 4578 1030 4684; x_wconf 89' lang='lat' dir='ltr'><strong>providebatur</strong></span> <span class='ocrx_word' id='word_1_293' title='bbox 1045 4607 1092 4654; x_wconf 91' lang='lat' dir='ltr'><strong>ne</strong></span> <span class='ocrx_word' id='word_1_294' title='bbox 1106 4577 1304 4654; x_wconf 88' lang='lat' dir='ltr'><strong>audiretur</strong></span> <span class='ocrx_word' id='word_1_295' title='bbox 1317 4572 1483 4656; x_wconf 77' lang='lat' dir='ltr'><strong>exterius</strong></span> <span class='ocrx_word' id='word_1_296' title='bbox 1495 4571 1600 4678; x_wconf 90' lang='lat' dir='ltr'><strong>quod</strong></span> <span class='ocrx_word' id='word_1_297' title='bbox 1615 4567 1764 4646; x_wconf 89' lang='lat' dir='ltr'><strong>interius</strong></span> 
     </span>
     <span class='ocr_line' id='line_1_33' title="bbox 341 4695 1764 4816; baseline -0.004 -36"><span class='ocrx_word' id='word_1_298' title='bbox 341 4705 531 4811; x_wconf 86' lang='lat' dir='ltr'><strong>agebatur,</strong></span> <span class='ocrx_word' id='word_1_299' title='bbox 559 4725 597 4784; x_wconf 91' lang='lat' dir='ltr'><strong>et</strong></span> <span class='ocrx_word' id='word_1_300' title='bbox 622 4709 825 4816; x_wconf 88' lang='lat' dir='ltr'><strong>aliquando</strong></span> <span class='ocrx_word' id='word_1_301' title='bbox 854 4710 1082 4785; x_wconf 89' lang='lat' dir='ltr'><strong>tenebantur</strong></span> <span class='ocrx_word' id='word_1_302' title='bbox 1108 4726 1192 4785; x_wconf 89' lang='lat' dir='ltr'><strong>ante</strong></span> <span class='ocrx_word' id='word_1_303' title='bbox 1224 4709 1336 4786; x_wconf 90' lang='lat' dir='ltr'><strong>diem.</strong></span> <span class='ocrx_word' id='word_1_304' title='bbox 1360 4705 1545 4789; x_wconf 88' lang='lat' dir='ltr'><strong>Ordinata</strong></span> <span class='ocrx_word' id='word_1_305' title='bbox 1571 4728 1636 4806; x_wconf 92' lang='lat' dir='ltr'><strong>per</strong></span> <span class='ocrx_word' id='word_1_306' title='bbox 1654 4695 1764 4801; x_wconf 84' lang='lat' dir='ltr'><strong>Magi·</strong></span> 
     </span>
     <span class='ocr_line' id='line_1_34' title="bbox 342 4827 1765 4948; baseline -0.001 -38"><span class='ocrx_word' id='word_1_307' title='bbox 342 4853 461 4911; x_wconf 89' lang='lat' dir='ltr'><strong>strum</strong></span> <span class='ocrx_word' id='word_1_308' title='bbox 478 4865 561 4911; x_wconf 91' lang='lat' dir='ltr'><strong>cum</strong></span> <span class='ocrx_word' id='word_1_309' title='bbox 580 4854 763 4914; x_wconf 88' lang='lat' dir='ltr'><strong>conventu</strong></span> <span class='ocrx_word' id='word_1_310' title='bbox 783 4855 962 4914; x_wconf 88' lang='lat' dir='ltr'><strong>servasset</strong></span> <span class='ocrx_word' id='word_1_311' title='bbox 974 4855 1075 4937; x_wconf 87' lang='lat' dir='ltr'><strong>totus</strong></span> <span class='ocrx_word' id='word_1_312' title='bbox 1094 4838 1205 4930; x_wconf 87' lang='lat' dir='ltr'><strong>ordo,</strong></span> <span class='ocrx_word' id='word_1_313' title='bbox 1223 4855 1351 4916; x_wconf 87' lang='lat' dir='ltr'><strong>contra</strong></span> <span class='ocrx_word' id='word_1_314' title='bbox 1369 4863 1488 4948; x_wconf 88' lang='lat' dir='ltr'><strong>quem</strong></span> <span class='ocrx_word' id='word_1_315' title='bbox 1506 4827 1655 4938; x_wconf 80' lang='lat' dir='ltr'><strong>grandia</strong></span> <span class='ocrx_word' id='word_1_316' title='bbox 1668 4850 1765 4900; x_wconf 85' lang='lat' dir='ltr'><strong>smn-</strong></span> 
     </span>
    </p>
   </div>
   <div class='ocr_carea' id='block_1_3' title="bbox 0 0 2122 5941">
    <p class='ocr_par' dir='ltr' id='par_1_3' title="bbox 0 0 2122 5941">
     <span class='ocr_line' id='line_1_35' title="bbox 0 0 2122 5941; baseline 0 0"><span class='ocrx_word' id='word_1_317' title='bbox 0 0 2122 5941; x_wconf 95' lang='lat' dir='ltr'><strong> </strong></span> 
     </span>
    </p>
   </div>
  </div>
 </body>
</html>
