4236 5948
739 524 935 615 proces
962 538 1057 615 nes
1084 541 1386 617 rsurnruas.
1703 553 1774 625 aar

349 688 502 766 fratrem
516 684 730 791 G'uigonem
751 682 923 762 Ademari
945 702 1204 792 preceptorem
1224 686 1434 779 Provincie,
1455 689 1693 794 presentibus
1713 691 1780 770 sra-

348 809 470 898 tribus
488 815 656 897 Gerardo
670 817 828 893 Barascii
847 834 885 894 et
900 816 1106 894 Bertrando
1123 818 1170 895 de
1186 820 1341 925 Longus
1360 817 1466 897 Valle
1493 818 1694 911 militibus,
1713 826 1779 931 qui

349 951 502 1030 fuerunt
522 948 663 1055 recepti
690 975 776 1024 cum
795 948 895 1054 ipso,
923 965 960 1025 et
988 947 1099 1024 fratre
1123 949 1346 1057 Raymundo
1372 950 1527 1027 Roberti
1560 971 1779 1059 preceptore

273 1076 277 1083 ’
351 1084 397 1161 de
412 1082 569 1171 Bastito,
596 1078 786 1156 defuncto.
809 1078 910 1157 Dixit
930 1078 1041 1156 etiam
1061 1107 1129 1186 per
1143 1079 1399 1187 juramentum
1415 1110 1527 1158 suum
1549 1085 1653 1190 quod
1676 1086 1779 1163 idem

348 1213 533 1321 recipiens
556 1210 646 1289 fecit
667 1210 737 1288 sibi
761 1211 920 1316 aportari
944 1212 1147 1318 quamdam
1165 1240 1314 1288 crucem
1329 1241 1496 1318 parvam,
1525 1231 1562 1291 et
1584 1232 1674 1293 tunc
1694 1247 1780 1323 pre-

349 1344 448 1452 cepit
464 1344 498 1422 ei
519 1343 623 1450 quod
644 1342 846 1450 abnegaret
867 1371 955 1420 eum
971 1342 1076 1449 cujus
1092 1343 1214 1449 imago
1229 1360 1308 1421 erat
1328 1344 1367 1419 in
1385 1372 1512 1434 cruce;
1533 1363 1570 1422 et
1588 1363 1680 1425 tune
1698 1349 1779 1454 ipse

350 1475 543 1584 abnegavit
558 1502 641 1565 ore,
659 1502 854 1582 uunquam
867 1492 992 1553 tamen
1008 1475 1201 1582 abnegavit
1213 1475 1338 1553 corde.
1350 1476 1452 1552 Dixit
1466 1477 1582 1553 eciam
1595 1506 1663 1585 per
1676 1480 1780 1587 jura-

348 1623 518 1684 mentum
542 1634 654 1684 suum
680 1606 785 1713 quod
815 1606 917 1682 idem
941 1607 1124 1712 recipiens
1154 1608 1278 1684 eidem
1303 1609 1471 1715 precepit
1496 1611 1601 1716 quod
1629 1631 1779 1718 spueret
1909 1600 1912 1607 ⁸

348 1765 458 1845 supra
478 1765 643 1826 crucem,
670 1738 737 1814 sed
761 1764 838 1814 non
862 1736 964 1826 lecit,
986 1756 1030 1815 ut
1054 1738 1163 1828 dixit,
1192 1739 1258 1816 sed
1286 1755 1416 1815 utrum
1444 1739 1507 1816 alii
1533 1742 1599 1847 qui
1626 1772 1711 1819 cum
1734 1773 1778 1820 eo

347 1866 503 1946 fuerunt
528 1869 666 1975 recepti
694 1884 877 1974 spuerunt
900 1896 1012 1974 supra
1037 1867 1174 1945 dictam
1199 1898 1348 1947 crucem
1374 1898 1452 1947 uon
1475 1873 1661 1979 percepit,
1689 1876 1779 1980 quia

347 2015 450 2077 totus
471 2018 550 2077 erat
568 2001 721 2078 territus
742 2017 779 2076 et
799 1982 968 2077 turbatus
985 2001 1033 2077 de
1057 2000 1131 2077 hoc
1150 2000 1255 2108 quod
1267 2001 1545 2107 precipiebatur
1564 2003 1652 2093 sibi,
1675 2005 1780 2112 quod

348 2131 488 2209 mirum
505 2149 595 2209 erat.
611 2132 713 2209 Dixit
727 2132 845 2208 eciam
864 2159 933 2237 per
942 2131 1201 2237 juramentum
1221 2161 1332 2209 suum
1353 2132 1458 2239 quod
1475 2132 1578 2210 idem
1598 2135 1781 2242 recipiens

347 2265 515 2370 precepit
538 2263 642 2369 quod
667 2263 697 2340 si
723 2261 837 2369 aliqui
866 2262 911 2338 de
938 2261 1072 2339 ordine
1096 2262 1235 2340 vellent
1258 2292 1298 2340 se
1323 2265 1566 2342 commiscere
1587 2267 1783 2343 carnaliter

348 2422 434 2472 cum
454 2422 515 2484 eo,
534 2394 639 2502 quod
658 2394 911 2500 permitteret,
931 2410 969 2470 et
988 2394 1037 2469 ita
1057 2393 1282 2471 tenebantur
1303 2423 1391 2471 eum
1405 2395 1602 2473 admittere
1623 2398 1779 2488 adhoc,

349 2543 387 2604 et
406 2526 511 2634 quod
534 2555 612 2605 nou
637 2543 715 2604 erat
733 2542 939 2633 peccatum.
968 2527 1045 2604 Sed
1071 2525 1162 2603 dixit
1181 2555 1250 2633 per
1263 2526 1524 2634 jurameutum
1545 2556 1656 2606 suum
1676 2532 1780 2636 quod

226 2650 228 2655 ¹
347 2684 542 2765 nunquam
557 2656 660 2750 lecit,
682 2686 752 2735 nec
771 2658 843 2736 fuit
858 2656 1077 2763 requisitus,
1098 2687 1168 2734 nec
1188 2658 1292 2735 scivit
1311 2660 1415 2765 quod
1431 2658 1566 2767 aliquis
1583 2662 1631 2738 de
1646 2661 1780 2739 ordine

347 2787 421 2866 hoc
434 2789 582 2868 faceret.
598 2790 814 2897 Requisitus
833 2806 965 2867 utrum
979 2789 1052 2867 luit
1066 2789 1257 2867 osculatus
1276 2790 1400 2896 ipsum
1421 2809 1669 2898 receptorem,
1688 2791 1781 2869 dixit

346 2946 415 3026 per
437 2921 698 3029 juramentum
724 2907 854 2998 suum*
865 2919 969 3028 quod
996 2921 1049 2997 sic
1078 2920 1317 2998 solummodo
1343 2921 1480 2999 inore.
1509 2923 1728 3030 Requisitus
1749 2927 1779 3000 si

346 3050 438 3128 vidit
458 3052 572 3157 recipi
594 3051 740 3159 aliquos
761 3052 854 3129 alios
883 3050 1031 3142 fratres,
1060 3051 1152 3128 dixit
1174 3081 1246 3160 per
1258 3053 1514 3160 jurameutum
1538 3083 1651 3132 suum
1676 3057 1782 3162 quod

346 3181 439 3258 vidit
458 3212 577 3260 uuum
592 3183 709 3289 recipi
736 3210 805 3288 per
832 3182 1009 3260 eumdem
1028 3201 1302 3289 preceptorem,
1331 3201 1368 3262 et
1390 3213 1458 3292 per
1482 3186 1596 3283 istum
1621 3186 1780 3263 modum

346 3312 418 3392 fuit
443 3333 626 3422 receptus.
657 3312 873 3421 Requisitus
902 3342 1018 3421 quare
1049 3331 1195 3398 tantum
1223 3315 1381 3392 tardavit
1414 3316 1538 3393 dicere
1568 3316 1778 3407 veritatem,

345 3446 539 3551 respondit
559 3474 628 3552 per
641 3444 898 3554 jurameutum
918 3475 1028 3524 suum
1051 3448 1156 3553 quod
1174 3464 1319 3525 tautum
1344 3447 1553 3526 tardaverat
1572 3447 1697 3526 dicere
1717 3478 1781 3526 ve·

345 3576 494 3655 ritatem
514 3595 668 3686 propter
694 3578 870 3656 timorem
896 3605 1076 3684 persone,
1103 3596 1142 3655 et
1159 3579 1248 3685 quia
1267 3577 1421 3658 nolebat
1442 3578 1614 3658 amittere
1643 3596 1779 3657 statum

346 3736 460 3816 quem
477 3709 640 3787 babebat
656 3737 832 3817 maguum
852 3709 892 3785 iu
910 3709 1060 3798 ordine,
1084 3724 1122 3785 et
1135 3737 1205 3814 pro
1221 3737 1267 3787 eo
1282 3737 1331 3787 ne
1346 3709 1477 3789 fratres
1492 3709 1662 3788 dicerent
1675 3711 1779 3819 quod

347 3856 442 3918 esset
470 3840 615 3946 primus
643 3866 712 3945 per
736 3867 850 3945 quem
875 3839 969 3917 ordo
994 3838 1291 3918 confunderetur
1315 3857 1353 3918 et
1374 3839 1680 3920 adnichilaretur.
1707 3844 1779 3922 Re·

345 3970 497 4077 spondit
515 3990 584 4076 per
597 3971 854 4085 jurameutum
869 3999 983 4048 suum
1002 3986 1132 4048 utrum
1147 3971 1201 4061 vi,
1220 3988 1286 4050 aut
1303 3987 1408 4048 metu
1424 3986 1701 4050 tormentorum
1719 3972 1777 4048 vel

346 4103 519 4193 carceris,
541 4102 705 4210 aliquam
730 4101 928 4180 falsitatem
948 4101 1117 4193 dixisset,
1149 4119 1215 4180 aut
1239 4101 1432 4181 veritatem
1451 4102 1629 4180 tacuisset
1650 4101 1689 4178 in
1710 4130 1775 4180 sua

346 4230 603 4341 deposicione,
619 4235 710 4311 dixit
723 4262 792 4341 per
798 4235 1058 4342 jurameutum
1071 4262 1183 4312 suum
1198 4233 1303 4343 quod
1318 4262 1412 4328 non,
1426 4235 1543 4312 immo
1558 4261 1689 4342 puram
1705 4262 1774 4339 pro
1836 4323 1841 4348 f

345 4363 465 4444 salute
484 4367 609 4445 anime
629 4395 696 4444 sue
714 4367 857 4444 dixerat
874 4367 1080 4445 veritatem.
1837 4349 1841 4373 ²

398 4628 494 4706 Item
513 4656 626 4722 anno,
653 4628 858 4718 indicione,
884 4655 1031 4718 meuse,
1058 4628 1138 4718 die,
1164 4624 1384 4734 pontificatu
1409 4643 1447 4705 et
1469 4626 1553 4704 loco
1576 4625 1771 4733 predictis,

342 4757 489 4837 indicti
511 4760 758 4869 inquisitoris,
778 4777 949 4840 nostrum
966 4759 1201 4838 nummorum
1221 4776 1260 4837 et
1278 4756 1601 4866 infrascriptarum
1620 4760 1772 4837 testium

341 4892 533 4997 presencia
557 4893 804 5002 personaliter
827 4893 1052 4973 constitutus
1075 4890 1189 4971 frater
1211 4890 1395 4972 Robertus
1424 4890 1472 4972 de
1497 4892 1617 4998 Supra
1635 4889 1772 4972 Villam

1550 5039 1602 5119 37.
