4236 5948
618 517 814 609 mouns
845 536 942 608 nus
973 537 1280 610 rnurmuns.
1586 540 1659 614 aas

234 685 330 760 hanc
350 708 455 760 suam
475 679 774 786 deposicionem,
796 706 996 786 quousque
1015 679 1273 756 attestaciones
1298 676 1438 754 suerint
1456 679 1660 784 publicata.

289 813 380 892 Acta
391 811 623 890 luemnthec
635 811 698 888 die
706 827 745 888 et
765 811 847 888 loco
863 810 1057 918 predictis,
1068 808 1305 916 presentibus
1317 809 1494 916 magistro
1505 810 1661 902 Amisia,

234 975 295 1025 me
308 933 565 1023 Floriamonte
584 942 799 1034 Dondedei‚
824 960 862 1019 et
880 942 963 1018 aliis
977 941 1131 1017 notariis
1153 970 1264 1047 supra
1284 940 1421 1018 ultimo
1443 942 1660 1021 nominatis.

189 1194 195 1206 ⁵
291 1209 381 1285 Post
400 1207 487 1297 hec,
513 1205 576 1282 die
598 1204 774 1282 Mercurii
801 1204 989 1310 sequenti,
1014 1231 1089 1310 que
1112 1202 1183 1280 fuit
1206 1231 1288 1282 xxvi
1307 1202 1389 1280 dies
1411 1203 1500 1279 dicti
1523 1205 1662 1282 mensis

236 1337 335 1426 maii,
348 1337 501 1414 bierunt
515 1335 665 1412 adducti
687 1364 757 1443 pro
767 1335 927 1413 testibus
949 1335 996 1411 ad
1014 1335 1246 1440 presenciam
1258 1335 1481 1412 eommdem
1493 1335 1664 1413 domino

235 1498 318 1546 rum
340 1467 700 1555 commissariorum,
725 1466 763 1542 in
785 1466 901 1543 domo
919 1466 1086 1571 predicta
1109 1466 1254 1542 domini
1277 1466 1377 1542 Petri
1392 1466 1442 1543 de
1456 1466 1659 1559 Sabaudia,

234 1599 365 1676 fratres
373 1598 562 1676 lohannes
572 1598 619 1674 de
631 1596 787 1685 Chali'et
798 1598 930 1673 Petrus
949 1596 996 1673 dc
1012 1595 1388 1705 MoydiesVienensis
1401 1614 1438 1672 et
1451 1599 1662 1703 Raynaldus

235 1729 326 1808 Belli
342 1729 411 1807 Pili
429 1731 476 1806 de
488 1727 640 1835 Capella
658 1729 705 1804 de
719 1727 919 1805 Daminlrie
935 1727 1195 1807 Cabilonensis
1213 1727 1432 1815 diocesium‚
1446 1729 1658 1807 servientes.

236 1862 310 1956 Qui
328 1861 444 1938 tactis
468 1861 708 1938 sacrosanctis
738 1859 937 1967 evangeliis
958 1858 1179 1967 jnraverunt
1200 1859 1239 1935 in
1267 1860 1337 1935 isto
1354 1861 1511 1967 negocio
1536 1860 1660 1937 dicere

235 2019 375 2069 meram
401 2009 438 2068 et
460 1990 612 2097 plenam
630 1990 840 2079 veritatem,
868 1989 1078 2066 secundum
1098 1988 1258 2066 sormam
1274 1990 1478 2097 juramenti
1499 1991 1659 2067 aliorum

234 2122 387 2198 testium
405 2123 579 2226 superius
597 2120 846 2228 registratam,
865 2121 1070 2227 expositam
1085 2137 1124 2195 et
1136 2117 1395 2227 vulgarizatam
1417 2121 1572 2197 eisdem.

290 2381 377 2474 Quo
397 2380 509 2472 lacto,
533 2381 655 2456 dictus
679 2378 791 2456 frater
811 2381 1001 2457 lohannes
1023 2381 1069 2456 de
1088 2381 1216 2472 Chali,
1239 2400 1357 2459 vestes
1376 2384 1538 2461 radiatas
1558 2383 1661 2461 dese·-

234 2537 334 2601 rens,
357 2539 442 2589 cum
463 2511 604 2618 quibus
619 2509 749 2616 captus
761 2509 876 2587 luisse
894 2509 1091 2587 dicebatur
1106 2510 1199 2586 dum
1219 2510 1381 2618 sugeret,
1398 2512 1558 2588 aliorum
1576 2538 1661 2618 cap

235 2642 340 2719 aione
367 2642 513 2733 audita,
539 2641 694 2718 barbam
719 2658 840 2717 rasam
864 2641 1022 2731 habens,
1048 2668 1117 2718 xxx
1142 2670 1327 2719 annorum
1353 2642 1412 2720 vel
1437 2644 1548 2733 circa,
1571 2672 1657 2721 cum

234 2801 309 2882 quo
325 2772 548 2879 inquisitum
558 2771 707 2862 luerat,
722 2771 918 2848 absolutus
933 2789 971 2848 et
992 2772 1254 2849 reconciliatus
1273 2804 1342 2879 per
1358 2775 1557 2851 dominum
1578 2777 1658 2880 epi·

234 2904 729 3011 scopum-Matisconensem,
747 2901 853 2979 lectis
869 2920 907 2979 et
923 2901 1125 3011 diligenter
1143 2904 1320 3009 expositis
1340 2905 1410 2981 sibi
1427 2906 1605 2982 omnibus
1620 2923 1659 2983 et

188 3023 191 3028 ’
233 3033 388 3143 singulis
411 3034 591 3124 articulis,
619 3033 815 3138 respondit
838 3061 876 3109 se
901 3032 1060 3124 nescire,
1088 3062 1156 3109 nec
1182 3034 1351 3123 credere,
1379 3063 1446 3110 nec
1472 3037 1661 3113 audivisse·

234 3165 306 3242 dici
322 3165 371 3242 de
391 3166 577 3242 contentis
598 3165 638 3240 in
659 3168 713 3240 eis
736 3165 807 3240 nisi
832 3165 938 3270 quod
957 3164 1129 3268 sequitur
1146 3194 1155 3239 z
1171 3164 1344 3241 videlicet
1367 3167 1473 3272 quod
1496 3166 1576 3271 ipse
1599 3195 1659 3242 re·

233 3312 361 3402 ceptus
376 3295 498 3372 luerat
516 3295 554 3370 in
575 3295 737 3402 quadam
754 3323 900 3371 camera
916 3295 1054 3371 domm
1073 3295 1222 3401 Templi
1242 3295 1291 3372 de
1313 3298 1422 3373 Buris
1443 3298 1658 3406 lingonen·

232 3426 281 3503 sis
304 3425 479 3515 diocesis,
508 3426 603 3501 circa
626 3428 769 3502 instans
789 3426 926 3504 festum
944 3425 1157 3505 Natiuitatis
1185 3428 1338 3504 Domini
1364 3445 1477 3504 erunt
1502 3455 1524 3504 x
1550 3438 1654 3520 anni,

232 3583 300 3660 per
313 3553 465 3631 fratrem
481 3556 682 3662 Hugonem
704 3555 750 3632 de
773 3556 969 3632 Penrando
988 3555 1214 3635 visitatorem
1231 3557 1398 3647 Francia,
1416 3558 1657 3664 presentibus

233 3684 407 3763 fratribus
421 3684 614 3791 Stephano
630 3685 679 3762 de
691 3685 861 3777 Volenis,
878 3715 993 3794 quem
1010 3687 1129 3764 credit
1143 3688 1275 3779 vivere,
1295 3690 1464 3795 Aymone
1480 3691 1654 3782 Duzelet‚

232 3831 273 3890 ut
294 3814 366 3893 sibi
385 3815 546 3908 videtur,
569 3817 633 3922 qui
654 3815 902 3893 transfretavit
920 3835 958 3893 et
977 3819 1222 3923 postmodum
1243 3847 1321 3896 non
1341 3821 1470 3909 rediit,
1493 3823 1657 3900 servien-

108 3967 112 3974 ·
232 3946 348 4037 tibus,
366 3947 506 4025 Poncio
525 3949 573 4025 de
595 3948 737 4026 Grandi
757 3948 902 4054 Campo
923 3965 960 4024 et
978 3949 1137 4026 Ricardo
1154 3950 1202 4027 de
1220 3952 1435 4028 Botincuria
1450 3952 1654 4042 militibus,

234 4075 449 4166 deffunetis,
471 4077 511 4152 in
533 4077 636 4155 hunc
662 4080 844 4156 modum:
873 4106 960 4154 nam
980 4081 1097 4185 petita
1117 4098 1176 4156 ter
1199 4081 1374 4157 societate
1398 4080 1543 4157 ordinis
1563 4086 1655 4159 etei

233 4235 420 4296 concessa,
438 4207 526 4284 lecit
545 4235 635 4286 eum
651 4208 773 4289 dictus
788 4227 961 4316 receptor
975 4238 1108 4287 vovere
1130 4229 1167 4287 et
1178 4211 1308 4317 jurare
1324 4214 1545 4303 castitatem,
1562 4212 1656 4290 obe-

234 4338 435 4429 dienciam,
456 4339 578 4416 vivere
599 4340 679 4417 sine
704 4341 880 4446 proprio,
908 4357 946 4417 et
965 4341 1069 4448 quod
1092 4370 1168 4419 non
1194 4343 1374 4420 revelaret
1397 4360 1537 4419 secreta
1559 4343 1656 4448 capi·

231 4467 428 4558 tuliorum,
451 4500 521 4549 nec
540 4470 684 4579 aliquid
698 4472 804 4579 quod
818 4491 909 4550 tunc
924 4476 1033 4551 lieret
1046 4473 1105 4550 vel
1121 4474 1264 4552 diceret
1278 4475 1329 4564 ei,
1347 4474 1515 4579 predicto
1531 4474 1653 4581 quod,

232 4600 261 4674 si
285 4601 487 4694 revelaret,
514 4622 720 4710 poneretur
739 4606 779 4682 in
799 4634 962 4691 earcere,
984 4606 1024 4680 in
1050 4635 1126 4713 quo
1147 4607 1221 4683 cito
1249 4624 1461 4684 moreretur
1479 4607 1537 4683 vel
1558 4635 1656 4683 nun·

232 4757 343 4836 quarn
360 4733 408 4809 de
424 4762 471 4811 eo
486 4734 621 4827 exiret;
644 4753 681 4813 et
700 4737 877 4842 imposito
891 4737 962 4812 sibi
976 4736 1174 4824 mantello,
1192 4755 1364 4843 receptor
1375 4754 1414 4815 et
1425 4737 1487 4815 alii
1501 4737 1657 4816 luerunt

233 4887 319 4939 eum
340 4865 498 4943 osculati
515 4866 656 4955 inore,
679 4885 717 4942 et
736 4868 813 4973 ipse
833 4869 939 4945 testis
957 4867 1030 4946 luit
1049 4868 1238 4947 osculatus
1257 4870 1401 4946 dictum
1421 4888 1654 4977 receptorem
