<?xml version="1.0" encoding="UTF-8"?>
<!DOCTYPE html PUBLIC "-//W3C//DTD XHTML 1.0 Transitional//EN"
    "http://www.w3.org/TR/xhtml1/DTD/xhtml1-transitional.dtd">
<html xmlns="http://www.w3.org/1999/xhtml" xml:lang="en" lang="en">
 <head>
  <title>
</title>
<meta http-equiv="Content-Type" content="text/html;charset=utf-8" />
  <meta name='ocr-system' content='tesseract 3.04.00' />
  <meta name='ocr-capabilities' content='ocr_page ocr_carea ocr_par ocr_line ocrx_word'/>
</head>
<body>
  <div class='ocr_page' id='page_1' title='image "./procsdestemplie00defegoog/procsdestemplie00defegoog_0030.png"; bbox 0 0 4236 5948; ppageno 0'>
   <div class='ocr_carea' id='block_1_1' title="bbox 604 561 1643 667">
    <p class='ocr_par' dir='ltr' id='par_1_1' title="bbox 604 561 1643 667">
     <span class='ocr_line' id='line_1_1' title="bbox 604 561 1643 667; baseline 0.015 -16"><span class='ocrx_word' id='word_1_1' title='bbox 604 561 799 655; x_wconf 75' lang='lat' dir='ltr'>procus</span> <span class='ocrx_word' id='word_1_2' title='bbox 826 565 921 655; x_wconf 79' lang='lat' dir='ltr'>ons</span> <span class='ocrx_word' id='word_1_3' title='bbox 949 583 1252 659; x_wconf 79' lang='lat' dir='ltr'>rnurmnns.</span> <span class='ocrx_word' id='word_1_4' title='bbox 1621 596 1643 667; x_wconf 85' lang='lat' dir='ltr'>o</span> 
     </span>
    </p>
   </div>
   <div class='ocr_carea' id='block_1_2' title="bbox 213 720 1652 2146">
    <p class='ocr_par' dir='ltr' id='par_1_2' title="bbox 213 720 1652 2146">
     <span class='ocr_line' id='line_1_2' title="bbox 215 720 1646 839; baseline 0.008 -40"><span class='ocrx_word' id='word_1_5' title='bbox 215 721 329 812; x_wconf 93' lang='lat' dir='ltr'>dinis,</span> <span class='ocrx_word' id='word_1_6' title='bbox 348 737 443 799; x_wconf 88' lang='lat' dir='ltr'>etse</span> <span class='ocrx_word' id='word_1_7' title='bbox 465 720 640 798; x_wconf 87' lang='lat' dir='ltr'>dubitare</span> <span class='ocrx_word' id='word_1_8' title='bbox 656 722 763 828; x_wconf 90' lang='lat' dir='ltr'>quod</span> <span class='ocrx_word' id='word_1_9' title='bbox 783 722 881 800; x_wconf 90' lang='lat' dir='ltr'>male</span> <span class='ocrx_word' id='word_1_10' title='bbox 896 724 950 802; x_wconf 92' lang='lat' dir='ltr'>eis</span> <span class='ocrx_word' id='word_1_11' title='bbox 966 742 1123 832; x_wconf 90' lang='lat' dir='ltr'>propter</span> <span class='ocrx_word' id='word_1_12' title='bbox 1143 727 1322 832; x_wconf 87' lang='lat' dir='ltr'>premissa</span> <span class='ocrx_word' id='word_1_13' title='bbox 1338 731 1589 839; x_wconf 83' lang='lat' dir='ltr'>contingeret,</span> <span class='ocrx_word' id='word_1_14' title='bbox 1608 751 1646 811; x_wconf 88' lang='lat' dir='ltr'>et</span> 
     </span>
     <span class='ocr_line' id='line_1_3' title="bbox 213 852 1647 967; baseline 0.008 -36"><span class='ocrx_word' id='word_1_15' title='bbox 213 855 285 932; x_wconf 91' lang='lat' dir='ltr'>hoc</span> <span class='ocrx_word' id='word_1_16' title='bbox 302 852 455 932; x_wconf 90' lang='lat' dir='ltr'>dicebat</span> <span class='ocrx_word' id='word_1_17' title='bbox 473 854 564 961; x_wconf 89' lang='lat' dir='ltr'>quia</span> <span class='ocrx_word' id='word_1_18' title='bbox 580 854 758 933; x_wconf 87' lang='lat' dir='ltr'>credebat</span> <span class='ocrx_word' id='word_1_19' title='bbox 774 872 812 932; x_wconf 86' lang='lat' dir='ltr'>et</span> <span class='ocrx_word' id='word_1_20' title='bbox 828 856 950 934; x_wconf 90' lang='lat' dir='ltr'>credit</span> <span class='ocrx_word' id='word_1_21' title='bbox 970 857 1075 963; x_wconf 89' lang='lat' dir='ltr'>quod</span> <span class='ocrx_word' id='word_1_22' title='bbox 1090 877 1245 965; x_wconf 86' lang='lat' dir='ltr'>propter</span> <span class='ocrx_word' id='word_1_23' title='bbox 1257 862 1456 967; x_wconf 89' lang='lat' dir='ltr'>premissas</span> <span class='ocrx_word' id='word_1_24' title='bbox 1475 863 1647 942; x_wconf 90' lang='lat' dir='ltr'>clandes-</span> 
     </span>
     <span class='ocr_line' id='line_1_4' title="bbox 213 983 1646 1101; baseline 0.008 -39"><span class='ocrx_word' id='word_1_25' title='bbox 213 986 420 1063; x_wconf 88' lang='lat' dir='ltr'>tinaciones</span> <span class='ocrx_word' id='word_1_26' title='bbox 450 984 638 1062; x_wconf 87' lang='lat' dir='ltr'>seculares</span> <span class='ocrx_word' id='word_1_27' title='bbox 666 983 852 1063; x_wconf 87' lang='lat' dir='ltr'>haberent</span> <span class='ocrx_word' id='word_1_28' title='bbox 882 987 1136 1093; x_wconf 85' lang='lat' dir='ltr'><strong>suspicionem</strong></span> <span class='ocrx_word' id='word_1_29' title='bbox 1167 1007 1295 1068; x_wconf 85' lang='lat' dir='ltr'>contra</span> <span class='ocrx_word' id='word_1_30' title='bbox 1323 1020 1400 1070; x_wconf 89' lang='lat' dir='ltr'>eos.</span> <span class='ocrx_word' id='word_1_31' title='bbox 1414 995 1646 1101; x_wconf 86' lang='lat' dir='ltr'>¹Requisitus</span> 
     </span>
     <span class='ocr_line' id='line_1_5' title="bbox 215 1115 1648 1226; baseline 0.006 -32"><span class='ocrx_word' id='word_1_32' title='bbox 215 1145 309 1223; x_wconf 90' lang='lat' dir='ltr'>quos</span> <span class='ocrx_word' id='word_1_33' title='bbox 328 1117 471 1194; x_wconf 90' lang='lat' dir='ltr'>viderat</span> <span class='ocrx_word' id='word_1_34' title='bbox 491 1116 531 1191; x_wconf 91' lang='lat' dir='ltr'>in</span> <span class='ocrx_word' id='word_1_35' title='bbox 551 1115 687 1194; x_wconf 80' lang='lat' dir='ltr'>ordine</span> <span class='ocrx_word' id='word_1_36' title='bbox 706 1117 843 1223; x_wconf 86' lang='lat' dir='ltr'>recipi,</span> <span class='ocrx_word' id='word_1_37' title='bbox 866 1119 1063 1226; x_wconf 86' lang='lat' dir='ltr'><strong>respondit</strong></span> <span class='ocrx_word' id='word_1_38' title='bbox 1079 1146 1119 1197; x_wconf 88' lang='lat' dir='ltr'>se</span> <span class='ocrx_word' id='word_1_39' title='bbox 1141 1147 1217 1198; x_wconf 94' lang='lat' dir='ltr'>non</span> <span class='ocrx_word' id='word_1_40' title='bbox 1238 1124 1445 1213; x_wconf 88' lang='lat' dir='ltr'>recordari,</span> <span class='ocrx_word' id='word_1_41' title='bbox 1468 1144 1507 1202; x_wconf 90' lang='lat' dir='ltr'>et</span> <span class='ocrx_word' id='word_1_42' title='bbox 1525 1127 1648 1203; x_wconf 91' lang='lat' dir='ltr'>credit</span> 
     </span>
     <span class='ocr_line' id='line_1_6' title="bbox 216 1247 1645 1366; baseline 0.006 -41"><span class='ocrx_word' id='word_1_43' title='bbox 216 1247 319 1354; x_wconf 92' lang='lat' dir='ltr'>quod</span> <span class='ocrx_word' id='word_1_44' title='bbox 348 1275 482 1326; x_wconf 91' lang='lat' dir='ltr'>omnes</span> <span class='ocrx_word' id='word_1_45' title='bbox 513 1247 588 1325; x_wconf 89' lang='lat' dir='ltr'>sint</span> <span class='ocrx_word' id='word_1_46' title='bbox 615 1248 779 1339; x_wconf 88' lang='lat' dir='ltr'>mortui;</span> <span class='ocrx_word' id='word_1_47' title='bbox 805 1248 873 1327; x_wconf 89' lang='lat' dir='ltr'>sed</span> <span class='ocrx_word' id='word_1_48' title='bbox 902 1248 941 1324; x_wconf 92' lang='lat' dir='ltr'>in</span> <span class='ocrx_word' id='word_1_49' title='bbox 968 1249 1128 1356; x_wconf 88' lang='lat' dir='ltr'>Rupella</span> <span class='ocrx_word' id='word_1_50' title='bbox 1157 1269 1247 1329; x_wconf 91' lang='lat' dir='ltr'>sunt</span> <span class='ocrx_word' id='word_1_51' title='bbox 1275 1255 1369 1330; x_wconf 88' lang='lat' dir='ltr'>circa</span> <span class='ocrx_word' id='word_1_52' title='bbox 1398 1282 1443 1334; x_wconf 85' lang='lat' dir='ltr'>xv</span> <span class='ocrx_word' id='word_1_53' title='bbox 1462 1257 1550 1346; x_wconf 89' lang='lat' dir='ltr'>vivi,</span> <span class='ocrx_word' id='word_1_54' title='bbox 1579 1260 1645 1366; x_wconf 91' lang='lat' dir='ltr'>qui</span> 
     </span>
     <span class='ocr_line' id='line_1_7' title="bbox 216 1379 1648 1497; baseline 0.006 -40"><span class='ocrx_word' id='word_1_55' title='bbox 216 1379 368 1469; x_wconf 82' lang='lat' dir='ltr'>fuerunt</span> <span class='ocrx_word' id='word_1_56' title='bbox 403 1379 544 1487; x_wconf 85' lang='lat' dir='ltr'>recepti</span> <span class='ocrx_word' id='word_1_57' title='bbox 571 1379 791 1458; x_wconf 89' lang='lat' dir='ltr'>auctoritate</span> <span class='ocrx_word' id='word_1_58' title='bbox 824 1380 991 1488; x_wconf 83' lang='lat' dir='ltr'>magistri</span> <span class='ocrx_word' id='word_1_59' title='bbox 1019 1381 1209 1461; x_wconf 85' lang='lat' dir='ltr'>Pictavie:</span> <span class='ocrx_word' id='word_1_60' title='bbox 1236 1401 1275 1462; x_wconf 89' lang='lat' dir='ltr'>et</span> <span class='ocrx_word' id='word_1_61' title='bbox 1305 1386 1354 1464; x_wconf 92' lang='lat' dir='ltr'>de</span> <span class='ocrx_word' id='word_1_62' title='bbox 1383 1389 1561 1467; x_wconf 87' lang='lat' dir='ltr'>mandato</span> <span class='ocrx_word' id='word_1_63' title='bbox 1590 1391 1648 1497; x_wconf 90' lang='lat' dir='ltr'>ip-</span> 
     </span>
     <span class='ocr_line' id='line_1_8' title="bbox 216 1512 1649 1620; baseline 0.008 -33"><span class='ocrx_word' id='word_1_64' title='bbox 216 1512 292 1589; x_wconf 91' lang='lat' dir='ltr'>sius</span> <span class='ocrx_word' id='word_1_65' title='bbox 306 1512 491 1620; x_wconf 83' lang='lat' dir='ltr'>magistri,</span> <span class='ocrx_word' id='word_1_66' title='bbox 510 1512 590 1618; x_wconf 88' lang='lat' dir='ltr'>ipse</span> <span class='ocrx_word' id='word_1_67' title='bbox 607 1513 714 1590; x_wconf 90' lang='lat' dir='ltr'>testis</span> <span class='ocrx_word' id='word_1_68' title='bbox 732 1512 938 1619; x_wconf 89' lang='lat' dir='ltr'>recipiebat</span> <span class='ocrx_word' id='word_1_69' title='bbox 956 1514 1087 1597; x_wconf 87' lang='lat' dir='ltr'>eos,ad</span> <span class='ocrx_word' id='word_1_70' title='bbox 1107 1512 1291 1592; x_wconf 84' lang='lat' dir='ltr'>beneficia</span> <span class='ocrx_word' id='word_1_71' title='bbox 1302 1517 1463 1609; x_wconf 83' lang='lat' dir='ltr'>ordinis,</span> <span class='ocrx_word' id='word_1_72' title='bbox 1481 1537 1519 1596; x_wconf 92' lang='lat' dir='ltr'>et</span> <span class='ocrx_word' id='word_1_73' title='bbox 1533 1549 1649 1601; x_wconf 87' lang='lat' dir='ltr'>reser-</span> 
     </span>
     <span class='ocr_line' id='line_1_9' title="bbox 216 1643 1645 1756; baseline 0.009 -39"><span class='ocrx_word' id='word_1_74' title='bbox 216 1644 323 1722; x_wconf 86' lang='lat' dir='ltr'>vabat</span> <span class='ocrx_word' id='word_1_75' title='bbox 351 1644 430 1751; x_wconf 91' lang='lat' dir='ltr'>ipse</span> <span class='ocrx_word' id='word_1_76' title='bbox 450 1643 558 1722; x_wconf 87' lang='lat' dir='ltr'>testis</span> <span class='ocrx_word' id='word_1_77' title='bbox 577 1643 824 1722; x_wconf 90' lang='lat' dir='ltr'>inducionem</span> <span class='ocrx_word' id='word_1_78' title='bbox 845 1672 978 1722; x_wconf 91' lang='lat' dir='ltr'>eorum</span> <span class='ocrx_word' id='word_1_79' title='bbox 1001 1644 1102 1721; x_wconf 92' lang='lat' dir='ltr'>dicto</span> <span class='ocrx_word' id='word_1_80' title='bbox 1123 1646 1318 1752; x_wconf 87' lang='lat' dir='ltr'>magistro,</span> <span class='ocrx_word' id='word_1_81' title='bbox 1341 1667 1380 1726; x_wconf 87' lang='lat' dir='ltr'>et</span> <span class='ocrx_word' id='word_1_82' title='bbox 1398 1654 1645 1756; x_wconf 90' lang='lat' dir='ltr'>postmodum</span> 
     </span>
     <span class='ocr_line' id='line_1_10' title="bbox 217 1775 1649 1888; baseline 0.008 -38"><span class='ocrx_word' id='word_1_83' title='bbox 217 1777 296 1882; x_wconf 91' lang='lat' dir='ltr'>ipso</span> <span class='ocrx_word' id='word_1_84' title='bbox 316 1792 412 1854; x_wconf 87' lang='lat' dir='ltr'>teste</span> <span class='ocrx_word' id='word_1_85' title='bbox 431 1775 604 1869; x_wconf 89' lang='lat' dir='ltr'>absente,</span> <span class='ocrx_word' id='word_1_86' title='bbox 622 1775 881 1854; x_wconf 83' lang='lat' dir='ltr'>induebantur</span> <span class='ocrx_word' id='word_1_87' title='bbox 901 1805 971 1883; x_wconf 91' lang='lat' dir='ltr'>per</span> <span class='ocrx_word' id='word_1_88' title='bbox 987 1777 1113 1884; x_wconf 90' lang='lat' dir='ltr'>ipsum</span> <span class='ocrx_word' id='word_1_89' title='bbox 1132 1777 1370 1883; x_wconf 85' lang='lat' dir='ltr'>magistrum,</span> <span class='ocrx_word' id='word_1_90' title='bbox 1390 1781 1448 1858; x_wconf 86' lang='lat' dir='ltr'>vel</span> <span class='ocrx_word' id='word_1_91' title='bbox 1467 1812 1536 1888; x_wconf 92' lang='lat' dir='ltr'>per</span> <span class='ocrx_word' id='word_1_92' title='bbox 1555 1783 1649 1862; x_wconf 89' lang='lat' dir='ltr'>alios</span> 
     </span>
     <span class='ocr_line' id='line_1_11' title="bbox 218 1906 1648 2019; baseline 0.006 -35"><span class='ocrx_word' id='word_1_93' title='bbox 218 1908 357 2015; x_wconf 91' lang='lat' dir='ltr'>quibus</span> <span class='ocrx_word' id='word_1_94' title='bbox 384 1908 462 2015; x_wconf 91' lang='lat' dir='ltr'>ipsc</span> <span class='ocrx_word' id='word_1_95' title='bbox 483 1906 660 2015; x_wconf 86' lang='lat' dir='ltr'>magister</span> <span class='ocrx_word' id='word_1_96' title='bbox 685 1906 953 1986; x_wconf 83' lang='lat' dir='ltr'>committebat</span> <span class='ocrx_word' id='word_1_97' title='bbox 968 1936 1082 2013; x_wconf 89' lang='lat' dir='ltr'>super</span> <span class='ocrx_word' id='word_1_98' title='bbox 1108 1909 1181 1986; x_wconf 93' lang='lat' dir='ltr'>hoc</span> <span class='ocrx_word' id='word_1_99' title='bbox 1202 1910 1301 1986; x_wconf 88' lang='lat' dir='ltr'>vices</span> <span class='ocrx_word' id='word_1_100' title='bbox 1328 1939 1427 1999; x_wconf 86' lang='lat' dir='ltr'>suas,</span> <span class='ocrx_word' id='word_1_101' title='bbox 1457 1914 1547 2019; x_wconf 91' lang='lat' dir='ltr'>quia</span> <span class='ocrx_word' id='word_1_102' title='bbox 1571 1943 1648 1992; x_wconf 91' lang='lat' dir='ltr'>non</span> 
     </span>
     <span class='ocr_line' id='line_1_12' title="bbox 219 2039 1652 2146; baseline 0.003 -27"><span class='ocrx_word' id='word_1_103' title='bbox 219 2041 373 2119; x_wconf 88' lang='lat' dir='ltr'>curabat</span> <span class='ocrx_word' id='word_1_104' title='bbox 392 2041 471 2146; x_wconf 89' lang='lat' dir='ltr'>ipse</span> <span class='ocrx_word' id='word_1_105' title='bbox 485 2040 592 2120; x_wconf 89' lang='lat' dir='ltr'>testis</span> <span class='ocrx_word' id='word_1_106' title='bbox 612 2068 678 2118; x_wconf 91' lang='lat' dir='ltr'>eos</span> <span class='ocrx_word' id='word_1_107' title='bbox 692 2039 852 2118; x_wconf 88' lang='lat' dir='ltr'>induere</span> <span class='ocrx_word' id='word_1_108' title='bbox 873 2069 944 2118; x_wconf 92' lang='lat' dir='ltr'>nec</span> <span class='ocrx_word' id='word_1_109' title='bbox 963 2040 1118 2146; x_wconf 92' lang='lat' dir='ltr'>quando</span> <span class='ocrx_word' id='word_1_110' title='bbox 1138 2039 1397 2120; x_wconf 83' lang='lat' dir='ltr'>induebantur</span> <span class='ocrx_word' id='word_1_111' title='bbox 1417 2044 1559 2122; x_wconf 90' lang='lat' dir='ltr'>adesse.</span> <span class='ocrx_word' id='word_1_112' title='bbox 1582 2048 1652 2124; x_wconf 91' lang='lat' dir='ltr'>Re-</span> 
     </span>
    </p>
   </div>
   <div class='ocr_carea' id='block_1_3' title="bbox 179 2172 1653 2944">
    <p class='ocr_par' dir='ltr' id='par_1_3' title="bbox 179 2172 1653 2944">
     <span class='ocr_line' id='line_1_13' title="bbox 220 2172 1651 2281; baseline 0.003 -30"><span class='ocrx_word' id='word_1_113' title='bbox 220 2175 381 2280; x_wconf 85' lang='lat' dir='ltr'>quisitus</span> <span class='ocrx_word' id='word_1_114' title='bbox 400 2201 515 2280; x_wconf 90' lang='lat' dir='ltr'>quare</span> <span class='ocrx_word' id='word_1_115' title='bbox 537 2201 615 2251; x_wconf 90' lang='lat' dir='ltr'>non</span> <span class='ocrx_word' id='word_1_116' title='bbox 634 2173 788 2251; x_wconf 90' lang='lat' dir='ltr'>curabat</span> <span class='ocrx_word' id='word_1_117' title='bbox 808 2201 873 2250; x_wconf 91' lang='lat' dir='ltr'>eos</span> <span class='ocrx_word' id='word_1_118' title='bbox 893 2172 1054 2251; x_wconf 90' lang='lat' dir='ltr'>induere</span> <span class='ocrx_word' id='word_1_119' title='bbox 1077 2201 1147 2249; x_wconf 90' lang='lat' dir='ltr'>nec</span> <span class='ocrx_word' id='word_1_120' title='bbox 1166 2173 1348 2251; x_wconf 87' lang='lat' dir='ltr'>interesse</span> <span class='ocrx_word' id='word_1_121' title='bbox 1363 2176 1651 2281; x_wconf 86' lang='lat' dir='ltr'>recepcionibus</span> 
     </span>
     <span class='ocr_line' id='line_1_14' title="bbox 220 2304 1651 2413; baseline 0.003 -31"><span class='ocrx_word' id='word_1_122' title='bbox 220 2333 353 2384; x_wconf 90' lang='lat' dir='ltr'>eorum</span> <span class='ocrx_word' id='word_1_123' title='bbox 374 2304 433 2383; x_wconf 86' lang='lat' dir='ltr'>vel</span> <span class='ocrx_word' id='word_1_124' title='bbox 452 2304 632 2396; x_wconf 88' lang='lat' dir='ltr'>aliorum,</span> <span class='ocrx_word' id='word_1_125' title='bbox 653 2305 852 2411; x_wconf 89' lang='lat' dir='ltr'>respondit</span> <span class='ocrx_word' id='word_1_126' title='bbox 874 2305 1155 2413; x_wconf 84' lang='lat' dir='ltr'>quodpropter</span> <span class='ocrx_word' id='word_1_127' title='bbox 1175 2307 1429 2413; x_wconf 88' lang='lat' dir='ltr'>suspicionem</span> <span class='ocrx_word' id='word_1_128' title='bbox 1451 2336 1566 2413; x_wconf 86' lang='lat' dir='ltr'>quam</span> <span class='ocrx_word' id='word_1_129' title='bbox 1587 2311 1651 2386; x_wconf 90' lang='lat' dir='ltr'>ha-</span> 
     </span>
     <span class='ocr_line' id='line_1_15' title="bbox 220 2437 1653 2548; baseline 0.004 -34"><span class='ocrx_word' id='word_1_130' title='bbox 220 2439 334 2517; x_wconf 88' lang='lat' dir='ltr'>bebat</span> <span class='ocrx_word' id='word_1_131' title='bbox 353 2437 459 2544; x_wconf 92' lang='lat' dir='ltr'>quod</span> <span class='ocrx_word' id='word_1_132' title='bbox 478 2437 588 2515; x_wconf 88' lang='lat' dir='ltr'>fieret</span> <span class='ocrx_word' id='word_1_133' title='bbox 602 2438 747 2544; x_wconf 91' lang='lat' dir='ltr'>spuicio</span> <span class='ocrx_word' id='word_1_134' title='bbox 765 2438 991 2544; x_wconf 86' lang='lat' dir='ltr'>supradicta.</span> <span class='ocrx_word' id='word_1_135' title='bbox 1012 2438 1230 2546; x_wconf 86' lang='lat' dir='ltr'>Requisitus</span> <span class='ocrx_word' id='word_1_136' title='bbox 1246 2439 1276 2516; x_wconf 89' lang='lat' dir='ltr'>si</span> <span class='ocrx_word' id='word_1_137' title='bbox 1299 2456 1378 2515; x_wconf 87' lang='lat' dir='ltr'>erat</span> <span class='ocrx_word' id='word_1_138' title='bbox 1392 2439 1529 2547; x_wconf 85' lang='lat' dir='ltr'>aliquis</span> <span class='ocrx_word' id='word_1_139' title='bbox 1544 2469 1653 2548; x_wconf 88' lang='lat' dir='ltr'>supe·</span> 
     </span>
     <span class='ocr_line' id='line_1_16' title="bbox 222 2568 1651 2681; baseline 0.002 -34"><span class='ocrx_word' id='word_1_140' title='bbox 222 2573 298 2648; x_wconf 91' lang='lat' dir='ltr'>rior</span> <span class='ocrx_word' id='word_1_141' title='bbox 313 2599 359 2648; x_wconf 89' lang='lat' dir='ltr'>eo</span> <span class='ocrx_word' id='word_1_142' title='bbox 380 2571 446 2676; x_wconf 83' lang='lat' dir='ltr'>qui</span> <span class='ocrx_word' id='word_1_143' title='bbox 463 2570 611 2647; x_wconf 89' lang='lat' dir='ltr'>adesset</span> <span class='ocrx_word' id='word_1_144' title='bbox 629 2569 918 2676; x_wconf 89' lang='lat' dir='ltr'>recepcionibus</span> <span class='ocrx_word' id='word_1_145' title='bbox 933 2568 1090 2648; x_wconf 87' lang='lat' dir='ltr'>illorum</span> <span class='ocrx_word' id='word_1_146' title='bbox 1108 2599 1204 2677; x_wconf 86' lang='lat' dir='ltr'>quos</span> <span class='ocrx_word' id='word_1_147' title='bbox 1219 2572 1298 2678; x_wconf 92' lang='lat' dir='ltr'>ipse</span> <span class='ocrx_word' id='word_1_148' title='bbox 1319 2573 1463 2679; x_wconf 89' lang='lat' dir='ltr'>recepit</span> <span class='ocrx_word' id='word_1_149' title='bbox 1478 2591 1516 2651; x_wconf 89' lang='lat' dir='ltr'>et</span> <span class='ocrx_word' id='word_1_150' title='bbox 1535 2575 1651 2681; x_wconf 90' lang='lat' dir='ltr'>recipi</span> 
     </span>
     <span class='ocr_line' id='line_1_17' title="bbox 179 2701 1653 2814; baseline 0.003 -35"><span class='ocrx_word' id='word_1_151' title='bbox 179 2720 182 2725; x_wconf 85' lang='grc'><em>’</em></span> <span class='ocrx_word' id='word_1_152' title='bbox 222 2701 428 2789; x_wconf 84' lang='lat' dir='ltr'>mandavit,</span> <span class='ocrx_word' id='word_1_153' title='bbox 456 2701 654 2808; x_wconf 88' lang='lat' dir='ltr'>respondit</span> <span class='ocrx_word' id='word_1_154' title='bbox 680 2701 784 2811; x_wconf 91' lang='lat' dir='ltr'>quod</span> <span class='ocrx_word' id='word_1_155' title='bbox 811 2731 901 2780; x_wconf 90' lang='lat' dir='ltr'>non.</span> <span class='ocrx_word' id='word_1_156' title='bbox 925 2702 1142 2810; x_wconf 69' lang='lat' dir='ltr'>Requisitus</span> <span class='ocrx_word' id='word_1_157' title='bbox 1167 2705 1197 2779; x_wconf 89' lang='lat' dir='ltr'>si</span> <span class='ocrx_word' id='word_1_158' title='bbox 1231 2702 1352 2782; x_wconf 89' lang='lat' dir='ltr'>credit</span> <span class='ocrx_word' id='word_1_159' title='bbox 1382 2705 1488 2813; x_wconf 91' lang='lat' dir='ltr'>quod</span> <span class='ocrx_word' id='word_1_160' title='bbox 1516 2705 1653 2814; x_wconf 87' lang='lat' dir='ltr'>aliquis</span> 
     </span>
     <span class='ocr_line' id='line_1_18' title="bbox 223 2832 1653 2944; baseline 0.002 -35"><span class='ocrx_word' id='word_1_161' title='bbox 223 2834 375 2913; x_wconf 79' lang='lat' dir='ltr'>illoram</span> <span class='ocrx_word' id='word_1_162' title='bbox 396 2834 462 2942; x_wconf 89' lang='lat' dir='ltr'>qui</span> <span class='ocrx_word' id='word_1_163' title='bbox 483 2833 690 2912; x_wconf 84' lang='lat' dir='ltr'>adsuerunt</span> <span class='ocrx_word' id='word_1_164' title='bbox 715 2833 1003 2940; x_wconf 91' lang='lat' dir='ltr'>recepcionibus</span> <span class='ocrx_word' id='word_1_165' title='bbox 1024 2832 1177 2910; x_wconf 88' lang='lat' dir='ltr'>illorum</span> <span class='ocrx_word' id='word_1_166' title='bbox 1204 2863 1302 2941; x_wconf 93' lang='lat' dir='ltr'>quos</span> <span class='ocrx_word' id='word_1_167' title='bbox 1321 2836 1401 2940; x_wconf 91' lang='lat' dir='ltr'>ipse</span> <span class='ocrx_word' id='word_1_168' title='bbox 1426 2839 1568 2944; x_wconf 91' lang='lat' dir='ltr'>recepit</span> <span class='ocrx_word' id='word_1_169' title='bbox 1594 2837 1653 2913; x_wconf 88' lang='lat' dir='ltr'>vel</span> 
     </span>
    </p>
   </div>
   <div class='ocr_carea' id='block_1_4' title="bbox 222 2964 1753 5056">
    <p class='ocr_par' dir='ltr' id='par_1_4' title="bbox 222 2964 1753 5056">
     <span class='ocr_line' id='line_1_19' title="bbox 222 2964 1654 3076; baseline -0.001 -32"><span class='ocrx_word' id='word_1_170' title='bbox 222 2968 336 3076; x_wconf 88' lang='lat' dir='ltr'>recipi</span> <span class='ocrx_word' id='word_1_171' title='bbox 355 2967 562 3059; x_wconf 86' lang='lat' dir='ltr'>mandavit,</span> <span class='ocrx_word' id='word_1_172' title='bbox 580 2966 793 3075; x_wconf 89' lang='lat' dir='ltr'>preceperit</span> <span class='ocrx_word' id='word_1_173' title='bbox 809 2965 919 3045; x_wconf 89' lang='lat' dir='ltr'>dictis</span> <span class='ocrx_word' id='word_1_174' title='bbox 937 2966 1098 3072; x_wconf 88' lang='lat' dir='ltr'>receptis</span> <span class='ocrx_word' id='word_1_175' title='bbox 1110 2965 1216 3072; x_wconf 91' lang='lat' dir='ltr'>quod</span> <span class='ocrx_word' id='word_1_176' title='bbox 1231 2964 1398 3042; x_wconf 81' lang='lat' dir='ltr'>facerent</span> <span class='ocrx_word' id='word_1_177' title='bbox 1413 2967 1560 3074; x_wconf 88' lang='lat' dir='ltr'>aliquid</span> <span class='ocrx_word' id='word_1_178' title='bbox 1578 2967 1654 3043; x_wconf 90' lang='lat' dir='ltr'>illi-</span> 
     </span>
     <span class='ocr_line' id='line_1_20' title="bbox 225 3096 1657 3206; baseline -0.001 -30"><span class='ocrx_word' id='word_1_179' title='bbox 225 3101 358 3188; x_wconf 91' lang='lat' dir='ltr'>citum,</span> <span class='ocrx_word' id='word_1_180' title='bbox 380 3099 578 3206; x_wconf 92' lang='lat' dir='ltr'>respondit</span> <span class='ocrx_word' id='word_1_181' title='bbox 595 3126 635 3176; x_wconf 89' lang='lat' dir='ltr'>se</span> <span class='ocrx_word' id='word_1_182' title='bbox 651 3099 806 3177; x_wconf 89' lang='lat' dir='ltr'>credere</span> <span class='ocrx_word' id='word_1_183' title='bbox 825 3098 931 3206; x_wconf 91' lang='lat' dir='ltr'>quod</span> <span class='ocrx_word' id='word_1_184' title='bbox 951 3126 1054 3189; x_wconf 91' lang='lat' dir='ltr'>non,</span> <span class='ocrx_word' id='word_1_185' title='bbox 1076 3097 1144 3173; x_wconf 90' lang='lat' dir='ltr'>sed</span> <span class='ocrx_word' id='word_1_186' title='bbox 1165 3097 1285 3173; x_wconf 90' lang='lat' dir='ltr'>credit</span> <span class='ocrx_word' id='word_1_187' title='bbox 1304 3096 1410 3203; x_wconf 93' lang='lat' dir='ltr'>quod</span> <span class='ocrx_word' id='word_1_188' title='bbox 1432 3096 1488 3175; x_wconf 91' lang='lat' dir='ltr'>illi</span> <span class='ocrx_word' id='word_1_189' title='bbox 1509 3099 1576 3205; x_wconf 92' lang='lat' dir='ltr'>qui</span> <span class='ocrx_word' id='word_1_190' title='bbox 1597 3125 1657 3175; x_wconf 92' lang='lat' dir='ltr'>re·</span> 
     </span>
     <span class='ocr_line' id='line_1_21' title="bbox 225 3226 1657 3339; baseline -0.002 -32"><span class='ocrx_word' id='word_1_191' title='bbox 225 3232 413 3339; x_wconf 88' lang='lat' dir='ltr'>cipiebant</span> <span class='ocrx_word' id='word_1_192' title='bbox 428 3230 522 3307; x_wconf 91' lang='lat' dir='ltr'>alios</span> <span class='ocrx_word' id='word_1_193' title='bbox 542 3256 638 3335; x_wconf 89' lang='lat' dir='ltr'>quos</span> <span class='ocrx_word' id='word_1_194' title='bbox 658 3231 739 3335; x_wconf 91' lang='lat' dir='ltr'>ipse</span> <span class='ocrx_word' id='word_1_195' title='bbox 759 3229 854 3307; x_wconf 87' lang='lat' dir='ltr'>vidit</span> <span class='ocrx_word' id='word_1_196' title='bbox 870 3229 1005 3336; x_wconf 88' lang='lat' dir='ltr'>recipi,</span> <span class='ocrx_word' id='word_1_197' title='bbox 1030 3226 1088 3305; x_wconf 90' lang='lat' dir='ltr'>vel</span> <span class='ocrx_word' id='word_1_198' title='bbox 1112 3226 1229 3335; x_wconf 88' lang='lat' dir='ltr'>aliqui</span> <span class='ocrx_word' id='word_1_199' title='bbox 1251 3256 1295 3305; x_wconf 81' lang='lat' dir='ltr'>ex</span> <span class='ocrx_word' id='word_1_200' title='bbox 1322 3227 1545 3330; x_wconf 84' lang='lat' dir='ltr'>astantibus,</span> <span class='ocrx_word' id='word_1_201' title='bbox 1570 3246 1657 3335; x_wconf 93' lang='lat' dir='ltr'>post</span> 
     </span>
     <span class='ocr_line' id='line_1_22' title="bbox 224 3359 1753 3470; baseline -0.001 -30"><span class='ocrx_word' id='word_1_202' title='bbox 224 3392 410 3442; x_wconf 89' lang='lat' dir='ltr'>recessum</span> <span class='ocrx_word' id='word_1_203' title='bbox 428 3362 526 3470; x_wconf 87' lang='lat' dir='ltr'>ejus,</span> <span class='ocrx_word' id='word_1_204' title='bbox 538 3378 791 3468; x_wconf 88' lang='lat' dir='ltr'>preceperunt</span> <span class='ocrx_word' id='word_1_205' title='bbox 806 3361 860 3437; x_wconf 90' lang='lat' dir='ltr'>eis</span> <span class='ocrx_word' id='word_1_206' title='bbox 873 3359 981 3467; x_wconf 89' lang='lat' dir='ltr'>quod</span> <span class='ocrx_word' id='word_1_207' title='bbox 994 3375 1190 3467; x_wconf 90' lang='lat' dir='ltr'>spuerent,</span> <span class='ocrx_word' id='word_1_208' title='bbox 1211 3376 1248 3436; x_wconf 90' lang='lat' dir='ltr'>et</span> <span class='ocrx_word' id='word_1_209' title='bbox 1261 3360 1365 3467; x_wconf 92' lang='lat' dir='ltr'>quod</span> <span class='ocrx_word' id='word_1_210' title='bbox 1381 3360 1452 3466; x_wconf 93' lang='lat' dir='ltr'>ipsi</span> <span class='ocrx_word' id='word_1_211' title='bbox 1468 3361 1657 3466; x_wconf 88' lang='lat' dir='ltr'>spuissent</span> <span class='ocrx_word' id='word_1_212' title='bbox 1742 3377 1753 3395; x_wconf 86' lang='lat'><strong>·</strong></span> 
     </span>
     <span class='ocr_line' id='line_1_23' title="bbox 224 3490 1657 3601; baseline 0.001 -31"><span class='ocrx_word' id='word_1_213' title='bbox 224 3497 261 3573; x_wconf 93' lang='lat' dir='ltr'>in</span> <span class='ocrx_word' id='word_1_214' title='bbox 288 3497 427 3574; x_wconf 89' lang='lat' dir='ltr'>dictam</span> <span class='ocrx_word' id='word_1_215' title='bbox 451 3523 602 3572; x_wconf 90' lang='lat' dir='ltr'>crucem</span> <span class='ocrx_word' id='word_1_216' title='bbox 619 3493 679 3571; x_wconf 84' lang='lat' dir='ltr'>vel</span> <span class='ocrx_word' id='word_1_217' title='bbox 696 3521 814 3601; x_wconf 90' lang='lat' dir='ltr'>prope</span> <span class='ocrx_word' id='word_1_218' title='bbox 836 3521 932 3570; x_wconf 89' lang='lat' dir='ltr'>eam.</span> <span class='ocrx_word' id='word_1_219' title='bbox 955 3491 1172 3598; x_wconf 89' lang='lat' dir='ltr'>Requisitus</span> <span class='ocrx_word' id='word_1_220' title='bbox 1192 3491 1223 3568; x_wconf 91' lang='lat' dir='ltr'>si</span> <span class='ocrx_word' id='word_1_221' title='bbox 1247 3491 1318 3568; x_wconf 92' lang='lat' dir='ltr'>scit</span> <span class='ocrx_word' id='word_1_222' title='bbox 1332 3490 1391 3568; x_wconf 88' lang='lat' dir='ltr'>vel</span> <span class='ocrx_word' id='word_1_223' title='bbox 1411 3492 1532 3569; x_wconf 90' lang='lat' dir='ltr'>credit</span> <span class='ocrx_word' id='word_1_224' title='bbox 1551 3493 1657 3600; x_wconf 92' lang='lat' dir='ltr'>quod</span> 
     </span>
     <span class='ocr_line' id='line_1_24' title="bbox 226 3623 1657 3737; baseline -0.003 -32"><span class='ocrx_word' id='word_1_225' title='bbox 226 3629 322 3706; x_wconf 88' lang='lat' dir='ltr'>dicta</span> <span class='ocrx_word' id='word_1_226' title='bbox 345 3628 491 3737; x_wconf 89' lang='lat' dir='ltr'>spuicio</span> <span class='ocrx_word' id='word_1_227' title='bbox 517 3625 628 3705; x_wconf 87' lang='lat' dir='ltr'>fieret</span> <span class='ocrx_word' id='word_1_228' title='bbox 654 3626 867 3731; x_wconf 81' lang='lat' dir='ltr'>expunctis</span> <span class='ocrx_word' id='word_1_229' title='bbox 890 3625 1035 3701; x_wconf 92' lang='lat' dir='ltr'>ordinis</span> <span class='ocrx_word' id='word_1_230' title='bbox 1061 3623 1121 3700; x_wconf 93' lang='lat' dir='ltr'>vel</span> <span class='ocrx_word' id='word_1_231' title='bbox 1146 3651 1191 3699; x_wconf 84' lang='lat' dir='ltr'>ex</span> <span class='ocrx_word' id='word_1_232' title='bbox 1216 3641 1395 3730; x_wconf 83' lang='lat' dir='ltr'>precepto</span> <span class='ocrx_word' id='word_1_233' title='bbox 1417 3626 1657 3731; x_wconf 91' lang='lat' dir='ltr'>superiorum</span> 
     </span>
     <span class='ocr_line' id='line_1_25' title="bbox 226 3746 1658 3866; baseline -0.003 -28"><span class='ocrx_word' id='word_1_234' title='bbox 226 3761 388 3853; x_wconf 89' lang='lat' dir='ltr'>ordinis,</span> <span class='ocrx_word' id='word_1_235' title='bbox 408 3759 605 3866; x_wconf 91' lang='lat' dir='ltr'>respondit</span> <span class='ocrx_word' id='word_1_236' title='bbox 623 3746 662 3835; x_wconf 86' lang='lat' dir='ltr'>se</span> <span class='ocrx_word' id='word_1_237' title='bbox 686 3758 829 3835; x_wconf 90' lang='lat' dir='ltr'>nescire</span> <span class='ocrx_word' id='word_1_238' title='bbox 852 3756 956 3834; x_wconf 86' lang='lat' dir='ltr'>unde</span> <span class='ocrx_word' id='word_1_239' title='bbox 981 3773 1108 3834; x_wconf 89' lang='lat' dir='ltr'>ortum</span> <span class='ocrx_word' id='word_1_240' title='bbox 1126 3754 1277 3847; x_wconf 88' lang='lat' dir='ltr'>babuit,</span> <span class='ocrx_word' id='word_1_241' title='bbox 1301 3783 1370 3833; x_wconf 88' lang='lat' dir='ltr'>nec</span> <span class='ocrx_word' id='word_1_242' title='bbox 1390 3755 1568 3862; x_wconf 90' lang='lat' dir='ltr'>aquibus</span> <span class='ocrx_word' id='word_1_243' title='bbox 1588 3785 1658 3834; x_wconf 90' lang='lat' dir='ltr'>nec</span> 
     </span>
     <span class='ocr_line' id='line_1_26' title="bbox 225 3887 1659 4000; baseline -0.003 -29"><span class='ocrx_word' id='word_1_244' title='bbox 225 3895 401 4000; x_wconf 90' lang='lat' dir='ltr'>quando;</span> <span class='ocrx_word' id='word_1_245' title='bbox 420 3921 490 3970; x_wconf 90' lang='lat' dir='ltr'>nec</span> <span class='ocrx_word' id='word_1_246' title='bbox 511 3890 632 3968; x_wconf 88' lang='lat' dir='ltr'>credit</span> <span class='ocrx_word' id='word_1_247' title='bbox 651 3889 757 3996; x_wconf 93' lang='lat' dir='ltr'>quod</span> <span class='ocrx_word' id='word_1_248' title='bbox 778 3889 852 3966; x_wconf 94' lang='lat' dir='ltr'>hoc</span> <span class='ocrx_word' id='word_1_249' title='bbox 872 3889 982 3966; x_wconf 81' lang='lat' dir='ltr'>steret</span> <span class='ocrx_word' id='word_1_250' title='bbox 999 3888 1204 3995; x_wconf 85' lang='lat' dir='ltr'>expunctis</span> <span class='ocrx_word' id='word_1_251' title='bbox 1219 3887 1363 3965; x_wconf 90' lang='lat' dir='ltr'>ordinis</span> <span class='ocrx_word' id='word_1_252' title='bbox 1381 3917 1451 3965; x_wconf 91' lang='lat' dir='ltr'>nec</span> <span class='ocrx_word' id='word_1_253' title='bbox 1470 3918 1513 3965; x_wconf 84' lang='lat' dir='ltr'>ex</span> <span class='ocrx_word' id='word_1_254' title='bbox 1529 3887 1659 3996; x_wconf 84' lang='lat' dir='ltr'>regula</span> 
     </span>
     <span class='ocr_line' id='line_1_27' title="bbox 226 4017 1660 4130; baseline -0.005 -28"><span class='ocrx_word' id='word_1_255' title='bbox 226 4055 376 4115; x_wconf 88' lang='lat' dir='ltr'>corum,</span> <span class='ocrx_word' id='word_1_256' title='bbox 398 4025 466 4103; x_wconf 87' lang='lat' dir='ltr'>sed</span> <span class='ocrx_word' id='word_1_257' title='bbox 486 4023 592 4130; x_wconf 90' lang='lat' dir='ltr'>quod</span> <span class='ocrx_word' id='word_1_258' title='bbox 615 4021 739 4099; x_wconf 89' lang='lat' dir='ltr'>dictus</span> <span class='ocrx_word' id='word_1_259' title='bbox 763 4049 869 4098; x_wconf 90' lang='lat' dir='ltr'>error</span> <span class='ocrx_word' id='word_1_260' title='bbox 892 4019 1008 4098; x_wconf 83' lang='lat' dir='ltr'>fuerit</span> <span class='ocrx_word' id='word_1_261' title='bbox 1028 4019 1269 4096; x_wconf 79' lang='lat' dir='ltr'>introductus</span> <span class='ocrx_word' id='word_1_262' title='bbox 1293 4019 1339 4095; x_wconf 87' lang='lat' dir='ltr'>ab</span> <span class='ocrx_word' id='word_1_263' title='bbox 1362 4017 1551 4125; x_wconf 87' lang='lat' dir='ltr'>aliquibus</span> <span class='ocrx_word' id='word_1_264' title='bbox 1574 4047 1660 4124; x_wconf 91' lang='lat' dir='ltr'>per-</span> 
     </span>
     <span class='ocr_line' id='line_1_28' title="bbox 225 4149 1658 4262; baseline -0.003 -31"><span class='ocrx_word' id='word_1_265' title='bbox 225 4159 338 4236; x_wconf 83' lang='lat' dir='ltr'>versis</span> <span class='ocrx_word' id='word_1_266' title='bbox 353 4158 401 4235; x_wconf 91' lang='lat' dir='ltr'>de</span> <span class='ocrx_word' id='word_1_267' title='bbox 418 4152 678 4262; x_wconf 90' lang='lat' dir='ltr'>superioribus</span> <span class='ocrx_word' id='word_1_268' title='bbox 694 4151 851 4230; x_wconf 90' lang='lat' dir='ltr'>ordinis.</span> <span class='ocrx_word' id='word_1_269' title='bbox 865 4151 1081 4261; x_wconf 85' lang='lat' dir='ltr'>Requisitus</span> <span class='ocrx_word' id='word_1_270' title='bbox 1100 4149 1130 4227; x_wconf 94' lang='lat' dir='ltr'>si</span> <span class='ocrx_word' id='word_1_271' title='bbox 1147 4149 1233 4236; x_wconf 87' lang='lat' dir='ltr'>scit,</span> <span class='ocrx_word' id='word_1_272' title='bbox 1255 4150 1314 4226; x_wconf 88' lang='lat' dir='ltr'>vel</span> <span class='ocrx_word' id='word_1_273' title='bbox 1334 4150 1477 4227; x_wconf 89' lang='lat' dir='ltr'>audivit</span> <span class='ocrx_word' id='word_1_274' title='bbox 1493 4150 1583 4241; x_wconf 92' lang='lat' dir='ltr'>dici,</span> <span class='ocrx_word' id='word_1_275' title='bbox 1599 4149 1658 4229; x_wconf 88' lang='lat' dir='ltr'>vel</span> 
     </span>
     <span class='ocr_line' id='line_1_29' title="bbox 227 4274 1659 4396; baseline -0.005 -29"><span class='ocrx_word' id='word_1_276' title='bbox 227 4289 345 4367; x_wconf 90' lang='lat' dir='ltr'>credit</span> <span class='ocrx_word' id='word_1_277' title='bbox 355 4287 461 4394; x_wconf 85' lang='lat' dir='ltr'>quod</span> <span class='ocrx_word' id='word_1_278' title='bbox 476 4284 614 4396; x_wconf 87' lang='lat' dir='ltr'>aliquis</span> <span class='ocrx_word' id='word_1_279' title='bbox 629 4284 726 4362; x_wconf 91' lang='lat' dir='ltr'>alius</span> <span class='ocrx_word' id='word_1_280' title='bbox 741 4312 847 4362; x_wconf 91' lang='lat' dir='ltr'>error</span> <span class='ocrx_word' id='word_1_281' title='bbox 855 4283 998 4392; x_wconf 83' lang='lat' dir='ltr'>vigeret</span> <span class='ocrx_word' id='word_1_282' title='bbox 1014 4283 1053 4359; x_wconf 94' lang='lat' dir='ltr'>in</span> <span class='ocrx_word' id='word_1_283' title='bbox 1072 4282 1219 4373; x_wconf 89' lang='lat' dir='ltr'>ordine,</span> <span class='ocrx_word' id='word_1_284' title='bbox 1239 4274 1436 4388; x_wconf 83' lang='lat' dir='ltr'>respondit</span> <span class='ocrx_word' id='word_1_285' title='bbox 1450 4310 1489 4358; x_wconf 92' lang='lat' dir='ltr'>se</span> <span class='ocrx_word' id='word_1_286' title='bbox 1504 4280 1659 4361; x_wconf 89' lang='lat' dir='ltr'>credere</span> 
     </span>
     <span class='ocr_line' id='line_1_30' title="bbox 225 4412 1661 4527; baseline -0.005 -28"><span class='ocrx_word' id='word_1_287' title='bbox 225 4420 330 4527; x_wconf 91' lang='lat' dir='ltr'>quod</span> <span class='ocrx_word' id='word_1_288' title='bbox 350 4449 448 4513; x_wconf 91' lang='lat' dir='ltr'>non,</span> <span class='ocrx_word' id='word_1_289' title='bbox 467 4417 537 4498; x_wconf 84' lang='lat' dir='ltr'>sed</span> <span class='ocrx_word' id='word_1_290' title='bbox 556 4416 669 4496; x_wconf 87' lang='lat' dir='ltr'>multi</span> <span class='ocrx_word' id='word_1_291' title='bbox 689 4445 734 4496; x_wconf 88' lang='lat' dir='ltr'>ex</span> <span class='ocrx_word' id='word_1_292' title='bbox 756 4416 809 4494; x_wconf 84' lang='lat' dir='ltr'>eis</span> <span class='ocrx_word' id='word_1_293' title='bbox 830 4431 937 4493; x_wconf 87' lang='lat' dir='ltr'>erant</span> <span class='ocrx_word' id='word_1_294' title='bbox 955 4412 1107 4523; x_wconf 88' lang='lat' dir='ltr'>superbi</span> <span class='ocrx_word' id='word_1_295' title='bbox 1136 4430 1174 4490; x_wconf 92' lang='lat' dir='ltr'>et</span> <span class='ocrx_word' id='word_1_296' title='bbox 1194 4413 1287 4490; x_wconf 91' lang='lat' dir='ltr'>alios</span> <span class='ocrx_word' id='word_1_297' title='bbox 1308 4413 1581 4520; x_wconf 87' lang='lat' dir='ltr'>opprimentes,</span> <span class='ocrx_word' id='word_1_298' title='bbox 1603 4441 1661 4492; x_wconf 81' lang='lat' dir='ltr'>ex-</span> 
     </span>
     <span class='ocr_line' id='line_1_31' title="bbox 225 4542 1661 4655; baseline -0.005 -25"><span class='ocrx_word' id='word_1_299' title='bbox 225 4553 413 4631; x_wconf 88' lang='lat' dir='ltr'>torsiones</span> <span class='ocrx_word' id='word_1_300' title='bbox 436 4551 483 4630; x_wconf 90' lang='lat' dir='ltr'>ab</span> <span class='ocrx_word' id='word_1_301' title='bbox 509 4550 563 4629; x_wconf 94' lang='lat' dir='ltr'>eis</span> <span class='ocrx_word' id='word_1_302' title='bbox 584 4549 781 4640; x_wconf 78' lang='lat' dir='ltr'>facientes,</span> <span class='ocrx_word' id='word_1_303' title='bbox 804 4578 871 4655; x_wconf 88' lang='lat' dir='ltr'>per</span> <span class='ocrx_word' id='word_1_304' title='bbox 897 4547 1060 4625; x_wconf 90' lang='lat' dir='ltr'>abusum</span> <span class='ocrx_word' id='word_1_305' title='bbox 1079 4546 1291 4623; x_wconf 88' lang='lat' dir='ltr'>litterarum</span> <span class='ocrx_word' id='word_1_306' title='bbox 1311 4542 1602 4650; x_wconf 87' lang='lat' dir='ltr'>apostolicarum</span> <span class='ocrx_word' id='word_1_307' title='bbox 1623 4565 1661 4624; x_wconf 90' lang='lat' dir='ltr'>et</span> 
     </span>
     <span class='ocr_line' id='line_1_32' title="bbox 226 4676 1661 4791; baseline -0.004 -30"><span class='ocrx_word' id='word_1_308' title='bbox 226 4685 307 4761; x_wconf 83' lang='lat' dir='ltr'>aliis</span> <span class='ocrx_word' id='word_1_309' title='bbox 334 4683 471 4791; x_wconf 86' lang='lat' dir='ltr'>modis.</span> <span class='ocrx_word' id='word_1_310' title='bbox 502 4681 723 4789; x_wconf 89' lang='lat' dir='ltr'>Requisitus</span> <span class='ocrx_word' id='word_1_311' title='bbox 746 4681 777 4758; x_wconf 95' lang='lat' dir='ltr'>si</span> <span class='ocrx_word' id='word_1_312' title='bbox 805 4681 875 4758; x_wconf 86' lang='lat' dir='ltr'>scit</span> <span class='ocrx_word' id='word_1_313' title='bbox 899 4678 958 4757; x_wconf 89' lang='lat' dir='ltr'>vel</span> <span class='ocrx_word' id='word_1_314' title='bbox 979 4676 1228 4783; x_wconf 91' lang='lat' dir='ltr'>creditquod</span> <span class='ocrx_word' id='word_1_315' title='bbox 1250 4676 1466 4754; x_wconf 87' lang='lat' dir='ltr'>comuniter</span> <span class='ocrx_word' id='word_1_316' title='bbox 1492 4677 1661 4785; x_wconf 90' lang='lat' dir='ltr'>precipe-</span> 
     </span>
     <span class='ocr_line' id='line_1_33' title="bbox 228 4808 1658 4922; baseline -0.005 -28"><span class='ocrx_word' id='word_1_317' title='bbox 228 4834 331 4894; x_wconf 86' lang='lat' dir='ltr'>retur</span> <span class='ocrx_word' id='word_1_318' title='bbox 351 4817 390 4892; x_wconf 91' lang='lat' dir='ltr'>in</span> <span class='ocrx_word' id='word_1_319' title='bbox 407 4815 542 4895; x_wconf 92' lang='lat' dir='ltr'>ordine</span> <span class='ocrx_word' id='word_1_320' title='bbox 562 4813 669 4922; x_wconf 90' lang='lat' dir='ltr'>quod</span> <span class='ocrx_word' id='word_1_321' title='bbox 683 4810 792 4892; x_wconf 89' lang='lat' dir='ltr'>ficret</span> <span class='ocrx_word' id='word_1_322' title='bbox 806 4812 952 4920; x_wconf 89' lang='lat' dir='ltr'>spuicio</span> <span class='ocrx_word' id='word_1_323' title='bbox 969 4808 1216 4917; x_wconf 87' lang='lat' dir='ltr'>supradicta,</span> <span class='ocrx_word' id='word_1_324' title='bbox 1233 4809 1430 4916; x_wconf 90' lang='lat' dir='ltr'>respondit</span> <span class='ocrx_word' id='word_1_325' title='bbox 1446 4838 1485 4887; x_wconf 91' lang='lat' dir='ltr'>se</span> <span class='ocrx_word' id='word_1_326' title='bbox 1501 4809 1658 4899; x_wconf 90' lang='lat' dir='ltr'>nescire,</span> 
     </span>
     <span class='ocr_line' id='line_1_34' title="bbox 229 4939 1741 5056; baseline -0.006 -30"><span class='ocrx_word' id='word_1_327' title='bbox 229 4979 297 5027; x_wconf 90' lang='lat' dir='ltr'>nec</span> <span class='ocrx_word' id='word_1_328' title='bbox 317 4947 497 5026; x_wconf 83' lang='lat' dir='ltr'>credebat</span> <span class='ocrx_word' id='word_1_329' title='bbox 520 4947 627 5056; x_wconf 83' lang='lat' dir='ltr'>quod</span> <span class='ocrx_word' id='word_1_330' title='bbox 653 4945 908 5025; x_wconf 91' lang='lat' dir='ltr'>communiter</span> <span class='ocrx_word' id='word_1_331' title='bbox 927 4945 967 5021; x_wconf 92' lang='lat' dir='ltr'>in</span> <span class='ocrx_word' id='word_1_332' title='bbox 988 4943 1090 5020; x_wconf 90' lang='lat' dir='ltr'>dicto</span> <span class='ocrx_word' id='word_1_333' title='bbox 1110 4941 1246 5020; x_wconf 92' lang='lat' dir='ltr'>ordine</span> <span class='ocrx_word' id='word_1_334' title='bbox 1272 4939 1382 5020; x_wconf 87' lang='lat' dir='ltr'>fieret</span> <span class='ocrx_word' id='word_1_335' title='bbox 1402 4969 1473 5018; x_wconf 91' lang='lat' dir='ltr'>nec</span> <span class='ocrx_word' id='word_1_336' title='bbox 1492 4941 1662 5048; x_wconf 89' lang='lat' dir='ltr'>precipe·</span> <span class='ocrx_word' id='word_1_337' title='bbox 1738 4952 1741 4957; x_wconf 85' lang='lat'>&#39;</span> 
     </span>
    </p>
   </div>
   <div class='ocr_carea' id='block_1_5' title="bbox 313 5104 1508 5172">
    <p class='ocr_par' dir='ltr' id='par_1_5' title="bbox 313 5104 1508 5172">
     <span class='ocr_line' id='line_1_35' title="bbox 313 5104 1508 5172; baseline -0.005 -6"><span class='ocrx_word' id='word_1_338' title='bbox 313 5104 418 5172; x_wconf 76' lang='lat' dir='ltr'>aroris</span> <span class='ocrx_word' id='word_1_339' title='bbox 438 5126 493 5170; x_wconf 81' lang='lat' dir='ltr'>nes</span> <span class='ocrx_word' id='word_1_340' title='bbox 514 5125 741 5168; x_wconf 75' lang='lat' dir='ltr'>rennuens-</span> <span class='ocrx_word' id='word_1_341' title='bbox 754 5125 786 5165; x_wconf 90' lang='lat'>11.</span> <span class='ocrx_word' id='word_1_342' title='bbox 1492 5117 1508 5160; x_wconf 85' lang='lat' dir='ltr'>a</span> 
     </span>
    </p>
   </div>
   <div class='ocr_carea' id='block_1_6' title="bbox 0 0 2139 5940">
    <p class='ocr_par' dir='ltr' id='par_1_6' title="bbox 0 0 2139 5940">
     <span class='ocr_line' id='line_1_36' title="bbox 0 0 2139 5940; baseline 0 0"><span class='ocrx_word' id='word_1_343' title='bbox 0 0 2139 5940; x_wconf 95' lang='lat' dir='ltr'> </span> 
     </span>
    </p>
   </div>
  </div>
 </body>
</html>
