4236 5948
345 504 422 580 sto
724 481 921 575 roootts
952 500 1048 571 oss
1081 499 1386 573 rnurmsns.

345 641 552 726 diensium,
573 641 696 718 vivere
716 640 796 717 sine
817 640 986 745 proprio,
1008 665 1151 717 servare
1167 638 1288 717 bonos
1305 667 1397 717 usus
1415 655 1455 716 ct
1470 639 1589 716 bonas
1606 669 1768 719 consue·

344 771 500 852 tudines
517 770 679 862 ordinis,
702 799 780 848 noo
799 769 962 849 revelare
984 787 1124 847 secreta
1143 769 1406 876 capitoliorum
1425 787 1462 849 et
1480 797 1558 849 uon
1576 771 1769 851 dimittere

344 902 491 984 dictum
509 901 683 980 ordinem
702 929 772 1008 pro
793 900 920 1008 aliquo
939 900 1029 990 alios
1055 891 1093 978 et
1111 900 1288 1008 imposito
1309 900 1379 978 sibi
1397 899 1599 990 mantello„
1610 902 1690 1008 ipsc
1710 930 1770 980 re·

347 1051 476 1139 ceptor
490 1049 529 1109 et
547 1048 710 1111 astantes
727 1031 883 1110 luerunt
901 1058 991 1107 eum
1011 1030 1167 1109 osculati
1190 1031 1230 1108 in
1249 1056 1334 1122 ore,
1356 1047 1397 1108 et
1412 1031 1491 1136 ipse
1505 1032 1611 1108 testis
1623 1031 1696 1110 fuit
1713 1060 1770 1111 os

345 1163 493 1243 culetus
512 1163 636 1268 ipsum
656 1179 792 1241 testem
812 1162 852 1238 in
873 1161 1051 1250 humero,
1073 1190 1118 1238 ex
1140 1178 1247 1266 parte
1271 1161 1466 1252 anteriori,
1493 1189 1608 1268 super
1632 1180 1765 1242 vestes.

345 1293 592 1370 Postmodum
616 1293 738 1369 dictus
759 1291 872 1369 frater
890 1292 1096 1369 Berrardus
1114 1292 1224 1368 traxit
1244 1292 1368 1396 ipsum
1381 1309 1518 1369 testem
1539 1311 1640 1371 retro
1656 1295 1769 1371 corti-

346 1450 413 1503 nas
432 1424 572 1515 altaris,
599 1440 639 1499 et
662 1422 755 1500 dixit
777 1423 903 1514 ei,’ita
920 1421 1106 1501 submisse
1126 1421 1232 1529 quod
1256 1421 1320 1501 alii
1343 1421 1383 1500 in
1407 1421 1548 1528 capella
1566 1423 1769 1502 existentes

345 1582 424 1632 non
449 1571 623 1659 poterant
642 1552 794 1641 audire,
815 1552 921 1659 quod
941 1551 1020 1659 ipsc
1036 1551 1151 1632 testis
1161 1551 1325 1632 debebat
1342 1568 1402 1629 ter
1420 1579 1554 1656 spuere
1573 1581 1686 1659 super
1699 1571 1770 1633 ter-

347 1713 430 1763 ram·
439 1702 475 1762 et
489 1703 547 1762 ter
563 1684 745 1791 abnegare
761 1683 936 1774 lbesum;
961 1701 999 1761 et
1009 1711 1096 1762 oum
1113 1684 1147 1760 ei
1160 1683 1389 1790 precepisset
1407 1682 1514 1790 quod
1527 1684 1600 1761 boc
1611 1684 1768 1775 laceret,

345 1817 427 1921 ipse
448 1817 553 1894 testis
576 1815 678 1921 spuit
700 1832 770 1903 ter,
791 1830 831 1890 st
853 1829 913 1892 ter
921 1815 1086 1893 ‘ihesum
1112 1813 1307 1922 abnegavit
1330 1841 1414 1902 ore,
1439 1841 1516 1891 non
1533 1815 1665 1905 eorde,
1687 1841 1770 1893 crs·

347 1946 441 2022 dens
466 1947 569 2051 quod
598 1945 660 2022 alii
690 1944 821 2022 fratres
847 1945 989 2021 ordinis
1019 1943 1272 2021 communiter
1300 1959 1339 2019 et
1369 1942 1513 2049 ubique
1537 1944 1640 2021 idem
1668 1945 1768 2024 facc-

345 2093 451 2163 renta
469 2076 536 2154 sed
555 2075 627 2154 ulia
647 2073 775 2153 illicita
794 2102 872 2151 non
891 2075 1176 2153 intervenerunt
1195 2073 1234 2149 in
1256 2071 1353 2150 dicta
1371 2101 1436 2150 sua
1456 2074 1674 2179 receptione
1697 2103 1768 2153 nec

347 2221 442 2309 post.
453 2205 574 2291 ltem,
596 2204 692 2282 dixit
707 2205 812 2310 quod
831 2204 911 2308 ipse
925 2203 1023 2280 bene
1044 2201 1221 2280 credebat
1238 2201 1494 2282 ecclesiasticis
1505 2206 1766 2297 sarmentis,

349 2335 506 2411 credens
531 2334 637 2440 quod
664 2332 725 2408 alii
744 2333 875 2409 fratres
897 2332 1046 2410 ordinis
1060 2332 1197 2411 eodem
1221 2332 1338 2410 modo
1364 2333 1577 2421 crederent,
1602 2351 1640 2411 et
1661 2336 1768 2440 quod

348 2492 480 2541 eorum
498 2463 708 2541 sacerdotes
722 2462 849 2539 debite
865 2461 1109 2539 celebrarent.
1128 2460 1369 2541 Clandestinc
1384 2460 1673 2569 recipiebantur,
1688 2466 1770 2543 nul·

345 2595 392 2675 lis
411 2593 649 2701 presentibus
664 2594 735 2670 nisi
755 2592 931 2673 fratribus
949 2592 1109 2680 ordinis,
1131 2619 1267 2698 exque
1282 2592 1522 2699 creditquod
1536 2610 1635 2672 esset
1647 2596 1769 2702 suspi—

346 2727 404 2804 cio
423 2743 553 2808 contra
571 2753 647 2803 eos.
662 2724 841 2803 Cordulis
857 2724 961 2802 unde
979 2723 1155 2804 volebant
1171 2723 1372 2829 assumptis
1393 2723 1638 2830 cingebantur
1653 2752 1769 2831 super

344 2857 513 2937 camisias
537 2884 625 2936 cum
643 2854 783 2961 quibus
803 2852 987 2962 jacebant.
1009 2854 1085 2947 Qui
1103 2853 1332 2933 revelassent
1343 2869 1486 2933 secoeta
1501 2854 1766 2959 capitoliorum

346 2988 462 3065 eciam
475 2985 652 3065 fratribus
674 2985 819 3063 ordinis
833 2986 903 3091 qui
921 3012 998 3062 non
1018 2983 1214 3069 adsuerant
1228 2983 1268 3060 in
1284 2983 1445 3071 eisdem,
1465 2984 1623 3063 domum
1640 2985 1768 3090 perdi·

345 3118 499 3196 dissent.
523 3118 671 3194 Fratres
693 3115 837 3197 ordinis
855 3115 996 3222 quibus
1015 3116 1135 3196 credit
1155 3132 1263 3193 notas
1281 3115 1396 3197 luisse
1417 3115 1709 3222 abnegacionem
1729 3137 1768 3194 et

345 3247 582 3353 spuicionem.
597 3245 784 3350 predictas
803 3247 957 3326 bierunt
977 3244 1225 3354 negligentes,
1240 3246 1329 3353 quia
1344 3274 1422 3325 non
1438 3264 1681 3324 correxervmt
1697 3276 1768 3325 nee

345 3377 669 3456 denunciaverunt
691 3374 867 3455 Ecclesie.
889 3377 1123 3456 Elemosinas
1147 3395 1185 3455 ct
1206 3377 1500 3484 hospitalitatem
1520 3405 1566 3455 ex
1584 3396 1767 3485 precepto

344 3507 584 3614 superiorum
612 3507 756 3584 ordinis
779 3507 872 3583 vidit
898 3508 1164 3586 convenienter
1189 3506 1271 3586 lieri
1297 3527 1338 3586 ct
1363 3509 1497 3587 servari
1525 3509 1565 3584 in
1588 3509 1769 3590 domibus

344 3637 489 3719 ordinis
507 3638 548 3713 in
567 3638 706 3743 quibus
725 3638 846 3714 extitit
866 3656 1134 3728 commoratus,
1153 3657 1192 3716 et
1210 3637 1501 3719 deffendebatur
1519 3640 1573 3717 eis
1590 3667 1639 3720 ne
1659 3641 1769 3720 inde·

344 3767 674 3886 bite-acquirerent
687 3768 824 3845 ordini.
838 3768 1024 3874 Capitulia
1043 3769 1230 3878 generalia
1251 3770 1345 3846 vidit
1355 3770 1405 3847 de
1421 3770 1483 3847 dic
1501 3771 1634 3862 teneri,
1650 3771 1769 3849 nullis

344 3897 583 4003 presentibus
596 3898 668 3974 nisi
682 3896 1036 3990 fratribusordinis,
1049 3899 1177 4006 januis
1200 3899 1348 3979 clausis.
1366 3899 1549 3979 Ordinato
1565 3929 1633 4006 per
1651 3902 1767 4010 Magi-

343 4045 464 4105 strum
477 4056 566 4105 cum
581 4046 768 4105 conventu
783 4048 963 4107 servasset
978 4030 1206 4118 totusordo,
1225 4048 1352 4108 contra
1366 4057 1482 4137 quem
1499 4032 1768 4140 nuncgrsndia

343 4158 532 4250 seandala,
559 4159 722 4264 suspicio
749 4177 786 4237 et
812 4159 963 4238 infamia
987 4179 1078 4238 sunt
1099 4179 1252 4251 exorta,
1273 4179 1312 4240 et
1337 4162 1457 4239 credit
1480 4161 1586 4269 quod
1609 4189 1768 4272 magnus

343 4289 519 4398 Magister
541 4307 581 4366 et
603 4288 666 4367 alii
691 4291 833 4368 dictam
853 4290 1146 4400 abnegationem
1168 4309 1213 4370 et
1236 4293 1470 4400 spuioionem
1497 4293 1575 4371 sint
1593 4293 1764 4371 confessi.

344 4420 426 4496 Non
443 4420 633 4498 obtulerat
650 4448 691 4498 se
706 4422 756 4500 ad
773 4420 1048 4500 deffensionem
1064 4421 1226 4514 ordinis,
1248 4450 1318 4501 neo
1336 4424 1457 4502 fixerat
1474 4421 1572 4500 ultra
1592 4451 1707 4500 mare.

398 4550 616 4655 Requisitus
638 4554 670 4628 si
702 4553 755 4630 sie
789 4553 1016 4658 deposuerat
1045 4581 1175 4660 prece,
1207 4569 1403 4661 precepto,
1429 4555 1595 4644 timore,
1617 4580 1764 4641 amore,

342 4678 452 4767 odio,
473 4680 532 4757 vel
546 4683 745 4788 temporali
779 4685 942 4762 comodo
965 4685 1097 4762 habito
1125 4684 1184 4762 vel
1213 4684 1407 4774 habendo,
1438 4683 1633 4791 respondit
1657 4687 1765 4792 qrrod

341 4836 439 4900 non,
464 4812 531 4888 sed
561 4839 631 4917 pro
651 4815 803 4891 veritate
830 4815 1006 4906 dicenda,
1024 4817 1087 4894 cui
1104 4815 1178 4893 fuit
1200 4817 1414 4922 injunctum
1442 4816 1549 4922 quod
1566 4843 1646 4895 non
1660 4843 1766 4897 reve-
