4236 5948
341 589 415 661 370
725 565 922 657 rnocts
949 582 1043 652 nns
1070 579 1368 651 rnnrnrnns.

393 729 441 803 Et
455 753 525 831 ego
543 724 703 801 lacobus
718 725 765 800 de
780 723 928 800 Virtuto
949 722 1106 798 clericus
1121 721 1424 799 Cathalaunensis
1440 719 1614 806 diocesis,
1634 719 1757 824 publi-

340 885 404 934 cus
418 854 602 960 imperiali
620 853 836 929 auctoritate
852 853 1034 938 notarius,
1057 852 1352 930 confessionibus
1371 849 1560 955 premissis
1578 865 1616 924 et
1635 849 1757 927 omni-

339 988 410 1062 bus
430 985 509 1061 aliis
530 1000 566 1060 et
592 982 763 1088 singulis,
785 999 898 1086 prout
917 985 954 1057 in
974 983 1137 1087 presenti
1164 999 1261 1058 carta
1281 1009 1347 1058 seu
1368 980 1471 1084 pecia
1490 1006 1600 1082 supra
1621 994 1659 1053 et
1678 1006 1758 1083 pre

339 1115 486 1192 cedenti
503 1114 609 1218 signo
625 1140 710 1188 meo
725 1112 876 1220 signatis
896 1112 1145 1199 continentur,
1166 1139 1318 1217 presens
1333 1109 1484 1186 interlui
1501 1136 1587 1184 cum
1597 1108 1756 1184 testibus

338 1243 597 1349 suprascriptis
613 1258 649 1318 et
665 1243 841 1347 magistro
852 1240 993 1318 Arnisio
1007 1240 1053 1317 de
1069 1241 1272 1318 Aureliano
1285 1240 1430 1317 notario
1445 1238 1614 1346 publico,
1632 1266 1689 1325 ac,
1708 1237 1754 1313 de

338 1373 515 1450 mandato
535 1371 691 1477 predicti
713 1372 971 1460 commissarii,
992 1372 1030 1445 in
1050 1369 1125 1446 hoc
1142 1372 1388 1446 instrumento
1408 1369 1561 1473 publico
1582 1396 1644 1444 me
1665 1365 1755 1443 sub-

338 1503 465 1607 scripsi
486 1503 524 1576 in
545 1502 801 1578 testimonium
822 1501 1106 1604 premissorum,
1137 1499 1308 1606 illudque
1335 1499 1440 1605 signo
1467 1526 1551 1575 meo
1572 1498 1683 1575 solito
1705 1498 1754 1572 si-

337 1633 442 1736 gnavi
464 1648 626 1737 rogatus.

393 1894 435 1966 l'n
448 1890 584 1969 Christi
597 1890 751 1966 nomine
765 1918 886 1965 amen.
900 1891 1024 1965 Pateat
1041 1888 1220 1966 universis
1235 1917 1303 1993 per
1314 1888 1388 1965 hoc
1396 1916 1549 1993 presens
1558 1888 1755 1994 publicum

339 2023 631 2098 instrumentum
651 2020 756 2124 quod
776 2046 874 2094 anno
895 2018 1045 2094 Domini
1069 2018 1271 2095 millesimo
1292 2019 1556 2095 trecentesimo
1577 2019 1752 2122 septimo,

338 2150 529 2226 indicione
544 2168 662 2238 sexta,
683 2147 920 2254 pontificatus
939 2148 1158 2224 sanctissimi
1178 2150 1294 2254 patris
1307 2167 1344 2226 et
1355 2149 1501 2225 domini
1518 2148 1659 2224 domini
1674 2147 1755 2225 Cle-

337 2281 475 2357 mentis
499 2280 622 2355 divina
641 2279 871 2385 providentia
892 2307 986 2383 pape
1007 2279 1127 2383 quinti
1149 2307 1247 2356 anno
1268 2279 1450 2367 secunde,
1474 2278 1535 2354 die
1554 2278 1653 2354 Jovis
1673 2295 1757 2382 post

340 2408 509 2486 octabam
534 2409 716 2485 Omnium
737 2409 977 2495 Sanctorum,
1000 2407 1141 2485 scilicet
1163 2437 1259 2485 nona
1281 2409 1342 2485 die
1363 2408 1592 2499 novembris,
1614 2408 1653 2482 in
1672 2435 1756 2511 pre·

339 2538 461 2614 sencia
490 2538 651 2643 religiosi
678 2555 714 2613 et
733 2535 883 2613 ‘bonesti
908 2538 975 2611 viri
1006 2537 1127 2613 fratris
1151 2538 1291 2615 Nicolai
1318 2539 1365 2615 de
1391 2539 1588 2615 Anessiaco
1613 2536 1757 2612 ordinis

337 2667 493 2742 fratrum
519 2666 812 2754 Predicatorum,
841 2666 1082 2743 commissarii
1107 2667 1181 2743 dati
1203 2695 1223 2741 a
1243 2666 1418 2773 religioso
1441 2668 1657 2744 ethonesto
1677 2667 1768 2741 viro·

338 2797 450 2872 fratre
471 2794 675 2874 Guillelmo
696 2795 743 2871 de
765 2795 925 2871 Parisius
946 2796 1035 2872 dicti
1055 2796 1216 2885 ordinis,
1243 2797 1464 2903 inquisitore
1489 2796 1653 2873 heretice
1673 2825 1757 2902 pra-

336 2926 458 3000 vitatis
477 2927 515 3001 in
537 2954 653 3032 regno
670 2927 822 3002 Francie
841 2927 1056 3004 auctoritate
1075 2928 1275 3033 apostolica
1290 2928 1483 3032 deputato,
1506 2944 1677 3002 nostrum
1694 2955 1758 3002 no-

335 3057 516 3132 tariorum
536 3056 779 3161 publicorum
802 3074 839 3133 et
859 3057 1009 3132 testium
1031 3056 1350 3163 infrascriptorum
1368 3057 1559 3163 presencia
1580 3083 1757 3161 persona·

338 3185 421 3260 liter
444 3185 666 3262 constitutus
692 3185 804 3262 frater
826 3187 997 3263 Nicolaus
1020 3188 1067 3263 dc
1088 3188 1197 3264 Sarra
1223 3188 1391 3293 dyocesis
1415 3185 1627 3273 Trecensis,
1650 3187 1757 3262 etatis

336 3341 417 3390 xxvi
440 3343 625 3392 annorum
643 3316 701 3390 vol
722 3317 833 3404 circa,
861 3319 1020 3421 agricola
1048 3319 1087 3393 in
1113 3318 1288 3395 domibus
1311 3318 1359 3395 de
1379 3317 1578 3396 Villaribus
1603 3315 1755 3420 Templi

336 3445 530 3519 Trecensis
551 3445 732 3548 dyocesis,
749 3445 894 3549 juratus
914 3446 962 3521 ad
978 3465 1100 3523 sancta
1115 3449 1184 3523 Dei
1199 3448 1395 3554 Evangelia
1404 3465 1499 3523 tacta
1513 3445 1754 3551 corporaliter

337 3572 548 3663 abeodem,
567 3590 602 3648 et
617 3574 819 3678 requisitus
837 3574 883 3650 de
900 3604 937 3651 se
956 3576 1056 3652 etde
1072 3577 1154 3653 aliis'
1171 3578 1259 3655 dicti
1280 3578 1422 3655 ordinis
1442 3576 1673 3683 superdicto
1689 3576 1754 3650 cri·

338 3703 440 3777 mine
451 3702 582 3778 delatis
602 3721 638 3778 et
661 3705 707 3778 de
729 3706 843 3781 modo
858 3708 1089 3811 recepcionis
1108 3736 1175 3784 sue
1196 3708 1319 3785 dicere
1336 3709 1376 3783 in
1390 3737 1499 3784 causa
1517 3706 1607 3782 [idei
1623 3706 1751 3781 verita·

335 3848 430 3921 tem,
449 3832 540 3907 dixit
557 3861 624 3937 per
635 3833 891 3937 juramentum
908 3865 1020 3912 suum
1039 3837 1143 3941 quod
1156 3836 1229 3914 luit
1243 3855 1415 3942 receptus
1424 3865 1496 3942 per
1513 3836 1665 3912 fratrem
1682 3837 1751 3911 Ra-

339 3961 523 4064 dulphum
539 3963 586 4038 de
599 3961 760 4053 Gisiaco,
778 3964 816 4039 in
828 3967 987 4042 crastino
1002 3966 1084 4042 festi
1100 3968 1372 4072 Assumptionis
1383 3968 1490 4044 beate
1502 3967 1618 4043 Marie
1629 3993 1752 4069 nuper

335 4091 518 4197 preteriti,
546 4092 585 4166 in
611 4091 725 4168 domo
750 4093 795 4168 de
810 4081 931 4170 'Sanci
955 4097 1152 4173 Trecensis
1179 4097 1354 4183 diocesis,
1380 4095 1615 4203 presentibus
1635 4093 1747 4169 fratre

304 4304 306 4308 μ
335 4218 544 4297 Christiano
565 4220 746 4327 clavigero
758 4221 893 4299 domus
907 4225 1072 4327 predicte
1089 4226 1135 4301 de
1146 4226 1273 4316 Sanci,
1292 4243 1329 4302 et
1342 4225 1454 4302 lrntrc
1467 4221 1748 4327 Radulpholra-

334 4367 389 4424 tre
406 4349 493 4424 dicti
507 4349 695 4438 Baldoini,
717 4368 755 4426 et
766 4349 876 4428 fratre
891 4354 1029 4430 Jacobo
1041 4356 1087 4431 de
1103 4355 1232 4432 Saoce.
1251 4357 1345 4431 Item
1360 4355 1457 4430 'dixit
1474 4381 1542 4458 per
1553 4353 1748 4458 juramen·

333 4496 413 4553 tum
434 4507 544 4555 suum
558 4482 676 4585 quod,
696 4509 740 4558 eo
756 4499 920 4587 recepto,
937 4484 1147 4590 juramento
1167 4485 1213 4561 ab
1234 4515 1279 4562 eo
1300 4486 1454 4593 prestito
1475 4484 1523 4559 de
1544 4481 1690 4559 statutis
1711 4497 1747 4555 et

334 4612 483 4688 secretis
495 4612 637 4688 ordinis
653 4613 907 4704 observandis,
928 4634 964 4692 et
976 4618 1152 4727 mantello
1162 4618 1233 4695 sibi
1248 4618 1296 4694 ad
1308 4618 1447 4695 collum
1463 4618 1605 4724 posito,
1624 4616 1745 4692 dictus

241 4833 245 4840 Ι
333 4740 552 4846 Radulpbus
570 4744 754 4849 recipiens
774 4745 861 4822 lecit
878 4747 947 4823 sibi
969 4750 1114 4825 ostendi
1131 4749 1318 4856 quandam
1340 4778 1488 4826 crucem
1505 4747 1692 4852 depictam
1705 4747 1763 4860 in,

332 4871 496 4973 quodam
510 4871 608 4949 libro
623 4871 714 4949 curn*
724 4876 893 4982 ymagine
907 4877 1085 4968 crucifixi,
1096 4879 1224 4956 dicens
1236 4878 1306 4956 sibi
1321 4879 1425 4985 quod
1435 4875 1633 4984 oportebat
1643 4873 1745 4981 qnod
