4236 5948
346 524 393 599 m
735 505 930 600 esoces
955 522 1051 610 nes
1076 517 1381 593 retinemus.

400 671 532 745 Frater
542 666 735 745 lohannes
748 667 796 744 da
808 666 909 746 Baali
921 666 1097 756 serviens,
1106 679 1304 770 preceptor
1321 659 1457 736 domus
1469 657 1622 764 Templi
1636 659 1684 743 de
1696 658 1780 737 Bel·

345 798 469 876 lenval
495 797 760 876 Ambianen'sis
787 798 964 886 diocesis,
986 797 1092 875 testis
1112 824 1223 901 supra
1239 795 1402 901 juratuS,
1432 791 1695 898 sexagenarius
1721 790 1780 905 uel

346 934 457 1024 circa,
468 931 533 1040 qui
545 947 930 1038 proptervetustatem
943 927 1168 1006 mantellum
1180 954 1292 1003 suum
1306 939 1574 1030 consumptum
1586 922 1781 1001 dimiserat

347 1082 386 1140 et
398 1062 480 1141 radi
496 1060 633 1138 fecerat
648 1060 721 1139 sibi
734 1059 908 1149 barbam,
924 1059 1200 1167 protestacione
1213 1055 1394 1164 premissa
1408 1055 1513 1162 quod
1523 1084 1601 1132 non
1615 1053 1781 1133 intendit

345 1195 523 1273 recedere
543 1223 562 1271 a
584 1193 825 1301 deposicione
850 1222 918 1299 per
938 1221 1026 1270 eum
1046 1190 1140 1268 sacta
1163 1218 1289 1297 coram
1312 1189 1470 1267 domino
1492 1186 1670 1295 episcopo
1689 1187 1780 1266 Am·

345 1324 517 1447 bianensi
539 1325 606 1431 qui
624 1353 725 1401 nunc
742 1339 816 1411 est,
834 1353 855 1400 a
871 1352 947 1430 quo
963 1322 1159 1400 absolutus
1176 1340 1214 1398 et
1232 1319 1496 1398 reconciliatus
1512 1318 1651 1411 fuerat,
1673 1319 1780 1398 lectis

346 1475 384 1534 et
409 1452 611 1563 diligenter
632 1453 809 1561 expositis
834 1454 906 1532 sibi
928 1454 1109 1532 omnibus
1135 1471 1172 1530 et
1196 1452 1354 1561 singulis
1370 1450 1555 1541 articulis,
1580 1453 1780 1559 respondit

345 1618 382 1666 se
401 1587 566 1677 nescire,
588 1615 658 1663 nec
683 1586 858 1677 credere,
881 1615 952 1663 nec
972 1585 1158 1663 audivisse
1181 1583 1256 1660 dici
1283 1583 1330 1660 de
1356 1583 1543 1663 contentis
1563 1583 1604 1659 in
1629 1584 1682 1661 eis
1707 1584 1779 1662 nisi

345 1721 450 1827 quod
470 1717 654 1824 sequitur.
677 1717 779 1794 Dixit
800 1746 938 1825 nempe
961 1746 1000 1795 se
1020 1717 1135 1793 fuisse
1156 1732 1351 1821 receptum
1368 1714 1409 1790 in
1425 1714 1569 1821 capella
1590 1715 1689 1795 dicte
1710 1717 1780 1795 do-

345 1878 429 1929 mus
441 1851 488 1927 de
499 1847 707 1939 Belleuval,
726 1865 853 1925 octava
864 1848 926 1926 die
936 1866 1023 1954 post
1035 1846 1279 1926 Pentecostes
1295 1863 1406 1922 erunt
1421 1846 1574 1923 truanni
1589 1845 1649 1924 vel
1665 1847 1777 1940 circa,

344 2010 411 2088 per
430 1979 586 2057 fratrem
606 1980 761 2056 Petrum
781 1980 933 2058 Minhot
953 1978 1223 2086 presbiterum,
1247 1994 1418 2056 curatum
1438 1977 1537 2054 dicte
1558 1977 1713 2067 domus,
1732 1979 1779 2058 de

344 2112 522 2189 mandato
542 2109 666 2187 fratris
691 2109 821 2188 Garini
848 2110 896 2187 de
921 2108 1065 2189 Grandi
1090 2109 1236 2190 Villarii
1264 2109 1495 2217 preceptoris
1516 2127 1608 2187 tunc
1627 2110 1778 2189 ballivie

345 2244 392 2320 dc
413 2243 586 2335 Pontivo,
608 2241 846 2348 presentibus
862 2241 1041 2319 iratribus
1062 2240 1228 2319 Roberto
1249 2240 1297 2344 de
1318 2240 1532 2349 Reybenval
1553 2241 1780 2322 Morinensis

346 2374 659 2481 diocesis,'quem
680 2372 800 2452 credit
814 2375 954 2461 vivere,
976 2376 1086 2453 Petro
1108 2374 1155 2451 de
1176 2372 1297 2451 Lenbi
1318 2391 1410 2450 tunc
1434 2390 1654 2480 preceptore
1675 2375 1780 2484 d'Oy-

345 2524 470 2595 mont,
495 2506 661 2584 Roberto
678 2507 725 2584 de
746 2505 890 2586 Grandi
905 2505 1054 2596 Villari,
1071 2505 1288 2594 deffunctis,
1312 2522 1350 2582 et
1367 2506 1507 2584 Jacobo
1523 2504 1571 2583 de
1592 2506 1780 2586 Vaucellis

344 2637 606 2715 Ambianensis
617 2637 843 2726 diocesim,
862 2639 926 2744 qui
942 2637 1013 2714 fuit
1029 2638 1275 2744 postmodum
1295 2636 1440 2714 reditus
1458 2637 1565 2735 unori
1583 2666 1696 2745 quam
1714 2639 1781 2717 de-

344 2787 582 2879 sponsaverat
597 2788 687 2870 ante
696 2771 929 2879 ingressum,
948 2771 996 2846 de
1017 2770 1125 2877 cujus
1142 2770 1213 2846 vita
1227 2768 1287 2846 vel
1302 2787 1425 2847 morte
1441 2798 1519 2849 non
1537 2770 1779 2854 habetcerti-

342 2902 540 2995 tudinem,
562 2931 582 2979 a
602 2931 678 3009 quo
693 2901 851 3011 quidem
872 2918 1067 3007 receptore
1085 2901 1200 3008 peciit
1220 2901 1404 2979 instanter
1426 2920 1463 2978 et
1483 2898 1703 3010 frequenter
1722 2933 1780 3011 pa·

344 3062 432 3110 nem
450 3051 488 3112 et
501 3061 639 3141 aquam
656 3049 694 3110 et
708 3032 927 3110 societatem
943 3031 1121 3124 fratrum,
1139 3061 1181 3108 ac
1195 3061 1402 3140 pauperem
1417 3032 1594 3110 vestitum
1611 3034 1776 3126 ordinis;
1843 3115 1848 3123 ,

255 3146 259 3151 ¹
344 3183 382 3242 et
399 3165 471 3243 sibi
487 3165 688 3258 concessis,
706 3165 864 3271 prestito
879 3194 947 3271 per
961 3165 1223 3272 juramentum
1243 3166 1349 3271 quod
1370 3143 1447 3242 non
1469 3183 1549 3245 erat
1566 3166 1674 3244 alteri
1691 3167 1779 3246 reli-

343 3295 465 3403 gioni,
492 3294 736 3372 matrimonio
761 3295 820 3372 vel
846 3294 985 3373 debitis
1010 3324 1083 3402 que
1107 3294 1251 3373 solvere
1272 3324 1350 3373 non
1376 3314 1616 3404 possetcum
1642 3298 1778 3377 litteris

343 3426 456 3535 regiis
482 3425 684 3534 obligatus,
711 3455 781 3503 nec
805 3427 948 3505 servilis
975 3427 1226 3519 condicionis,
1256 3456 1327 3505 nec
1355 3430 1717 3520 excommunicatus,
1741 3451 1779 3510 et

343 3558 448 3665 quod
462 3586 542 3635 non
561 3556 726 3636 habebat
740 3557 999 3636 infirmitatem
1020 3534 1217 3647 latentem,
1235 3559 1323 3658 fecit
1344 3590 1432 3638 enm
1447 3590 1580 3640 vovere
1601 3581 1639 3640 et
1648 3565 1777 3672 jurare

344 3719 459 3797 super
475 3689 682 3797 quemdam
698 3690 845 3770 librum
867 3692 1093 3784 castitatem,
1117 3691 1377 3771 obedienciam
1393 3712 1432 3771 et
1451 3694 1573 3773 vivere
1595 3697 1675 3774 sine
1691 3728 1778 3805 pro-

344 3820 445 3924 prio;
464 3822 502 3897 et
514 3821 684 3928 precepit
698 3820 733 3899 ei
748 3822 854 3929 quod
869 3840 1031 3901 servaret
1049 3822 1170 3901 bonos
1187 3852 1279 3903 usus
1294 3842 1333 3902 et
1346 3824 1465 3903 bonas
1480 3830 1777 3908 consuetudines

345 3950 503 4044 ordinis,
523 3970 561 4029 et
579 3981 657 4030 non
676 3954 859 4031 revelaret
879 3972 1021 4035 secreta
1038 3954 1311 4061 capitulorum
1330 3975 1367 4034 et
1385 3959 1565 4064 imposito
1580 3960 1652 4037 sibi
1669 3991 1777 4039 man·

342 4083 453 4175 tello,
474 4082 547 4161 suit
572 4066 661 4162 eum
687 4084 879 4171 osculatus
905 4103 943 4164 ct
963 4114 1096 4164 omnes
1116 4104 1279 4166 astantes
1301 4089 1447 4179 inore,
1474 4092 1666 4171 instruens
1686 4102 1776 4172 eum

342 4234 436 4321 quot
454 4216 567 4295 Pater
585 4232 701 4295 noster
718 4216 862 4294 diceret
881 4247 951 4324 pro
971 4219 1075 4297 horis
1092 4220 1171 4297 suis
1192 4237 1230 4296 et
1249 4221 1413 4326 qualiter
1431 4205 1579 4330 regeret
1598 4253 1637 4300 se
1658 4224 1698 4300 in
1715 4255 1777 4302 or-

343 4345 444 4425 dine.
473 4346 662 4454 Postque
687 4348 781 4425 dixit
806 4350 840 4426 ei
866 4349 905 4426 in
929 4351 1121 4457 presencia
1148 4351 1409 4458 predictorum
1439 4355 1544 4460 quod
1575 4355 1778 4464 abnegaret

341 4478 466 4554 Deum
477 4476 535 4554 vel
553 4478 728 4571 Jhesum,
751 4479 819 4557 sed
840 4509 916 4556 non
938 4482 1071 4560 recolit
1086 4483 1193 4589 quod
1207 4483 1367 4562 istorum
1385 4485 1609 4575 nominavit,
1630 4506 1776 4567 certum

341 4626 468 4685 tamen
484 4637 523 4685 se
540 4609 633 4686 dixit
648 4611 753 4717 quod
771 4612 973 4721 abnegaret
991 4615 1115 4693 Deum
1130 4615 1189 4693 vel
1202 4616 1382 4708 Jhesum,
1406 4636 1444 4696 et
1464 4648 1550 4696 cum
1571 4621 1649 4726 ipse
1670 4621 1777 4698 testis

341 4758 585 4848 repugnaret,
611 4741 703 4818 dixit
724 4743 757 4819 ei
778 4745 883 4851 quod
902 4746 990 4822 talia
1011 4764 1119 4823 erant
1137 4767 1278 4855 puncta
1297 4749 1458 4839 ordinis,
1487 4768 1525 4827 et
1549 4750 1637 4829 ideo
1666 4781 1777 4859 opor·
1803 4779 1806 4784 ·

340 4870 445 4948 tebat
467 4900 556 4949 eum
581 4873 782 4982 abnegare,
812 4879 1093 4984 propterquod
1119 4880 1197 4985 ipse
1224 4882 1345 4975 testis,
1368 4882 1537 4961 multum
1566 4884 1700 4962 dolens
1726 4883 1775 4962 de
