4236 5948
606 560 923 653 processus
950 580 1249 652 reveniens.
1563 580 1637 652 ras
1688 625 1689 628 κ

212 724 284 802 hoc
303 722 404 799 idem
426 719 595 798 similiter
609 722 681 798 sibi
701 720 782 797 fieri
803 720 850 797 ab
870 721 950 798 aliis
968 721 1155 800 fratribus.
1178 722 1280 799 Dixit
1299 738 1444 809 tamen,
1466 748 1532 825 per
1542 719 1641 827 jura·

215 874 384 933 mentum
400 881 532 942 suum,
548 852 651 959 quod
672 853 745 931 hoe
762 881 954 959 nunquam
974 851 1073 930 lecit.

269 989 520 1090 Interrogatus
540 983 587 1060 de
608 983 820 1089 supradicto
836 985 955 1088 capite
976 984 1006 1060 si
1027 982 1171 1089 aliquid
1189 985 1300 1059 sciret
1316 982 1362 1058 de
1380 970 1531 1069 eodem,
1551 981 1642 1058 dixit

215 1146 280 1224 per
298 1118 552 1225 jurameutum
580 1144 688 1192 suum
716 1115 820 1221 quod
846 1142 940 1202 non,
970 1116 1058 1221 quia
1081 1143 1271 1220 uunquam
1300 1114 1369 1188 luit
1406 1115 1443 1188 in
1472 1112 1643 1216 capitulis

217 1246 456 1336 eorumdem,
471 1244 559 1321 licet
579 1247 651 1323 hoc
665 1243 805 1350 pluries
818 1245 1078 1351 requisivisset.
1095 1245 1195 1321 Dixit
1211 1245 1327 1320 eciam
1345 1245 1423 1349 ipse
1444 1240 1509 1348 qui
1526 1242 1643 1347 loqui·

217 1398 288 1467 tur,
308 1406 375 1483 per
383 1377 639 1485 juramentum
661 1405 790 1465 suum,
807 1376 911 1483 quod
931 1377 1009 1483 ipse
1031 1395 1068 1454 et
1088 1375 1217 1453 fratres
1231 1377 1420 1453 lohannes
1439 1374 1486 1451 de
1505 1378 1643 1452 Besen-

219 1527 342 1598 court,
362 1508 550 1586 lohannes
570 1508 618 1584 de
636 1508 849 1613 louvignie,
872 1507 1090 1613 Radulpbus
1110 1507 1157 1584 de
1174 1507 1428 1595 Hardevillier,
1451 1507 1643 1583 'lohannes

219 1642 265 1718 de
285 1640 598 1728 Trocbeincourt,
621 1640 751 1717 Petrus
779 1640 826 1715 de
861 1639 1073 1747 Sausauley,
1096 1638 1321 1745 Reginaldus
1346 1638 1392 1714 de
1413 1636 1586 1744 Argivilla
1607 1654 1644 1713 et

218 1772 425 1850 Bernardus
439 1772 486 1848 de
500 1772 747 1850 Sommereux
772 1771 904 1848 iratres
920 1771 1035 1877 ipsius
1051 1771 1209 1858 ordinis,
1233 1770 1470 1847 condixerant
1491 1771 1588 1846 inter
1604 1797 1642 1845 se

220 1880 330 2010 longo
354 1921 525 2008 tempore
545 1918 668 1989 antea,
701 1901 805 2008 quod
833 1903 930 1978 irent
956 1902 1003 1980 ad
1033 1901 1172 1980 Sedem
1202 1901 1467 2005 Apostolicam,
1489 1901 1643 2006 petituri

220 2032 496 2111 absolutionem
512 2033 559 2109 de
575 2032 753 2139 predictis
774 2049 811 2109 et
827 2033 1021 2110 licenciam
1038 2032 1284 2109 transferendi
1300 2061 1338 2109 se
1360 2031 1407 2107 ad
1421 2030 1534 2108 alium
1550 2030 1647 2108 ordi·

221 2192 321 2242 nem.
341 2164 444 2243 Dixit
461 2164 578 2241 eciam
600 2192 667 2270 per
685 2165 943 2271 juramentum
972 2193 1082 2241 suum
1102 2163 1312 2269 quodcum
1335 2164 1412 2269 ipse
1434 2163 1572 2239 laceret
1590 2179 1648 2238 ter

221 2296 258 2371 in
271 2294 476 2401 septimana
495 2293 673 2370 celebrari
695 2295 734 2369 in
754 2294 916 2401 quadam
936 2285 1077 2401 capella
1098 2293 1233 2371 domus
1248 2322 1331 2383 sue,
1353 2294 1466 2371 lrater
1479 2295 1587 2400 Hugo
1600 2291 1647 2369 de

221 2423 389 2501 Paraudo
414 2425 579 2501 visitator
605 2424 775 2514 Francie,
805 2423 852 2500 ad
876 2427 1002 2502 locum
1022 2424 1234 2529 predictum
1261 2425 1469 2511 declinans,
1496 2423 1647 2501 calicem

136 2654 141 2663 1
223 2574 258 2632 et
272 2558 399 2633 omnia
419 2574 637 2634 ornamenta
657 2584 730 2661 que
752 2573 857 2632 erant
875 2556 915 2631 in
929 2555 1067 2661 capella
1081 2555 1250 2659 predicta
1266 2555 1481 2660 asportavit,
1498 2571 1537 2630 et
1548 2554 1649 2631 inhi-

222 2688 304 2764 buit
328 2689 362 2764 ei
383 2717 430 2764 ne
451 2687 613 2793 amplius
639 2686 778 2763 laceret
800 2686 991 2763 celebrari.
1019 2686 1200 2791 Requisiti
1226 2714 1314 2763 vcro
1334 2685 1493 2792 predicti
1517 2683 1649 2761 fratres

222 2821 353 2895 Petrus
373 2817 420 2894 de
442 2816 642 2895 Tortavilla
669 2834 706 2892 et
724 2817 912 2904 Matheus,
938 2815 1109 2893 videlicet
1133 2815 1294 2921 quilibet
1314 2844 1446 2892 eorum
1466 2844 1533 2921 per
1553 2843 1592 2892 se
1613 2832 1650 2890 et

224 2946 461 3054 singulariter
481 2976 549 3054 per
563 2946 820 3052 juramentum
842 2975 969 3034 suum,
992 2963 1120 3023 utrum
1139 2947 1190 3033 vi,
1212 2948 1367 3035 timore,
1385 2946 1443 3023 vel
1459 2947 1571 3022 minis
1587 2963 1651 3022 aut

224 3079 290 3155 alia
307 3106 545 3185 quacumque
560 3106 687 3165 causa,
710 3078 748 3152 in
765 3077 1005 3183 deposicione
1020 3106 1087 3154 sua
1102 3076 1280 3153 dixissent
1292 3093 1355 3154 aut
1366 3078 1652 3154 immiscuissent

225 3209 388 3314 aliquam
404 3206 619 3293 salsitatem,
642 3206 831 3296 dixerunt,
854 3207 993 3284 scilicet
1007 3207 1169 3313 quilibet
1181 3235 1316 3284 eorum
1338 3208 1573 3317 singulariter
1583 3234 1651 3311 per

225 3367 280 3428 se,
295 3366 365 3444 per
378 3339 637 3445 juramentum
657 3366 785 3425 suum,
804 3337 908 3443 quod
923 3366 1020 3428 non,
1037 3339 1155 3415 immo
1172 3338 1320 3442 plenam
1342 3356 1379 3415 et
1398 3368 1539 3417 meram
1559 3339 1653 3415 veri·

225 3487 339 3549 tatem
354 3468 537 3557 dixerant,
561 3469 641 3544 sine
663 3467 786 3578 aliqua
808 3467 977 3546 falsitate.

281 3732 374 3809 ltem
389 3759 505 3821 anno,
528 3731 751 3822 indictione,
774 3759 919 3821 mense,
942 3732 1021 3820 die,
1043 3733 1264 3840 pontificatu
1280 3752 1317 3811 et
1339 3761 1436 3812 anno
1455 3734 1650 3841 predictis,

227 3865 264 3940 in
283 3863 373 3941 dicti
395 3864 646 3970 inquisitoris,
665 3879 835 3940 nostrum
853 3865 1087 3941 notariorum
1103 3883 1141 3941 et
1160 3867 1312 3942 testium
1331 3864 1652 3972 infrascriptorum

226 3997 418 4100 presencia
432 3995 680 4102 personaliter
695 3996 919 4073 constitutus
934 3994 1242 4074 fraterlohannes
1263 3998 1310 4073 de
1321 3995 1521 4073 Tortavilla
1541 3997 1655 4072 frater

228 4127 316 4204 dicti
338 4126 495 4214 ordinis,
526 4127 634 4204 etatis
652 4127 802 4233 triginta
830 4155 1017 4204 annorum
1037 4129 1096 4204 vel
1122 4130 1234 4219 circa,
1261 4144 1305 4204 ut
1329 4126 1492 4215 dicebat,
1519 4125 1653 4203 eodem

229 4258 342 4336 modo
353 4259 519 4366 juratus,
533 4275 570 4335 et
583 4258 787 4364 requisitus
800 4257 848 4335 de
862 4275 1033 4366 tempore
1045 4277 1083 4336 et
1092 4260 1208 4337 modo
1223 4288 1290 4336 sue
1302 4258 1548 4364 recepciouis‚
1562 4256 1654 4333 dixit

228 4417 294 4494 per
307 4390 567 4496 juramentum
587 4418 698 4467 suum
717 4389 824 4495 quod
843 4408 986 4495 septem
1007 4391 1093 4466 anui
1119 4408 1205 4466 sunt
1229 4390 1343 4496 elapsi
1361 4389 1419 4465 vel
1435 4389 1530 4465 circa
1550 4387 1655 4494 quod

229 4518 299 4596 luit
325 4537 498 4627 receptus
529 4520 628 4624 apud
665 4520 925 4625 Savigniacum
950 4522 1179 4599 Senonensis
1204 4520 1378 4608 diocesis,
1412 4545 1479 4625 per
1503 4518 1655 4594 fratrem

229 4649 427 4726 Girardum
464 4651 512 4727 de
542 4650 744 4729 Villaribus
775 4668 867 4727 tune
898 4652 1114 4757 magistrum
1149 4680 1216 4728 seu
1246 4651 1472 4727 visitatorem
1501 4650 1655 4726 Francie

229 4781 463 4886 generalem,
485 4781 722 4886 presentibus
741 4780 914 4886 pluribus
933 4781 1111 4859 fratribus
1132 4782 1219 4859 dicti
1241 4781 1401 4871 ordinis,
1425 4782 1473 4858 de
1492 4808 1655 4888 quorum

229 4911 445 4989 nominibus
464 4938 545 4989 non
568 4911 717 5002 recolit,
745 4929 783 4988 et
802 4911 895 4990 dixit
918 4940 986 5018 per
1004 4913 1262 5020 juramentum
1289 4941 1401 4989 suum
1421 4912 1541 5020 quod,
1569 4928 1654 5016 post
