4236 5948
629 525 824 616 procas
852 544 945 615 oss
973 542 1275 626 annectens.
1616 545 1663 618 rs

219 731 305 780 nec
326 702 397 778 scit
416 700 510 807 quid
530 702 672 790 credat,
696 731 742 778 an
767 702 934 808 predicta
954 702 1082 779 illicita
1102 703 1159 780 vel
1179 703 1250 781 alia
1270 705 1538 781 intervenirent
1562 733 1666 781 com-

96 831 99 834 ⁴
221 832 405 909 muniter
425 830 464 907 in
484 831 767 937 recepcionibus
785 832 963 922 aliorum,
980 833 1038 909 vel
1053 851 1150 939 post.
1171 835 1266 911 ltem
1280 834 1371 910 dixit
1391 862 1429 910 se
1450 833 1564 911 luisse
1576 862 1666 911 con-

220 960 377 1038 fessum
395 961 445 1037 de
462 960 640 1066 predictis
656 962 846 1038 erroribus
867 962 962 1039 inlra
979 962 1197 1069 quindecim
1213 964 1294 1040 dies
1314 993 1333 1039 a
1349 965 1565 1070 recepcione
1581 993 1663 1054 sua,

222 1094 277 1167 in
297 1089 438 1196 capella
461 1089 560 1166 dicte
582 1091 719 1167 domus
740 1092 787 1168 de
807 1093 1000 1185 Morlenis,
1022 1093 1124 1170 dicto
1140 1092 1242 1169 fratri
1265 1092 1426 1169 lohanni
1451 1095 1497 1171 de
1517 1097 1626 1183 Naris,
1647 1124 1667 1170 a

222 1248 314 1329 quo
335 1218 530 1297 absolutus
548 1221 704 1309 exstitit,
732 1222 906 1329 imposita
933 1222 1004 1299 sibi
1024 1223 1237 1329 penitencia
1262 1223 1366 1328 quod
1387 1223 1563 1330 deinceps
1588 1251 1665 1301 non

227 1368 338 1428 esset
356 1350 397 1427 in
415 1348 500 1426 loco
520 1350 560 1424 in
576 1379 654 1457 quo
671 1351 759 1427 talia
780 1351 915 1427 fierent
935 1369 972 1428 et
987 1353 1092 1458 quod
1114 1380 1156 1428 ea
1177 1380 1254 1428 non
1276 1351 1427 1442 laceret,
1448 1372 1486 1431 et
1504 1373 1668 1462 quatuor

230 1480 351 1558 sextis
374 1479 477 1557 seriis
501 1480 688 1556 camisiam
710 1509 787 1558 non
809 1466 986 1587 portaret.
1010 1483 1117 1571 Item,
1136 1481 1229 1559 dixit
1250 1482 1355 1589 quod
1373 1482 1472 1561 bene
1491 1485 1667 1562 credebat

233 1609 498 1688 ecclesiasticis
518 1612 774 1699 sacramentis,
801 1612 958 1688 credens
980 1611 1086 1718 quod
1113 1612 1174 1687 alii
1199 1611 1332 1690 fratres
1361 1613 1503 1691 ordinis
1530 1615 1678 1693 eodem·

237 1742 358 1819 modo
378 1741 592 1833 crederent,
619 1742 783 1855 et'quod
809 1770 940 1819 corum
967 1743 1179 1820 sacerdotes
1205 1743 1331 1820 debite
1355 1743 1608 1834 celebrarent;
1631 1764 1668 1823 et

236 1872 333 1948 vidit
352 1901 373 1948 a
392 1871 569 1949 fratribus
589 1871 733 1950 ordinis
748 1901 897 1950 crucem
915 1873 954 1948 in
975 1873 1036 1949 die
1052 1874 1208 1952 Veneris
1221 1891 1344 1950 sancta
1361 1873 1494 1951 devote
1512 1892 1549 1951 et
1563 1905 1668 1953 reve·

240 2018 379 2094 renter,
399 2001 674 2088 calceamentis,
698 2002 860 2108 capuciis
885 2019 922 2078 et
942 2002 1066 2109 pilleis
1085 2002 1281 2108 depositis,
1305 2003 1409 2079 flexis
1428 2003 1605 2112 genibus,
1628 2007 1667 2081 in

241 2131 429 2209 honorem
450 2131 603 2221 Christi,
621 2132 808 2210 adhorari.
828 2133 962 2210 Statim
983 2162 1051 2239 pro
1071 2132 1246 2238 professis
1266 2132 1512 2212 habebantur.
1540 2136 1668 2212 Januis

243 2260 387 2348 clausis,
410 2260 525 2339 nullis
545 2261 783 2368 presentibus
803 2263 873 2339 nisi
890 2261 1067 2340 fratribus
1088 2263 1242 2354 ordinis,
1263 2263 1553 2370 recipiebantur.
1574 2265 1666 2343 Cor·

248 2393 344 2470 doli-s
359 2392 463 2470 unde
482 2392 660 2469 volebant
680 2394 881 2500 assumptis
900 2392 1146 2500 cingebantur
1163 2421 1277 2499 super
1297 2393 1567 2495 camisias—cum
1583 2397 1670 2503 qui—

247 2523 316 2600 bus
322 2522 509 2631 jacebant,
527 2551 573 2600 ne
591 2524 642 2599 ita
658 2521 776 2600 libere
793 2522 1054 2630 contingerent
1069 2551 1219 2600 carnem
1235 2540 1353 2600 suam.
1372 2524 1588 2631 lnjunctum
1599 2524 1670 2603 fuit

248 2654 291 2742 ei,
313 2670 351 2729 et
371 2652 490 2730 credit
506 2653 612 2760 quod
628 2651 711 2730 aliis
732 2652 1008 2762 injungebatur,
1031 2681 1078 2728 ne
1101 2652 1310 2730 revelarent
1330 2672 1470 2732 secreta
1490 2656 1670 2763 capitulo-

248 2812 341 2870 rum,
360 2782 408 2860 de
429 2783 544 2860 modo
562 2783 795 2888 recepcionis
815 2781 919 2859 nulla
939 2781 1089 2888 speciali
1111 2781 1236 2858 habita
1257 2784 1472 2876 mencione,
1492 2802 1531 2862 et
1550 2787 1670 2864 credit

248 2912 348 3018 quod
359 2912 427 3020 qui
439 2913 662 2991 revelassent
672 2913 797 3020 puniti
806 2911 978 2998 luissent,
995 2911 1113 3011 nescit
1123 2910 1296 3019 qualiter.
1313 2912 1465 2990 Audivit
1475 2914 1548 2991 dici
1564 2917 1669 3023 quod

249 3042 385 3149 absque
407 3042 562 3121 licencia
582 3071 660 3121 non
684 3058 858 3150 poterant
879 3040 950 3119 nisi
971 3041 1229 3119 sacerdotibus
1255 3040 1399 3118 ordinis
1419 3043 1603 3123 confiteri.
1629 3048 1668 3125 si

250 3175 312 3279 qui
332 3189 439 3251 erant
455 3172 586 3252 fratres
602 3174 761 3251 scientes
781 3199 926 3249 errores
940 3171 1145 3277 predictos,
1162 3170 1315 3249 fuerunt
1331 3171 1564 3280 negligentes
1583 3176 1670 3280 quia

252 3332 324 3381 non
336 3318 578 3382 correxerunt
587 3330 730 3380 cosnec
739 3302 1061 3380 denunciaverunt
1070 3300 1246 3378 Ecclesie.
1256 3300 1386 3380 Dictus
1399 3300 1512 3379 frater
1526 3302 1670 3381 Rober·

251 3450 309 3510 tus
327 3434 501 3540 precepit
515 3433 641 3510 eidem
660 3434 746 3510 testi
767 3433 806 3509 in
827 3433 926 3508 dicta
947 3434 1061 3509 domo
1083 3431 1130 3508 de
1151 3431 1303 3509 Roseria
1322 3431 1428 3537 quod
1448 3431 1671 3512 elemosinas

251 3582 286 3639 et
298 3563 587 3671 hospitalitatem
605 3562 735 3641 debito
751 3564 866 3640 modo
883 3579 1055 3650 servaret,
1074 3579 1111 3638 et
1126 3591 1186 3639 eas
1201 3562 1294 3638 vidit
1309 3563 1575 3641 convenienter
1587 3564 1670 3641 fieri

253 3713 286 3770 et
305 3695 441 3773 servari
461 3695 501 3772 in
521 3695 698 3772 domibus
719 3695 757 3769 in
777 3693 917 3800 quibus
943 3693 1064 3770 extitit
1084 3709 1347 3782 commoratus,
1370 3710 1408 3769 et
1428 3692 1671 3772 inhibebatur

252 3829 303 3902 eis
320 3853 368 3903 ne
390 3853 521 3904 eornm
536 3824 677 3901 vicinos
698 3841 932 3931 agravarent,
960 3841 998 3900 et
1017 3852 1064 3899 ne
1085 3821 1254 3899 indebite
1275 3821 1400 3899 ordini
1418 3824 1666 3930 acquirerent,

252 3974 291 4031 ut
314 3955 457 4035 audivit
476 3956 562 4033 dici.
591 3954 713 4042 Clam,
735 3952 850 4030 nullis
876 3951 1115 4058 presentibus
1135 3952 1207 4028 nisi
1228 3951 1406 4029 fratribus
1427 3953 1586 4045 ordinis,
1608 3980 1672 4031 eo·

252 4114 333 4161 rum
357 4085 531 4192 capitolia
549 4081 787 4161 tenebantur.
818 4081 948 4158 Credit
968 4082 1072 4188 quod
1101 4082 1174 4158 lata
1200 4096 1336 4158 statuta
1357 4109 1426 4186 per
1450 4081 1670 4189 Magistrum

252 4242 335 4290 cnm
357 4232 543 4291 conventu
563 4211 723 4295 luissent
741 4227 881 4288 servata
901 4211 940 4286 in
962 4228 1042 4289 toto
1061 4211 1210 4298 ordine,
1231 4226 1358 4286 contra
1380 4237 1494 4317 quem
1515 4209 1669 4317 grandia

253 4343 439 4433 scandala,
454 4345 615 4451 suspicio
632 4360 670 4420 et
690 4340 842 4418 infamia
861 4357 946 4447 post
966 4369 1096 4417 eorum
1116 4339 1332 4446 capcionem
1355 4357 1443 4417 sunt
1463 4357 1604 4428 exorta,
1622 4339 1670 4417 ad

252 4476 356 4582 cujus
371 4473 643 4552 deffensionem
662 4500 701 4550 se
723 4499 800 4547 non
816 4470 1017 4548 obtulerat.
1040 4471 1113 4546 Nec
1130 4470 1182 4545 sic
1199 4468 1426 4574 deposuerat
1443 4498 1570 4576 prece,
1587 4497 1672 4577 pre·

252 4621 373 4710 cepto,
394 4603 543 4691 timore,
566 4630 706 4693 amore,
728 4602 830 4692 odio,
849 4600 1050 4706 temporali
1067 4598 1228 4678 comodo
1248 4597 1377 4676 habito
1397 4597 1454 4677 vel
1475 4588 1668 4688 babendo,

253 4733 317 4808 scd
341 4759 410 4837 pro
435 4733 588 4809 veritate
614 4731 788 4821 dicenda,
813 4747 858 4807 ut
878 4729 984 4820 dirit3
1013 4745 1051 4805 et
1071 4726 1144 4804 fuit
1162 4743 1389 4834 protestatus
1411 4748 1496 4810 ante
1521 4730 1671 4837 deposi-

337 4871 443 4932 raocis
465 4891 517 4932 nes
539 4890 805 4932 renarrans-rr.
1290 4927 1294 4935 ,
1526 4890 1543 4948 7
