4236 5948
497 539 570 609 eso
889 516 1084 609 rnocts
1110 536 1206 609 nus
1233 538 1536 614 reuertens,

493 694 566 765 tur,
582 675 698 755 nullis
717 675 954 782 presentibus
969 677 1039 754 nisi
1054 677 1230 755 fratribus
1249 678 1403 769 ordinis,
1422 688 1555 788 ex'quo
1571 680 1690 759 credit
1702 683 1808 791 quod
1821 705 1919 763 esset

493 806 655 914 suspici-o
675 824 804 884 contra
823 835 897 883 eos.
925 806 1102 884 Cordulis
1125 807 1228 884 unde
1255 807 1432 886 volebant
1448 810 1647 916 assumptis
1669 811 1918 920 cingebantur

492 966 606 1044 super
620 938 788 1016 camisias
807 967 893 1015 cum
915 937 1054 1042 quibus
1064 937 1248 1044 jacebant.
1266 938 1444 1017 Nolentes
1463 940 1582 1018 lacere
1599 941 1764 1047 predicta
1785 942 1915 1022 illicita

492 1068 694 1146 confessata
715 1098 782 1175 per
807 1098 892 1145 eum
912 1067 1068 1146 luissent
1088 1069 1321 1160 incarcerati,
1340 1088 1383 1148 ut
1402 1070 1542 1148 audivit
1562 1071 1652 1158 dici,
1670 1088 1708 1148 et
1728 1072 1794 1179 qui
1812 1102 1915 1151 reve·

489 1198 629 1277 lassent
653 1216 792 1275 secreta
812 1199 1094 1306 capituliorum,
1123 1201 1283 1308 graviter
1300 1200 1423 1308 puniti
1451 1201 1619 1280 luissent.
1644 1204 1792 1280 Fratres
1817 1232 1914 1310 quos

491 1330 609 1407 credit
623 1330 770 1407 scivisse
785 1342 930 1406 errores
950 1328 1177 1407 confessatos
1196 1358 1366 1436 pereum
1382 1330 1536 1408 luerunt
1555 1331 1802 1440 negligentes,
1824 1337 1913 1442 quia

488 1488 565 1536 non
587 1477 828 1538 correxerunt
857 1488 921 1537 eos
949 1489 1018 1537 nec
1042 1460 1363 1538 denunciaverunt
1387 1461 1563 1540 Ecclesie.
1595 1462 1848 1543 Elemosinam
1876 1484 1921 1566 et

490 1590 780 1696 hospitalitatem
796 1590 888 1668 vidit
903 1591 1169 1668 convenienter
1190 1589 1272 1668 lieri
1294 1607 1332 1668 ot
1348 1593 1482 1669 servari
1504 1594 1543 1669 in
1566 1593 1743 1672 domibus
1768 1595 1911 1673 ordinis

489 1721 687 1828 inquibus
710 1720 850 1798 exstitit
871 1739 1137 1799 commoratus.
1168 1721 1320 1799 Audivit
1343 1723 1416 1800 dici
1445 1723 1549 1831 quod
1577 1751 1709 1800 eorum
1737 1724 1910 1831 capitulla

489 1853 586 1928 clam·
598 1853 837 1930 tenebantur.
856 1852 985 1931 Credit
1007 1853 1110 1958 quod
1123 1869 1226 1930 totus
1244 1853 1339 1930 ordo
1354 1871 1532 1932 servasset
1552 1854 1723 1931 ordinata
1746 1882 1816 1960 per
1835 1852 1910 1933 Me·

488 1983 647 2088 gistrum
666 2012 750 2059 cum
768 2000 971 2074 conventu,
999 1999 1037 2060 et
1051 1984 1156 2089 quod
1174 2010 1276 2059 nunc
1295 1983 1450 2090 grandia
1478 1981 1664 2074 scaudala,
1695 1983 1858 2089 suspicio
1874 2004 1912 2063 et

488 2111 637 2190 iufamia
658 2131 744 2191 sunt
760 2130 885 2191 exorta
906 2131 1032 2190 contra
1049 2113 1241 2202 ordinem,
1259 2131 1388 2190 contra
1407 2142 1522 2220 quem
1544 2114 1665 2190 dictus
1678 2112 1910 2220 Magisteret

489 2242 548 2320 alii
571 2245 748 2320 dicuntur
768 2244 888 2350 aliqua
913 2242 1026 2322 luisse
1054 2243 1234 2337 consessi3
1261 2244 1308 2320 ad
1335 2244 1442 2354 cujus
1467 2245 1612 2321 ordinis
1634 2241 1908 2322 deffensionem

487 2401 526 2449 se
546 2401 622 2451 non
644 2375 845 2462 obtulerat,
869 2401 937 2450 nec
957 2372 1077 2450 luerat
1091 2374 1189 2451 ultra
1208 2402 1321 2450 mare.

519 2554 523 2562 ·
542 2504 757 2611 Requisitus
770 2505 800 2581 si
814 2505 866 2582 sic
882 2505 1108 2611 deposuerat
1117 2532 1239 2611 prece,
1260 2517 1453 2610 precepto,
1472 2505 1620 2595 timore,
1637 2532 1782 2594 amore,
1799 2506 1907 2593 odio,

483 2630 542 2711 vel
562 2635 760 2740 temporali
777 2635 939 2712 comodo
953 2635 1082 2712 habito
1096 2634 1155 2712 vel
1176 2634 1370 2724 babendo,
1390 2634 1587 2740 respoudit
1604 2633 1711 2741 quod
1726 2662 1818 2724 uon,
1841 2638 1908 2714 sed

485 2765 725 2874 proteritate
747 2765 928 2858 dicenda;
950 2766 1010 2842 cui
1035 2765 1107 2843 luit
1130 2765 1344 2873 injunctum
1369 2765 1474 2872 quod
1501 2793 1578 2842 non
1604 2763 1785 2842 revelaret
1811 2765 1907 2842 hanc

483 2921 589 2971 suam
607 2896 907 3002 deposicionem‚
930 2924 1130 3004 quousque
1147 2896 1407 2976 attestaciones
1419 2895 1562 2973 luerint
1574 2894 1780 3001 publicate;
1803 2912 1842 2973 et
1859 2897 1907 2972 vi·

459 3108 462 3113 ,
484 3023 644 3104 debatur
663 3056 742 3107 esse
759 3028 865 3106 valde
887 3027 1061 3134 simplex,
1083 3026 1317 3135 intelligebat
1331 3045 1458 3105 tamen
1474 3027 1661 3103 Latinum.

537 3297 626 3371 Post
646 3297 716 3372 hec
742 3294 897 3372 fuerunt
915 3296 1066 3373 adducti
1082 3324 1151 3401 pro
1167 3293 1346 3382 testibus,
1364 3291 1412 3368 ad
1428 3288 1662 3397 presenciam
1682 3289 1905 3368 eorumdem

484 3426 727 3504 dominorum
742 3425 1101 3515 commissariorum,
1117 3423 1248 3501 fratres
1260 3423 1451 3500 lohannes
1463 3420 1510 3496 de
1523 3418 1722 3505 Noviomo,
1737 3420 1906 3497 Bertran·

483 3557 554 3634 dus
574 3554 694 3635 Gnasc
716 3556 969 3633 Rutlrenensis
990 3574 1028 3633 et
1047 3554 1276 3635 Guillelmus
1303 3550 1507 3631 Cardalhac
1534 3549 1798 3626 Convenarum
1822 3549 1905 3628 dio-

482 3688 639 3777 cesium',
651 3687 868 3775 servientes,
879 3687 944 3794 qui
957 3686 1064 3763 tactis
1075 3683 1314 3762 sacrosanctis
1327 3679 1527 3789 evangeliis
1539 3680 1761 3786 juraverunt
1779 3678 1903 3756 dicere

481 3818 673 3897 veritatem
695 3819 845 3925 plenam
867 3834 904 3895 et
924 3845 1066 3895 meram
1087 3816 1124 3891 in
1144 3815 1215 3892 isto
1232 3814 1400 3921 negocio,
1411 3811 1622 3890 secundum
1632 3808 1794 3886 formam
1799 3809 1903 3918 jura·

482 3950 600 4027 menti
613 3949 775 4029 aliorum
787 3949 940 4027 testium
959 3947 1133 4056 superins
1148 3945 1400 4054 registratam,
1422 3941 1626 4049 expositam
1647 3956 1685 4016 et
1700 3937 1902 4046 vulgariza-

430 4130 435 4141 ·
479 4101 556 4160 tarn
577 4080 732 4162 eisdem.

535 4346 623 4440 Quo
654 4344 766 4434 lacto,
794 4342 916 4419 dictus
944 4339 1057 4418 frater
1082 4338 1311 4419 Guillelmus
1343 4334 1390 4414 de
1422 4334 1647 4420 Cardalhac,
1677 4332 1901 4410 mantellum

479 4474 681 4562 defferens,
696 4472 852 4551 barbam
865 4501 985 4549 rasam
1001 4470 1160 4561 habens,
1181 4494 1273 4547 xxxv
1299 4492 1483 4545 annorum
1501 4463 1561 4541 vel
1580 4464 1693 4551 circa,
1716 4490 1804 4538 cum
1824 4488 1900 4567 quo

479 4602 702 4711 inquisitum
713 4603 835 4679 fuerat
849 4630 917 4708 per
932 4601 1130 4678 dominum
1147 4599 1365 4706 episcopum
1381 4595 1644 4684 Parisiensem,
1663 4591 1770 4668 lectis
1789 4606 1827 4668 et
1843 4588 1900 4666 di-

478 4735 639 4844 ligenter
664 4734 840 4840 expositis
863 4732 935 4810 sibi
965 4732 1142 4810 omnibus
1170 4747 1209 4807 et
1235 4727 1393 4836 singulis
1425 4726 1605 4814 articulis,
1637 4720 1834 4828 respondit
1861 4748 1900 4798 se

478 4867 638 4958 nescire,
659 4894 729 4943 nec
741 4865 915 4954 credere,
933 4891 1003 4940 nec
1020 4862 1205 4940 audivisse
1219 4861 1293 4938 dici
1312 4859 1361 4937 de
1376 4858 1561 4937 contentis
1573 4856 1613 4933 in
1633 4854 1687 4932 eis
1706 4852 1777 4931 nisi
1796 4850 1902 4959 quod
