4236 5948
473 549 545 623 aas
859 522 1056 616 enecas
1081 540 1177 611 nus
1202 526 1502 616 renarrans.

471 689 675 767 astantibus
702 683 965 764 bartholomeo
994 684 1041 759 de
1067 681 1178 758 Turri
1210 677 1418 783 capellano,
1444 671 1608 762 Arnaldo
1639 669 1764 749 Recha
1798 697 1896 745 cam·

471 821 613 909 brerio‚
634 816 773 905 Jacobo
789 817 836 892 de
852 814 998 913 Oleriis
1002 811 1181 891 fratribus
1200 800 1288 886 di'cti
1305 807 1464 892 ordinis,
1486 821 1524 881 et
1544 801 1715 908 pluribus
1733 798 1816 879 aliis
1829 797 1896 874 sra-

544 950 649 1069 psid
651 967 704 1004 Μ’
691 946 870 1026 ordinis.
954 976 970 993 ··

473 951 1388 1184 nntiini’r‘iffltffimmmmnus
1331 1096 1416 1145 cum
1436 1094 1481 1143 eo
1471 1004 1642 1201 recepti
1646 1061 1894 1183 recepcione,

472 1262 581 1341 supra
602 1229 777 1336 deposuit
792 1256 916 1304 coram
938 1224 1048 1303 nobis
1062 1225 1349 1332 inquisitoribus
1367 1183 1571 1330 prelibatis.

442 1414 487 1463 ‚0
527 1365 585 1438 Ad
607 1361 756 1448 lxxxvii,
784 1359 928 1434 Ιιιιιιιιιι
954 1374 992 1432 et
1016 1356 1194 1432 ultimum
1221 1353 1409 1445 articulos.
1423 1353 1623 1463 diligenter
1647 1373 1684 1433 et
1708 1355 1896 1462 sigillatim

472 1495 736 1599 interrogatus,
753 1482 986 1595 respondens
996 1487 1159 1594 negarit,
1176 1503 1216 1562 at
1226 1485 1320 1562 dixit
1335 1514 1373 1562 se
1386 1514 1455 1562 nec
1470 1486 1563 1564 scire
1576 1514 1646 1562 nec
1657 1487 1811 1566 eredere
1829 1516 1897 1565 uec

472 1621 656 1698 audivisse
666 1621 878 1727 aliquatoto
888 1617 1140 1722 temporevite
1149 1617 1264 1694 suein
1273 1616 1374 1693 dicto
1385 1613 1518 1695 ordine
1527 1615 1574 1693 de
1588 1617 1771 1694 contentis
1781 1618 1821 1695 in
1830 1619 1894 1697 eis.

525 1754 650 1858 Super
661 1750 744 1826 aliis
756 1777 844 1826 vero
859 1746 1156 1825 circumstanciis
1171 1764 1210 1824 et
1226 1745 1495 1835 coherentibus
1511 1745 1679 1825 articulis
1700 1743 1896 1852 premnbu·

471 1881 517 1959 lis
537 1881 741 1987 requisitus
768 1897 805 1956 et
830 1878 1029 1986 diligenter
1052 1877 1316 1982 interrogatus,
1338 1892 1377 1952 et
1395 1904 1447 1957 an
1466 1874 1590 1982 aliqua
1612 1904 1685 1983 que
1710 1879 1896 1984 negaverit

471 2012 640 2089 confiteri
662 2009 750 2086 velit
770 2027 808 2085 et
826 2007 930 2084 aliud
951 2008 1074 2083 dicere
1098 2007 1201 2113 quod
1225 2006 1398 2111 superius
1419 2004 1469 2083 sit
1487 2005 1720 2094 testificatus,
1743 2007 1836 2091 dixit
1856 2037 1894 2087 se

471 2142 564 2223 velle
586 2141 781 2247 persistere
801 2139 841 2214 in
861 2139 1096 2244 interrogatis
1116 2155 1154 2214 et
1172 2163 1251 2213 ase
1269 2135 1473 2241 responsis,
1498 2164 1619 2244 neque
1640 2136 1733 2217 velle
1756 2138 1894 2217 addere

471 2270 528 2346 vel
549 2267 747 2346 detrahere
767 2267 1002 2373 supradictis.
1047 2329 1049 2333 ,
1653 2280 1656 2287 ’

528 2400 629 2476 Dixit
650 2399 766 2474 eciam
792 2426 832 2473 se
857 2396 995 2473 habere
1021 2395 1188 2474 officium
1211 2396 1368 2477 indicta
1395 2395 1513 2477 domo
1532 2397 1651 2479 Mauri
1678 2398 1763 2479 Dei*
1773 2414 1894 2475 custo

472 2530 599 2606 diendi
629 2528 794 2634 pecudes
823 2545 861 2603 et
885 2555 1018 2631 pecora
1045 2543 1083 2602 et
1104 2526 1278 2633 jumenta
1300 2524 1528 2631 pertinencia
1557 2527 1608 2605 ad
1631 2510 1790 2609 domum
1813 2557 1894 2634 pre·

472 2659 619 2736 dietam.

521 2921 632 3012 ⁴duno
644 2936 692 2996 et
710 2919 772 2995 die
792 2917 932 3025 ‹puibns
950 2913 1073 3024 supra,

526 3050 620 3128 XVl.
641 3051 771 3125 Frater
795 3048 1037 3156 Raymundns
1063 3049 1263 3125 Descarme
1292 3047 1445 3141 'ordinis‘
1466 3046 1556 3126 dicti
1584 3049 1732 3156 Templi
1761 3050 1893 3129 domus

471 3181 587 3257 blansi
604 3179 690 3268 Dei,
708 3179 812 3259 testis
826 3178 973 3284 juratus
991 3178 1037 3254 ad
1050 3194 1176 3257 sancta
1195 3178 1266 3257 Dei
1284 3177 1479 3284 Evangelia
1495 3207 1610 3284 super
1622 3178 1798 3285 predictis
1815 3183 1896 3265 uti·

471 3311 564 3387 culis
584 3327 622 3387 et
637 3337 771 3387 eorum
786 3308 958 3413 quolibet
977 3307 1050 3385 sibi
1066 3306 1241 3413 expositis
1252 3308 1298 3384 'in
1311 3305 1476 3414 uulgari,
1497 3325 1540 3386 ut
1552 3306 1771 3415 'principalis
1788 3282 1838 3387 de
1854 3340 1893 3389 se

470 3441 569 3546 ipso,
586 3456 682 3515 etut
694 3438 799 3515 testis
818 3438 865 3514 de
881 3437 980 3526 aliis,
998 3436 1197 3543 diligenter
1208 3454 1246 3515 et
1257 3435 1446 3543 sigillatim
1460 3437 1726 3546 interrogatus,
1741 3469 1894 3548 respon-

470 3570 565 3646 dens
585 3570 632 3645 ad
653 3570 832 3674 primum,
855 3595 1041 3645 n-—xxxtx
1065 3568 1241 3647 articulos
1255 3568 1449 3658 includite,
1468 3560 1614 3676 negavit
1634 3599 1698 3649 eos
1714 3588 1751 3648 et
1767 3573 1893 3650 omnia

471 3717 508 3774 et
522 3699 665 3807 singula
682 3715 854 3775 contenta
873 3699 911 3773 in
927 3699 997 3788 eis3
988 3699 1115 3777 saluo
1134 3699 1266 3805 qnod
1257 3728 1337 3805 1pse
1356 3724 1424 3806 qut
1412 3698 1609 3822 loquitur
1629 3717 1667 3776 et
1689 3702 1801 3778 ceteri
1822 3701 1893 3778 fra·

470 3846 545 3905 tres
561 3830 649 3905 dicti
667 3828 812 3906 ordinis
826 3856 925 3935 quos
939 3827 1140 3907 familiares
1159 3828 1309 3959 habuit,
1331 3848 1373 3908 et
1388 3828 1491 3907 idem
1509 3830 1628 3909 credit
1647 3830 1695 3913 de
1716 3832 1893 3910 omnibus

470 3958 551 4035 aliis
578 3958 754 4053 iratribus
777 3958 949 4066 ejusdem
974 3959 1133 4047 ordinis,
1156 3916 1277 4036 untim
1300 3961 1424 4037 Deum
1449 3977 1486 4037 et
1507 3961 1713 4039 Dominum
1738 3954 1892 4040 Jhesum

470 4087 656 4165 Christum
684 4089 843 4165 credunt
868 4087 982 4166 luisse
1005 4115 1154 4195 passum
1176 4117 1244 4196 pro
1263 4091 1528 4197 redempcione
1551 4090 1704 4171 hnmani
1726 4092 1889 4199 generis,

469 4245 545 4294 non
560 4219 719 4323 proauis
736 4217 955 4307 sceleribus,
972 4247 1056 4325 que
1068 4248 1260 4326 nunquam
1272 4220 1412 4310 babuit
1430 4250 1499 4298 nec
1517 4221 1681 4312 tamisim
1699 4248 1768 4326 pro
1788 4224 1892 4329 cujus

470 4348 614 4426 honore
635 4348 705 4453 ipsi
722 4348 853 4425 fratres
870 4377 1018 4426 crucem
1041 4350 1195 4427 adorant
1213 4351 1370 4457 singulis
1385 4351 1492 4429 annis
1510 4369 1579 4429 ter.

524 4478 653 4556 Credit
673 4480 788 4555 eciam
807 4497 1033 4557 sacramenta
1050 4480 1173 4558 altaris
1185 4510 1315 4558 verum
1334 4510 1429 4573 esse,
1444 4482 1596 4561 etidem
1614 4483 1734 4560 credit
1749 4482 1797 4558 de
1809 4481 1891 4559 aliis

467 4607 628 4686 Ecclesie
648 4611 902 4699 sacramentis,
919 4629 957 4689 et
972 4611 1012 4687 in
1030 4610 1084 4688 ais
1099 4611 1256 4690 salutem
1274 4612 1427 4689 humani
1446 4613 1593 4720 generis
1609 4613 1804 4691 contineri.
1868 4707 1872 4713 ι

524 4739 624 4816 Dixit
639 4740 755 4816 eciam
770 4768 809 4817 sa
824 4732 977 4821 credere
991 4742 1094 4848 quod
1109 4758 1178 4821 na'c
1196 4750 1352 4854 magnus
1367 4744 1542 4851 Magister
1556 4772 1626 4821 nec
1639 4743 1760 4851 quiris
1774 4742 1887 4828 alius,
