4236 5948
727 531 923 623 aaocxs
949 549 1044 620 nas
1070 549 1368 623 rsurmans.
1687 555 1759 626 am

339 691 457 768 nimia
471 707 667 778 vetustate,
690 708 727 768 et
746 693 913 798 precepit
932 689 1004 767 sibi
1024 689 1128 796 quod
1148 711 1299 799 spueret
1318 719 1427 797 supra
1451 717 1548 780 eam,
1575 691 1662 796 quia
1681 692 1762 768 talis

340 842 418 901 erat
437 819 575 898 modus
590 822 747 911 ordinis,
771 841 812 899 ut
829 822 993 912 dicebat3
1013 839 1051 898 et
1069 821 1148 927 ipse
1166 839 1257 900 tunc
1274 822 1420 929 fingens
1434 838 1502 909 ter,
1520 821 1567 897 de
1585 841 1762 928 precepto

269 989 273 995 ·
341 953 430 1031 dicti
448 951 678 1058 recipientis,
696 981 830 1058 spuere
847 981 957 1058 supra
974 980 1138 1055 crucem,
1162 954 1262 1058 spuit
1276 954 1323 1029 ad
1342 970 1492 1029 terram.
1504 953 1552 1028 Et
1564 970 1691 1057 postea
1708 955 1763 1029 di-

340 1102 421 1161 ctus
435 1083 620 1189 recipiens
638 1083 741 1160 duxit
756 1111 845 1161 eum
864 1085 903 1160 in
921 1082 1082 1189 quadam
1095 1110 1241 1160 camera
1253 1084 1356 1190 juxta
1373 1082 1565 1188 capellam,
1584 1102 1621 1161 et
1634 1083 1763 1160 ablatis

340 1214 506 1292 vestibus
533 1214 625 1301 suis,
650 1213 736 1290 lecit
756 1242 795 1291 se
815 1213 972 1290 osculari
993 1213 1038 1290 ab
1065 1241 1110 1290 eo
1131 1215 1169 1291 in
1190 1212 1384 1291 umbilico.
1406 1214 1453 1289 Et
1470 1212 1561 1288 dixit
1581 1242 1648 1319 per
1662 1215 1765 1321 jura-

342 1362 509 1422 mentum
537 1373 649 1421 suum
679 1345 880 1450 requisitus
910 1343 1014 1450 quod
1043 1344 1248 1451 injunctum
1279 1344 1349 1421 fuit
1376 1344 1445 1420 sibi
1472 1345 1511 1418 in
1537 1343 1633 1419 dicta
1663 1374 1764 1420 rece-

341 1476 474 1581 pcione
496 1503 562 1552 sua
582 1475 685 1582 quod
704 1476 859 1551 omnino
882 1474 1084 1551 abstineret
1107 1502 1128 1550 a
1147 1473 1385 1562 mulieribus,
1418 1491 1455 1550 et
1474 1474 1578 1580 quod
1605 1474 1636 1550 si
1664 1475 1765 1551 inve-

309 1600 318 1611 ’
341 1607 485 1683 niretur
504 1633 592 1681 cum
611 1604 799 1711 aliquibus
817 1604 1057 1693 mulieribus,
1079 1605 1254 1710 perderet
1274 1603 1494 1680 mantellum
1512 1602 1601 1679 dicti
1621 1604 1764 1680 ordinis

343 1753 381 1812 et
403 1736 630 1840 hospicium
656 1754 693 1812 et
718 1736 810 1812 dixit
833 1734 906 1813 sibi
932 1735 1053 1812 dictus
1074 1735 1260 1842 recipiens
1286 1736 1391 1842 quod
1415 1734 1499 1810 lecti
1521 1733 1677 1810 fratrum
1698 1733 1774 1810 de-'

341 1864 481 1944 bebant
499 1894 577 1943 esse
594 1894 823 1943 communes.
838 1866 1055 1972 Requisitus
1072 1865 1164 1942 dixit
1183 1894 1252 1973 per
1261 1866 1518 1972 juramentum
1536 1892 1647 1941 suum
1661 1866 1765 1971 quod

343 1995 463 2073 credit
485 1996 589 2103 quod
616 2024 746 2072 omnes
773 1995 835 2071 alii
854 1995 988 2072 fratres
1009 1993 1096 2071 dicti
1124 1995 1266 2072 ordinis
1291 2023 1360 2101 per
1385 1993 1493 2070 illum
1514 1993 1669 2069 modum
1690 1996 1764 2072 sint

341 2126 494 2232 recepti.
1004 2214 1007 2219 Ι

398 2258 651 2361 Interrogatus
665 2274 792 2333 utrum
802 2257 853 2348 vi,
869 2275 931 2333 aut
945 2272 1050 2332 metu
1066 2255 1238 2342 carceris,
1260 2272 1550 2342 tormentorum,
1569 2269 1630 2330 aut
1643 2254 1766 2360 aliqua

342 2385 412 2463 alia
429 2386 478 2463 de
493 2414 619 2474 causa,
641 2385 803 2492 aliquam
818 2384 1014 2462 falsitatem
1030 2384 1273 2461 immiscuerit
1284 2384 1327 2503 in
1342 2383 1582 2490 deposicione
1604 2412 1685 2469 sua,
1702 2403 1766 2461 aut

343 2517 533 2593 veritatem
549 2517 721 2607 tacuerit,
744 2516 836 2591 dixit
848 2544 916 2620 per
927 2515 1180 2622 juramentum
1198 2541 1308 2591 suum
1328 2513 1432 2619 quod
1449 2538 1545 2601 n0n3
1563 2512 1678 2588 immo
1694 2541 1765 2615 pu-

343 2673 422 2722 ram
445 2647 585 2722 dixerat
605 2662 642 2724 et
662 2646 844 2752 integram
865 2634 1080 2724 veritatem(

398 2908 493 2982 Item
505 2903 618 2982 frater
629 2904 787 2984 lacobus
808 2907 842 2981 le
863 2905 994 3011 Verjus
1016 2904 1063 2980 de
1080 2901 1201 2980 Rebas
1217 2903 1256 2979 in
1270 2903 1371 2991 Bria,
1387 2930 1537 2979 morans
1551 2902 1651 3009 apud
1666 2903 1765 2979 Fres-

343 3062 499 3142 neyum,
522 3035 657 3111 eodem
677 3036 794 3113 modo
814 3035 1053 3122 constitutus,
1072 3033 1220 3139 juratus
1241 3049 1279 3108 et
1298 3032 1564 3137 interrogatus,
1588 3031 1680 3107 dixit
1698 3061 1765 3135 per

339 3166 597 3272 juramentum
613 3194 725 3242 suum
738 3165 843 3273 quod
857 3164 928 3241 fuit
941 3180 1115 3269 receptus
1131 3162 1232 3269 apud
1248 3161 1521 3240 Coulommiers
1536 3162 1575 3237 in
1591 3162 1687 3252 Bria,
1699 3189 1766 3267 per

343 3293 494 3373 fratrem
512 3295 720 3372 Johannem
743 3295 790 3372 de
810 3294 1007 3373 Moncellis
1026 3309 1286 3399 preceptorem
1305 3292 1468 3370 baillivie
1488 3292 1535 3369 de
1552 3293 1654 3380 Bria,
1676 3320 1766 3397 qua·

345 3426 511 3533 draginta
538 3427 623 3504 anni
652 3426 712 3503 vel
737 3428 831 3503 circa
856 3442 942 3504 sunt
969 3425 1103 3530 elapsi,
1134 3423 1372 3530 presentibus
1401 3422 1513 3500 fratre
1540 3421 1706 3500 Robexto
1731 3422 1765 3498 le

343 3556 489 3633 Fouion
510 3574 729 3660 preceptore
746 3557 843 3633 dicte
865 3557 1017 3647 domus,
1040 3573 1079 3632 et
1098 3553 1323 3661 quibusdam
1345 3553 1427 3632 aliis
1448 3552 1495 3629 de
1516 3581 1678 3660 quorum
1698 3581 1766 3629 no-

343 3685 511 3762 minibus
530 3711 606 3760 non
626 3683 769 3760 recolit.
791 3684 893 3763 Dixit
913 3685 1029 3761 eciam
1053 3712 1122 3789 per
1132 3683 1389 3789 juramentum
1405 3712 1517 3761 suum
1537 3683 1656 3789 quod,
1683 3703 1767 3790 post

343 3812 480 3890 multas
499 3811 764 3918 promissiones
777 3811 824 3890 ab
840 3839 885 3888 eo
903 3810 1016 3888 lacteis
1032 3812 1079 3890 de
1098 3812 1243 3888 statutis
1262 3831 1299 3888 et
1313 3813 1464 3889 secretis
1479 3812 1622 3889 ordinis
1639 3812 1767 3889 obser-

343 3943 489 4033 vandis,
513 3943 634 4021 dictus
654 3942 838 4047 recipiens
861 3942 1026 4019 ostendit
1050 3940 1121 4019 sibi
1142 3941 1344 4048 quamdam
1365 3970 1513 4018 crucem
1533 3957 1697 4018 veterem
1719 3940 1765 4014 de

344 4074 461 4180 ligno,
484 4091 522 4150 et
542 4072 633 4149 dixit
647 4071 718 4149 sibi
736 4071 839 4178 quod
855 4070 1052 4179 oportebat
1066 4070 1171 4178 quod
1188 4089 1340 4178 spueret
1351 4088 1411 4146 ter
1424 4098 1534 4175 supra
1549 4096 1714 4155 crucem;
1729 4088 1766 4145 et

344 4203 417 4280 boc
436 4206 515 4310 ipse
535 4203 635 4280 fecit.
651 4204 901 4310 Interrogatus
921 4202 1073 4279 devoto
1094 4201 1285 4290 castitatis,
1314 4201 1408 4279 dixit
1424 4228 1492 4306 per
1510 4201 1763 4307 juramentum

344 4362 456 4411 suum
475 4333 578 4440 quod
595 4334 802 4441 injunctum
824 4332 894 4410 fuit
913 4333 984 4411 sibi
1003 4332 1108 4440 quod
1125 4331 1205 4439 ipsc
1224 4349 1262 4409 et
1280 4331 1340 4409 alii
1361 4331 1491 4408 lratres
1509 4328 1650 4408 ordinis
1667 4330 1767 4434 jace-

344 4483 428 4542 rent
447 4493 548 4543 unus
566 4493 651 4542 cum
666 4464 758 4557 alio,
780 4465 811 4542 si
829 4465 1057 4571 indigerent3
1079 4463 1147 4541 sed
1166 4491 1242 4541 non
1259 4463 1392 4553 credit,
1418 4481 1461 4540 ut
1480 4462 1571 4538 dixit
1586 4489 1654 4567 per
1667 4462 1766 4567 jura·

343 4613 510 4673 mentum
533 4624 660 4683 suum,
688 4595 792 4703 quod
812 4594 885 4673 fuit
904 4595 1001 4672 mala
1020 4595 1246 4673 intencione.
1268 4596 1516 4703 Interrogatus
1543 4593 1589 4668 de
1616 4591 1760 4678 osculo,

345 4726 437 4804 dixit
450 4752 518 4833 per
526 4727 780 4833 juramentum
796 4756 906 4804 suum
926 4726 1029 4833 quod
1046 4726 1167 4803 dictus
1186 4725 1369 4833 recipiens
1388 4723 1476 4802 fecit
1490 4752 1530 4800 se
1545 4722 1702 4800 osculari
1720 4723 1765 4798 ab

345 4882 390 4933 eo
403 4857 442 4933 in
458 4855 654 4948 umbilic03
669 4874 704 4934 et
718 4857 809 4934 dixit
824 4885 892 4963 per
905 4857 1162 4963 juramentum
1177 4884 1288 4934 suum
1305 4855 1508 4962 requisitus
1522 4853 1625 4962 quod
1638 4853 1766 4959 plures
