4236 5948
723 519 919 613 rnocns
950 537 1047 610 nns
1080 537 1388 611 rennuens.
1697 540 1769 615 197

342 680 500 768 laceret,
524 677 616 754 dixit
636 679 670 755 ei
698 680 820 788 quod,
847 707 890 755 ex
916 706 992 785 quo
1013 679 1239 784 promiserat
1262 678 1439 768 obedire,
1462 679 1659 784 oportebat
1684 709 1772 758 eum

342 813 545 918 abnegare,
567 810 655 916 quia
676 811 727 888 ita
753 810 937 888 iaciebant
956 809 1018 886 alii
1043 808 1173 887 fratres
1193 810 1360 900 ordinis,
1391 826 1429 886 et
1450 825 1540 886 tunc
1562 811 1641 917 ipse
1667 813 1773 890 testis

342 941 537 1047 abnegavit
546 939 672 1017 Deum
688 969 752 1018 ore
766 969 844 1018 non
857 939 990 1028 corde,
1006 957 1050 1017 ut
1066 941 1169 1018 dixit.
1185 942 1316 1019 Postea
1327 939 1495 1046 precepit
1508 940 1541 1017 ei
1550 941 1654 1047 qnod
1669 968 1776 1049 spue-

342 1091 398 1151 ret
418 1099 532 1178 super
552 1071 753 1178 quamdam
780 1098 929 1148 crucem
958 1069 1136 1177 ligneam,
1156 1071 1275 1149 nescit
1304 1099 1373 1176 per
1397 1098 1511 1177 quem
1539 1069 1705 1164 allatam,
1733 1075 1772 1151 in

342 1233 415 1312 qua
441 1201 546 1278 nulla
571 1220 649 1279 erat
670 1231 804 1310 ymago
822 1199 1015 1292 Crucifixi,
1042 1218 1080 1277 et
1105 1202 1184 1308 ipse
1210 1201 1316 1278 testis
1335 1200 1436 1307 spuit
1466 1228 1542 1276 non
1565 1230 1677 1308 supra
1705 1203 1772 1280 sed

338 1334 443 1440 juxta
461 1361 554 1409 eam.
574 1332 677 1410 Dixit
695 1334 850 1440 insuper
869 1332 974 1439 quod
994 1332 1115 1409 dictus
1134 1350 1305 1438 receptor
1324 1331 1396 1408 fuit
1418 1359 1504 1408 eum
1524 1331 1713 1411 osculatus
1730 1336 1771 1412 in

342 1482 492 1568 pectore
502 1491 616 1570 super
625 1481 764 1552 vestes,
787 1482 824 1541 et
843 1464 948 1571 quod
967 1463 1039 1539 alia
1059 1462 1186 1540 illicita
1211 1488 1289 1540 non
1311 1464 1594 1540 intervenerunt
1613 1465 1652 1540 in
1674 1467 1771 1544 dicta

344 1624 409 1672 sua
428 1595 648 1703 receptione
673 1624 743 1672 nec
760 1612 860 1701 post,
885 1613 922 1671 et
939 1594 1058 1670 credit
1078 1594 1181 1700 qnod
1205 1593 1337 1669 eadem
1361 1611 1398 1670 et
1419 1623 1495 1672 non
1517 1594 1587 1671 alia
1608 1597 1769 1675 interve-

342 1726 466 1802 nirent
481 1726 520 1801 in
536 1725 820 1832 recepcionibus
833 1725 993 1801 aliorum
1012 1723 1168 1801 fratrum
1187 1725 1331 1803 ordinis
1349 1725 1407 1802 vel
1426 1744 1522 1830 post.
1544 1728 1654 1814 Item,
1679 1729 1771 1808 dixit

342 1856 446 1962 quod
470 1855 568 1933 bene
593 1858 770 1934 credebat
799 1855 1056 1934 ecclesiasticis
1085 1856 1343 1947 sacramentis,
1365 1873 1404 1932 et
1428 1857 1548 1932 credit
1576 1859 1678 1963 quod
1706 1860 1769 1936 alii

343 1985 473 2064 fratres
493 1987 636 2064 ordinis
652 1988 786 2065 eodem
801 1987 917 2064 modo
936 1988 1152 2076 crederent,
1170 2003 1207 2063 et
1219 1986 1323 2092 quod
1342 2014 1474 2062 eorum
1489 1989 1699 2065 sacerdotes
1711 1991 1770 2068 de·

342 2116 418 2193 bite
439 2116 684 2195 celebrarent.
707 2118 889 2196 Jurabant
906 2117 1079 2193 ordinem
1106 2144 1182 2192 non
1208 2117 1321 2193 exire.
1346 2116 1588 2194 Clandestine
1612 2120 1769 2226 recipie-

342 2246 498 2337 ba'ntur,
521 2247 637 2324 nullis
653 2247 891 2353 presentibus
908 2248 979 2323 nisi
997 2245 1175 2323 fratribus
1191 2246 1353 2338 ordinis,
1374 2275 1417 2322 er
1433 2276 1510 2353 qno
1528 2248 1649 2326 credit
1665 2251 1770 2357 qnod

344 2395 438 2455 esset
457 2378 620 2484 suspicio
641 2395 769 2455 contra
790 2406 865 2454 eos.
888 2376 1067 2455 Cordulis
1089 2377 1192 2453 unde
1219 2375 1394 2454 volebant
1422 2379 1622 2485 assumptis
1645 2380 1770 2490 cinge·

342 2507 480 2586 bantur
494 2537 606 2614 super
626 2509 794 2586 camisias
810 2538 896 2585 cum
922 2507 1061 2614 quibus
1085 2506 1273 2614 jacebant.
1299 2506 1481 2584 durabant
1499 2535 1576 2584 non
1604 2509 1769 2587 revelare

343 2657 481 2717 secreta
501 2639 856 2745 capituliorum‘nec
870 2639 1029 2717 modum
1045 2666 1111 2714 sue
1127 2638 1378 2744 recepcionis3
1400 2639 1430 2715 si
1450 2638 1693 2731 revelassent,
1721 2642 1770 2718 ad

343 2796 476 2872 panem
498 2787 536 2846 et
551 2799 686 2876 aquam
705 2769 852 2846 diucius
865 2769 989 2876 puniti
1006 2767 1174 2845 fuissent.
1200 2770 1347 2845 Fratres
1367 2768 1512 2845 ordinis
1535 2797 1631 2875 quos
1650 2771 1770 2849 credit

343 2899 487 2976 scivisse
512 2927 658 2977 errores
678 2900 903 2977 conlessatos
929 2927 998 3004 per
1018 2927 1106 2974 eum
1132 2898 1289 2974 luerunt
1306 2898 1554 3005 negligentes,
1577 2900 1664 3005 quia
1690 2929 1767 2977 non

344 3048 584 3108 correxerunt
598 3059 662 3108 eos
678 3060 748 3108 nec
765 3029 1087 3107 denunciaverunt
1105 3028 1280 3105 Ecclesie.
1303 3029 1536 3107 Elemosinas
1553 3047 1591 3106 et
1606 3031 1769 3137 hospita-

343 3157 484 3236 litatem
504 3160 597 3236 vidit
611 3161 877 3238 convenienter
890 3158 976 3236 fieri
993 3176 1031 3236 et
1047 3160 1181 3236 servari
1203 3159 1242 3234 in
1268 3159 1444 3237 domibus
1465 3160 1608 3243 ordinis
1628 3162 1667 3237 in
1686 3164 1768 3268 qui·

342 3287 414 3365 bus
440 3288 560 3366 estitit
579 3307 846 3380 commoratus,
870 3307 906 3366 et
930 3288 1002 3366 luit
1025 3287 1096 3366 sibi
1122 3306 1342 3394 preceptum
1364 3288 1469 3394 quod
1497 3286 1623 3364 debite
1644 3292 1769 3396 acqui·

342 3436 441 3495 reret
459 3418 599 3510 ordini,
626 3421 666 3495 in
682 3448 759 3527 quo
776 3432 962 3497 servatum
977 3418 1126 3506 luisset,
1146 3436 1190 3496 ut
1206 3418 1341 3508 credit,
1364 3417 1469 3525 quod
1488 3419 1662 3526 Magister
1681 3451 1767 3497 cum

343 3567 529 3627 conventu
541 3552 740 3628 statuisset.
760 3550 925 3629 Grandia
943 3549 1127 3638 scandala,
1145 3549 1306 3654 suspicio
1318 3567 1355 3626 et
1369 3547 1518 3624 infamia
1534 3567 1623 3625 suut
1642 3569 1768 3628 exorta
1848 3640 1856 3649 ³

343 3706 443 3756 nunc
459 3697 586 3756 contra
602 3682 793 3769 ordinem,
812 3709 832 3756 a
853 3709 929 3786 quo
946 3679 1025 3785 ipse
1040 3680 1146 3756 testis
1162 3697 1315 3785 propter
1331 3680 1428 3756 dicta
1445 3678 1572 3755 illicita
1591 3681 1766 3758 recedere

342 3809 576 3915 proponebat
593 3829 679 3888 ante
697 3811 911 3916 capcionem
928 3837 1055 3898 suam,
1077 3827 1121 3886 ut
1143 3809 1256 3898 dixit,
1277 3827 1404 3885 contra
1419 3838 1533 3914 quem
1551 3809 1673 3887 dictus
1692 3812 1752 3886 Ma

236 3918 239 3923 ⁴
342 3941 456 4044 gister
476 3941 592 4017 etalii
612 3942 789 4019 dicuntur
808 3939 932 4048 aliqua
952 3939 1065 4017 luisse
1085 3938 1263 4028 confessi3
1286 3938 1332 4014 ad
1350 3940 1457 4046 cujus
1477 3936 1766 4017 ordinis'delen·

343 4070 486 4145 sionem
508 4098 547 4147 se
568 4100 644 4148 non
665 4071 863 4149 obtulerat.

398 4200 615 4306 Requisitus
632 4203 661 4279 si
678 4203 730 4278 sic
746 4204 971 4308 deposuerat
986 4229 1113 4308 prece,
1129 4220 1318 4310 precepto,
1334 4202 1483 4291 timore,
1500 4229 1637 4289 amore,
1657 4202 1762 4291 odio,

343 4328 398 4405 vel
415 4331 614 4434 temporali
635 4330 796 4408 comodo
817 4330 945 4408 habito
960 4330 1018 4408 vel
1038 4331 1232 4421 habendo,
1250 4333 1444 4438 respondit
1463 4331 1568 4440 quod
1587 4359 1680 4421 non,
1697 4333 1766 4409 sed

344 4487 409 4562 pro
422 4460 576 4537 veritate
589 4461 768 4551 dicenda;
785 4461 843 4537 cui
855 4460 927 4538 fuit
936 4462 1146 4570 injunctum
1157 4463 1262 4569 quod
1271 4462 1643 4540 nonrevelarethanc
1655 4489 1763 4538 suam

345 4588 645 4694 deposicionem,
666 4620 864 4698 quousque
888 4593 1144 4670 attestaciones
1167 4592 1306 4669 fuerint
1325 4591 1523 4697 publicate.

399 4717 488 4795 Acta
511 4719 665 4798 fuerunt
685 4722 755 4798 hec
770 4722 880 4798 dictis
898 4722 959 4799 die
981 4741 1018 4800 et
1035 4723 1135 4809 loco,
1152 4721 1388 4828 presentibus
1405 4722 1581 4828 magistro
1594 4719 1766 4811 ‘Amisio,

346 4875 403 4923 me
425 4849 679 4931 Floriamonte
699 4852 912 4940 Dondedei,
930 4870 968 4930 et
989 4853 1072 4931 aliis
1089 4852 1242 4933 notariis
1259 4881 1370 4958 supra
1388 4853 1525 4930 ultimo
1544 4852 1760 4937 nominatis,
1823 4837 1831 4850 ⁸
