4236 5948
312 509 415 580 aaa
606 448 608 452 ’
722 482 919 577 moces
941 501 1047 575 ‘ons
1078 502 1381 577 raucorum.

336 645 483 746 ⁴audivit
508 642 582 720 dici
605 644 712 748 quod
731 644 820 722 dicti
838 662 916 722 tres
935 642 1068 720 fratres
1083 642 1269 732 fecerunt,
1298 662 1335 721 et
1353 643 1458 750 quod
1476 642 1537 720 alii
1554 642 1686 724 fratres
1703 677 1765 726 or-

341 777 441 854 dinis
458 774 713 852 communiter
727 773 891 852 facerent
907 774 1197 881 abnegacionem
1213 773 1422 880 predictam
1441 774 1595 882 ubique,
1612 805 1765 884 respon·

342 909 462 984 ditae
491 905 651 994 nescire3
677 904 852 981 credebat
875 921 1002 980 tamen
1028 904 1235 1010 quod-sic:
1250 905 1482 1012 Requisitus‚
1509 935 1596 982 cum
1617 905 1766 985 dicatur

340 1038 456 1114 fuisse
470 1037 568 1113 ultra
584 1063 686 1113 mare
706 1061 782 1113 xnu
796 1036 919 1123 annis,
938 1037 967 1113 si
986 1035 1039 1113 ibi
1056 1034 1113 1111 vel
1128 1036 1218 1112 citra
1234 1065 1337 1113 mare
1351 1037 1494 1114 viderat
1509 1037 1656 1144 aliquos
1671 1037 1765 1116 alios

341 1167 478 1272 recipi,
495 1167 691 1271 respondit
706 1167 811 1273 quod
822 1166 926 1243 -ultra
946 1193 1049 1246 mare
1068 1164 1220 1247 nullum
1236 1167 1379 1243 viderat
1396 1168 1527 1274 recipi,
1547 1169 1635 1273 quia
1653 1171 1765 1275 pauci
1825 1249 1828 1255 ,

341 1296 619 1402 recipiebantur
643 1297 683 1371 in
707 1314 1004 1402 conventu,pro
1031 1324 1076 1374 eo
1100 1297 1205 1403 quod
1227 1296 1380 1374 difficile
1400 1315 1479 1375 erat
1500 1299 1585 1375 illos
1609 1299 1656 1375 de
1677 1326 1767 1377 con·

340 1444 454 1503 ventu
467 1428 508 1502 in
521 1427 805 1534 recepcionibus
818 1429 1063 1516 concordare,
1077 1445 1115 1505 et
1125 1427 1345 1534 aliquando,
1363 1430 1516 1535 quando
1527 1447 1633 1506 erant
1645 1428 1764 1536 aliqui

341 1558 564 1663 recipiendi,
587 1557 788 1635 mittebant
802 1584 866 1635 eos
882 1559 921 1633 in
936 1574 1052 1634 castra
1067 1557 1126 1635 vel
1142 1558 1297 1635 insullas
1308 1559 1378 1663 (sic)
1393 1559 1762 1665 circumadjacentes,

342 1690 381 1763 in
396 1688 534 1792 quibus
551 1705 657 1764 erant
673 1687 781 1793 pauci
802 1686 949 1775 fratres,
964 1690 1009 1763 'ut
1022 1689 1277 1794 reciperentur
1292 1688 1436 1765 ibidem
1456 1688 1587 1775 cicius,
1607 1688 1767 1769 liberius

344 1836 482 1893 etcum
502 1818 703 1895 concordia
719 1817 894 1907 fratrum,
916 1833 954 1894 et
968 1816 1110 1895 audivit
1126 1819 1200 1894 dici
1220 1819 1324 1925 quod
1340 1819 1417 1896 iilis
1431 1819 1666 1924 temporibus
1679 1819 1766 1924 qui·

343 1949 414 2024 bus
434 1949 512 2053 ipse
534 1964 613 2023 erat
630 1945 729 2022 ultra
748 1975 870 2034 mare,
891 1945 963 2023 suit
980 1965 1158 2054 receptus
1175 1947 1289 2024 frater
1308 1949 1483 2055 Hugode
1506 1949 1635 2056 Sayset
1654 1948 1766 2026 miles

345 2077 392 2153 de
407 2075 599 2164 biremis,
628 2076 733 2180 apud
749 2079 963 2167 Tortosam,
984 2105 1052 2183 per
1072 2076 1224 2154 fratrem
1245 2079 1404 2154 Petrum
1428 2078 1475 2154 de
1501 2078 1663 2154 Sivriaco
1691 2079 1766 2154 mi-

344 2207 448 2283 litem
475 2207 719 2284 castellanum
751 2207 798 2283 de
822 2209 1016 2298 Tortossa3
1046 2224 1084 2284 et
1107 2207 1221 2287 frater
1246 2209 1431 2285 Jordanus
1460 2207 1570 2284 miles
1599 2209 1645 2285 dc
1672 2211 1768 2287 Bur-

344 2338 482 2443 gondia
504 2337 583 2421 ¹fuit
620 2354 794 2442 receptus
820 2365 887 2442 per
912 2338 1110 2427 eumdem,
1142 2338 1182 2413 in
1208 2340 1347 2416 eodem
1376 2337 1477 2429 loco,
1507 2355 1594 2443 post
1622 2339 1769 2444 aliquot

344 2484 505 2575 tempus.
521 2469 622 2547 Citra
640 2495 741 2544 mare
762 2484 888 2544 autem
904 2467 999 2545 vidit
1014 2468 1130 2575 recipi
1150 2468 1303 2550 fratrem
1318 2469 1507 2546 Andream
1528 2470 1575 2546 de
1595 2471 1766 2546 Ventbo·

344 2598 441 2675 doro
460 2598 622 2675 militem
643 2598 835 2704 quondam
859 2598 906 2674 de
927 2598 1194 2687 Lemovicinio,
1216 2616 1365 2705 captum
1387 2600 1494 2705 apud
1509 2600 1680 2677 Tortosis
1698 2628 1767 2706 per

344 2726 562 2818 Saracenos,
586 2727 740 2805 indicta
766 2723 908 2833 capella
931 2727 980 2803 de
1007 2727 1109 2804 Beila
1129 2728 1365 2818 Cbassanha,
1386 2759 1458 2836 per
1474 2728 1625 2806 fratrem
1647 2732 1767 2806 Hum-

344 2856 493 2935 bertum
518 2859 566 2935 de
587 2858 807 2937 Conbom'no
832 2858 994 2935 militem
1013 2859 1223 2964 quondam,
1250 2859 1345 2935 cirea
1371 2860 1511 2936 instans
1539 2859 1766 2936 festumds·

344 2988 574 3094 sumpcionis
591 2987 706 3065 beate
731 2987 846 3066 Mario
873 3004 985 3063 erunt
998 3005 1094 3066 octo
1118 2988 1204 3086 anni
1224 2986 1284 3065 vel
1303 2989 1413 3079 circa,
1436 2990 1674 3095 presentibus
1692 2988 1766 3067 ira·

343 3117 465 3195 tribus
484 3115 637 3196 Galtero
658 3117 706 3194 de
725 3117 984 3223 Montengrier
1002 3117 1141 3210 milite,
1162 3145 1279 3224 quem
1300 3118 1442 3196 audivit
1465 3147 1544 3195 esse
1566 3120 1765 3197 detentum

344 3249 530 3338 Avinioni,
547 3249 714 3326 Borrone
730 3247 855 3333 Cocta,
877 3248 942 3354 qui
956 3248 1147 3326 detinetur
1163 3250 1264 3356 apud
1281 3249 1458 3326 Riomum
1471 3249 1510 3325 in
1526 3248 1714 3338 Alvernia,
1728 3267 1767 3327 et

344 3379 521 3480 Guidoue
540 3377 702 3467 d'Arrac,
722 3378 788 3484 qui
805 3378 981 3487 auffugit,
997 3379 1260 3468 servientibus,
1271 3396 1317 3455 et
1333 3408 1419 3456 cum
1438 3379 1587 3457 fecisset
1602 3397 1686 3457 vota
1699 3408 1766 3458 sua

346 3526 384 3583 et
412 3507 545 3584 fuisset
572 3507 771 3599 inductus,
795 3507 867 3584 fuit
889 3526 1109 3614 preceptum
1128 3509 1268 3590 eidem,
1290 3508 1376 3586 testi
1403 3537 1470 3615 per
1497 3509 1641 3586 dictum
1661 3537 1766 3586 rece·

344 3655 492 3744 ptorcm
515 3639 617 3746 quod
638 3637 793 3715 duceret
813 3637 957 3715 dictum
972 3637 1162 3716 Andream
1180 3639 1230 3717 ad
1244 3640 1448 3746 quamdam
1465 3667 1651 3716 cameram
1665 3639 1765 3717 dicte

344 3768 485 3875 erpelle
506 3767 736 3876 contiguam,
755 3786 800 3855 ut
818 3766 1040 3875 loqueretur
1058 3799 1145 3847 cum
1164 3781 1236 3861 eo,
1248 3787 1287 3848 et
1302 3771 1381 3877 ipse
1400 3771 1512 3848 testis
1525 3770 1619 3847 dixit
1638 3770 1764 3848 eidem

343 3900 535 4007 receptori·
547 3900 653 4006 quod
674 3900 840 3977 mitteret
852 3899 1041 3992 alium,et
1060 3930 1142 3979 non·
1153 3900 1234 3990 ivit,
1254 3901 1442 4008 quianon
1462 3898 1634 4006 placebat
1652 3901 1686 3977 ei
1710 3901 1765 3977 fa·

343 4060 426 4109 cere
441 4031 499 4109 vel
516 4033 709 4138 precipere
730 4031 875 4138 aliquid
893 4032 1087 4125 illicitum
1105 4050 1144 4111 et
1160 4050 1271 4121 tunc,
1288 4033 1337 4110 ad
1351 4048 1573 4139 preceptum
1594 4032 1683 4109 dicti
1705 4061 1766 4110 re·

342 4163 518 4268 ceptoris,
541 4162 630 4238 dicti
653 4161 785 4238 fratres
804 4160 932 4240 Guido
953 4180 991 4240 et
1006 4165 1105 4241 Boro
1123 4163 1477 4241 duxeruntdictum
1497 4162 1705 4254 Andream,
1727 4183 1767 4239 et

341 4294 461 4370 nescit
473 4293 567 4400 quid
587 4309 746 4399 egerunt
762 4290 930 4370 ibidem:
948 4295 1069 4372 credit
1081 4311 1218 4376 tamen.
1231 4295 1337 4401 quod
1360 4324 1448 4372 eum
1468 4294 1633 4371 facerent
1648 4295 1766 4375 abne-

341 4450 428 4529 gare
451 4425 607 4501 Jbesum
632 4424 837 4502 Christum.
860 4426 968 4515 Item,
994 4425 1087 4506 dixit
1108 4426 1214 4532 quod
1236 4425 1277 4502 in
1294 4426 1356 4502 die
1377 4427 1533 4505 Veneris
1553 4427 1767 4504 sanctede-

342 4566 426 4630 vote
455 4573 492 4631 et
517 4571 732 4632 reverenter
750 4556 956 4634 adorabant
980 4585 1143 4644 crucem,
1170 4573 1210 4633 ct
1229 4557 1336 4663 quod
1363 4558 1442 4662 ipse
1468 4556 1567 4633 bene
1588 4558 1768 4636 credebat

343 4684 598 4762 ecclesiasticis
617 4688 938 4780 sacramentis,>et
959 4688 1081 4764 credit
1100 4686 1207 4795 quod
1228 4685 1292 4763 alii
1309 4685 1440 4764 fratres
1463 4686 1607 4764 ordinis
1626 4687 1765 4765 eodem

344 4816 458 4892 modo
476 4816 689 4903 crederent,
703 4819 865 4923 ‘et-quod
884 4845 1018 4896 eorum
1035 4817 1387 4898 sacerdotesdebite
1403 4818 1648 4897 celebrarent.
1663 4819 1765 4895 Laici
