4236 5948
349 551 422 622 376
735 524 929 616 proces
956 544 1051 613 ons
1078 543 1376 616 ratramnus

349 689 438 763 dixit
457 716 523 793 per
538 688 790 792 jurameutum
811 713 919 759 suum
941 679 1045 788 quod
1063 700 1232 789 receptus
1246 684 1317 760 luit
1332 683 1460 788 viginti
1478 701 1560 760 octo
1576 685 1664 759 anni
1679 703 1765 762 sunt

348 818 459 923 elapsi
476 816 533 894 vel
550 817 644 891 circa
663 816 700 889 in
722 814 835 889 domo
859 814 904 888 de
931 814 1094 889 Soisiaco
1115 812 1273 890 diocesis
1294 813 1510 904 Meldensis,
1532 842 1598 918 per
1613 814 1764 892 fratrem

347 948 553 1023 Iohannem
576 945 623 1020 dc
648 947 777 1020 Turno
806 961 895 1019 tunc
914 943 1186 1020 thesaurarium
1207 944 1381 1031 Parisius,
1403 943 1637 1049 presentibus
1651 944 1763 1024 fratre

348 1079 515 1155 Iohanne
537 1077 583 1151 de
609 1077 734 1151 Monte
761 1075 994 1150 Morenciaco
1021 1075 1142 1178 priore
1163 1075 1310 1179 Templi
1339 1074 1567 1161 Parisiensis,
1591 1092 1629 1151 et
1652 1075 1763 1153 fratre

347 1208 510 1282 Iohanne
539 1223 757 1310 preceptore
783 1204 879 1278 dicte
905 1205 1039 1280 domus
1062 1204 1108 1279 de
1134 1204 1317 1293 Soisiaco,
1353 1222 1389 1280 et
1417 1203 1585 1310 pluribus
1609 1205 1691 1282 aliis
1716 1208 1762 1282 de

347 1364 509 1440 quorum
536 1334 748 1410 nominibus
768 1361 841 1407 non
862 1333 1000 1408 recolit.
1027 1334 1128 1408 Dixit
1155 1335 1271 1409 eciam
1297 1362 1364 1438 pcr
1382 1333 1634 1438 jurameutum
1654 1365 1763 1414 suum

346 1466 462 1570 quod,
495 1481 577 1571 post
598 1464 731 1539 multas
752 1464 1014 1567 promissiones
1040 1463 1086 1538 de
1109 1465 1252 1540 statutis
1277 1481 1313 1538 et
1338 1464 1489 1540 secretis
1513 1465 1600 1541 dicti
1621 1466 1763 1544 ordinis

347 1595 582 1673 observandis
603 1594 648 1669 ab
669 1622 713 1669 eo
729 1595 857 1681 sactus,
876 1611 913 1668 et
928 1594 1100 1669 mantello
1116 1593 1184 1669 sibi
1200 1595 1321 1698 posito
1337 1593 1384 1670 ad
1399 1594 1552 1681 collum,
1571 1595 1692 1673 dictus
1706 1627 1763 1675 re-

347 1727 487 1830 cipiens
514 1725 674 1802 ostendit
696 1723 766 1799 sibi
792 1723 990 1828 quamdam
1018 1752 1165 1830 crucem
1194 1741 1230 1799 et
1254 1726 1464 1831 ymaginem
1487 1725 1601 1801 Ihesu
1625 1727 1761 1805 Christi

348 1858 531 1961 depictam
558 1857 595 1930 in
617 1854 779 1961 quodam
800 1854 953 1941 missali,
974 1871 1011 1928 et
1031 1854 1121 1929 dixit
1143 1854 1230 1940 sibi,
1253 1856 1291 1929 in
1307 1856 1494 1961 presencia
1514 1855 1675 1933 aliorum
1694 1857 1761 1935 Ira·

346 2006 446 2063 trum
463 1988 732 2071 assistencium,
756 1986 858 2090 quod
878 1987 1072 2089 oportebat
1087 1985 1208 2089 ipsum
1228 1985 1410 2094 abnegare
1425 1986 1640 2064 Creatorem
1654 2017 1763 2065 suum

346 2118 498 2193 Jhcsum
522 2116 709 2193 Christum
740 2133 775 2190 et
798 2143 930 2219 spuere
952 2143 1060 2218 supra
1080 2144 1227 2191 crucem
1248 2133 1283 2191 et
1302 2117 1511 2222 ymaginem
1535 2118 1760 2223 predictam;

349 2267 384 2322 et
400 2249 477 2351 ipse
491 2248 563 2322 hoc
583 2246 685 2332 lecit,
705 2262 855 2350 excepto
877 2246 977 2349 quod
997 2244 1043 2320 de
1064 2245 1256 2349 spuicione
1272 2245 1386 2321 nichil
1406 2247 1539 2322 cecidit
1554 2276 1663 2353 supra
1679 2278 1763 2325 cru-

348 2407 446 2464 cem,
477 2378 580 2484 quod
606 2394 740 2481 posset.
769 2378 1016 2480 Interrogatus
1042 2376 1087 2451 de
1114 2377 1260 2462 oscul0‚
1300 2376 1389 2453 dix-it
1420 2406 1487 2483 per
1505 2378 1762 2484 juramentum

346 2537 457 2584 suum
476 2510 579 2613 quod
600 2506 720 2584 dictus
741 2507 922 2610 recipiens
947 2507 1113 2611 precepit
1138 2507 1208 2585 sibi
1234 2507 1338 2612 quod
1362 2508 1592 2585 oscularetur
1612 2538 1700 2585 eum
1726 2512 1762 2585 in

346 2638 419 2714 fine
439 2640 542 2744 spine
564 2638 684 2727 dorsi,
706 2655 742 2712 et
760 2655 847 2712 tunc
867 2636 1002 2712 invitus
1019 2638 1201 2713 simulavit
1218 2639 1319 2744 quod
1342 2638 1568 2716 oscularetur
1583 2668 1672 2715 eum
1693 2640 1760 2729 ibi,

347 2767 412 2844 sed
432 2786 555 2843 tamen
567 2768 725 2844 nonfuit
745 2767 931 2844 osculatus
947 2794 1036 2843 eum
1056 2768 1121 2844 ibi.
1143 2768 1390 2874 Interrogatus
1408 2769 1454 2845 de
1469 2786 1554 2845 voto
1570 2770 1760 2858 castitatis,

347 2899 436 2974 dixit
451 2927 517 3003 per
532 2897 785 3001 juramentum
804 2925 914 2973 suum
936 2896 1039 3001 quod
1059 2898 1266 3003 injunctum
1286 2896 1356 2973 suit
1383 2897 1451 2973 sibi
1477 2899 1582 3005 quod
1604 2901 1762 2978 omnino

346 3030 548 3106 abstineret
572 3058 590 3102 a
616 3028 854 3115 mulieribus,
885 3028 973 3103 etsi
1002 3027 1101 3105 calor
1122 3029 1299 3106 naturalis
1330 3047 1494 3105 moveret
1523 3059 1627 3119 eum,
1659 3032 1763 3139 quod

347 3161 602 3236 commisceret
623 3186 660 3233 se
683 3187 765 3233 cum
785 3156 959 3234 iratribus
981 3158 1068 3234 dicti
1090 3159 1249 3247 ordinis,
1265 3175 1302 3234 et
1320 3157 1393 3235 hoc
1408 3158 1508 3235 idem
1528 3159 1574 3237 ab
1590 3161 1673 3239 aliis
1687 3164 1763 3238 suis

346 3288 519 3365 fratribus
534 3305 737 3392 pateretur,
759 3315 948 3392 nunquam
966 3304 1089 3363 tamen
1110 3288 1213 3377 fecit,
1233 3316 1302 3365 nec
1320 3288 1392 3364 fuit
1411 3291 1624 3393 requisitus.
1647 3292 1763 3368 Inter-

346 3436 494 3523 rogatus
514 3418 542 3491 si
564 3395 754 3522 nunquam
776 3416 944 3492 fueritin
966 3419 1183 3522 recepcione
1203 3418 1360 3525 alicujus
1380 3418 1516 3506 fratris,
1544 3420 1638 3497 dixit
1659 3420 1761 3526 quod

346 3550 408 3623 sic.
429 3551 678 3652 Interrogatus
699 3549 727 3621 si
749 3576 816 3652 per
834 3547 993 3623 similem
1012 3549 1166 3624 modum
1186 3548 1274 3625 dicti
1290 3549 1427 3656 recepti
1448 3550 1586 3627 luerint
1602 3553 1757 3658 recepti,

347 3679 437 3755 dixit
456 3707 523 3784 per
537 3679 791 3784 juramentum
809 3707 919 3754 suum
938 3678 1042 3784 quod
1062 3679 1200 3785 pluries
1214 3680 1323 3767 vidit,
1340 3696 1377 3755 et
1392 3707 1520 3756 omnes
1536 3680 1689 3758 luerunt
1702 3711 1760 3758 re·

344 3812 438 3915 cepti
457 3840 525 3914 per
544 3810 704 3885 similem
718 3809 891 3898 modum,
912 3827 949 3885 et
968 3809 1174 3916 specialiter
1188 3810 1338 3887 fratrem
1351 3811 1587 3918 Belduynum
1602 3810 1649 3889 de
1659 3813 1756 3890 Pois.

343 3943 590 4047 Interrogatus
614 3959 741 4016 utrum
760 3942 811 4028 vi,
834 3941 890 4016 vel
912 3958 1015 4016 metu
1035 3942 1189 4017 carceris
1212 3970 1278 4016 scu
1297 3958 1584 4029 tormentorum,
1607 3961 1671 4019 aut
1690 3943 1763 4019 alia·

344 4073 390 4149 de
411 4101 532 4160 causa,
555 4072 719 4176 aliquam
748 4071 879 4146 dixerit
902 4070 1098 4147 falsitatem
1118 4071 1175 4146 vel
1200 4071 1443 4148 immiscuerit
1461 4072 1500 4146 in
1521 4071 1758 4176 deposicione

344 4233 424 4292 sua,
444 4203 534 4279 dixit
553 4230 621 4306 per
634 4203 889 4307 juramentum
910 4230 1018 4277 suum
1039 4201 1142 4307 quod
1162 4228 1256 4289 uon3
1278 4200 1394 4277 immo
1410 4200 1501 4277 dixit
1520 4229 1650 4305 puram
1666 4203 1760 4278 veri·

341 4349 469 4410 tatem.
491 4333 579 4408 Acta
593 4349 678 4407 sunt
698 4332 767 4407 hec
785 4359 896 4418 anne,
916 4330 1118 4424 indicione,
1137 4359 1278 4418 mense,
1296 4331 1375 4418 die,
1394 4331 1614 4437 pontificatu
1626 4347 1662 4406 et
1675 4331 1757 4409 loco

342 4463 531 4569 predictis,
561 4462 794 4567 presentibus
823 4461 1004 4566 religiosis
1030 4481 1065 4537 et
1089 4461 1255 4540 honestis
1273 4462 1360 4538 viris
1387 4460 1562 4538 fratribus
1587 4463 1756 4540 Iohanne

343 4592 389 4667 de
411 4593 556 4680 Archis,
579 4592 623 4670 G.
643 4593 689 4668 de
705 4591 855 4698 Capella
876 4610 912 4668 et
928 4591 1065 4669 Iacobo
1084 4592 1129 4667 de
1156 4593 1339 4698 Majoricis
1364 4592 1411 4668 de
1434 4609 1617 4669 conventu
1636 4591 1759 4669 Predi·

343 4740 506 4800 catorum
527 4723 803 4811 Parisiensium,
832 4741 868 4799 et
891 4721 1059 4828 pluribus
1079 4723 1160 4801 aliis
1182 4724 1339 4801 testibus
1364 4722 1410 4799 ad
1431 4724 1503 4800 hoc
1519 4722 1654 4800 vocatis
1676 4751 1758 4827 spe-

342 4852 482 4929 cialiter
503 4870 539 4928 et
557 4853 703 4958 rogatis.
