4236 5948
610 553 805 648 proces
835 572 935 646 oss
965 565 1269 646 rumpemus.
1573 575 1647 649 ess

225 719 509 799 intervenerunt
524 716 564 792 in
580 714 678 794 dicta
695 744 762 794 sur
775 714 997 823 'recepcione
1012 736 1081 792 nec
1095 733 1191 821 post.
1208 713 1424 822 Requisitus
1439 711 1469 791 si
1482 716 1648 821 predicte

225 847 355 925 illicita
375 845 675 925 interveniebant
692 845 948 924 communiter
966 862 1006 957 et
1024 844 1167 952 ubique
1191 846 1230 922 in
1250 843 1536 951 recepcionibus
1558 845 1650 923 alio·

225 1004 308 1054 rum
325 976 384 1054 vel
402 993 502 1083 port,
519 976 715 1082 respondit
732 975 835 1082 quod
854 974 923 1064 sic,
941 991 980 1052 et
994 974 1099 1082 quod
1113 975 1193 1081 ipse
1211 974 1418 1053 secundum
1434 973 1648 1080 predictum

229 1106 388 1186 modum
408 1121 599 1211 receperat
618 1102 770 1181 fratrem
791 1106 944 1182 Petrum
968 1105 1015 1184 de
1037 1105 1139 1183 Nuce
1159 1104 1400 1191 servientem,
1416 1104 1650 1182 Turonensis

227 1236 401 1325 diocesis,
421 1260 534 1341 quem
552 1233 672 1310 credit
684 1220 824 1327 vivere,
839 1234 879 1310 in
893 1234 1034 1340 repelle
1047 1234 1186 1312 domus
1200 1231 1352 1338 Templi
1368 1231 1415 1309 de
1431 1233 1534 1309 Nuce
1550 1233 1648 1312 dicte

228 1366 403 1454 diocesis,
418 1382 507 1443 sunt
520 1364 668 1440 circiter
685 1391 749 1443 xm
767 1364 872 1457 anni,
885 1364 1125 1471 presentibus
1138 1360 1316 1444 iratribus
1329 1361 1483 1442 Gsltero
1498 1364 1550 1440 de
1561 1363 1649 1440 Riso

227 1494 467 1574 Bituricensis
485 1510 523 1571 et
537 1493 687 1572 Andreu
703 1495 829 1572 Bernii
851 1494 1107 1573 Mnoloviensis
1127 1494 1352 1582 diocesium,
1374 1491 1649 1580 dertusensis

228 1622 358 1700 credit.
388 1622 604 1729 Requisitus
623 1651 740 1730 quare
764 1622 902 1700 lecerat
929 1622 1096 1730 predicta
1121 1623 1228 1712 lieri,
1242 1622 1438 1728 respondit
1455 1621 1562 1729 quod
1578 1649 1648 1728 pro

228 1780 273 1831 eo
296 1752 386 1861 quir
405 1752 528 1830 dictus
552 1770 724 1859 receptor
748 1754 892 1832 dixerut
919 1753 953 1831 ei
981 1753 1088 1859 quod
1111 1752 1279 1859 predicta
1304 1751 1433 1829 illicite
1460 1752 1649 1830 debebant

226 1880 309 1959 fieri
335 1910 378 1960 ex
397 1897 576 1989 precepto
596 1882 752 1959 ordinis.
772 1883 884 1974 Item,
905 1881 1000 1960 dixit
1017 1882 1123 1988 quod
1144 1909 1213 1987 per
1233 1881 1402 1958 eundem·
1418 1880 1577 1959 modum
1598 1882 1650 1957 ri-

228 2009 336 2089 deret
360 2011 474 2118 recipi
497 2010 650 2087 fratrem
671 2010 882 2089 Gerrrdum
902 2012 951 2089 de
966 2011 1108 2089 Folhos
1131 2009 1557 2094 Xantonensis'diocesis
1571 2038 1649 2089 ser-

228 2140 410 2232 vientem,
428 2141 476 2217 de
496 2138 604 2246 cujus
619 2140 691 2216 viu
710 2140 767 2218 vel
784 2157 907 2221 morte
920 2169 1000 2220 non
1016 2142 1129 2218 hebet
1149 2140 1432 2225 certitudinem,
1450 2139 1489 2215 in
1509 2139 1650 2245 erpelle

228 2269 328 2348 dicte
341 2269 478 2349 domus
487 2269 537 2347 de
550 2269 707 2360 Folhos,
720 2299 790 2375 per
805 2270 959 2348 fratrem
972 2272 1126 2348 Petrum
1141 2271 1188 2348 de
1208 2270 1372 2350 Turonis
1389 2286 1648 2375 preceptorem

118 2393 121 2397 ’
228 2397 277 2477 de
293 2397 427 2506 Fretuy
445 2399 676 2477 Turonensis
697 2398 872 2492 diocesis,
893 2417 984 2478 sunt
998 2401 1181 2478 circiterx
1197 2400 1300 2487 anni,
1324 2398 1597 2505 presentibusl
1634 2444 1651 2461 ·

227 2528 350 2607 tribus
369 2531 481 2608 Petro
501 2529 549 2607 de
564 2530 751 2619 Asinisco,
777 2545 815 2608 et
830 2530 1024 2637 Stephano
1042 2530 1092 2608 de
1113 2531 1244 2618 Monte
1264 2529 1382 2607 Acuto
1403 2528 1591 2634 predicto,
1610 2548 1650 2608 et

227 2658 433 2739 Guillelmo
459 2660 508 2736 de
530 2658 663 2736 bissae
686 2659 950 2752 seruientibus,
980 2660 1028 2738 de
1054 2688 1219 2768 quorum
1245 2658 1317 2735 vita
1340 2657 1399 2734 vel
1420 2675 1541 2736 morte
1570 2687 1648 2737 non

229 2789 342 2867 babet
360 2790 640 2867 certitudinem.
661 2790 765 2869 Vidit
779 2792 897 2868 eciem
917 2819 985 2898 per
1001 2791 1167 2869 eundem
1189 2790 1348 2866 modum
1365 2788 1480 2893 recipi
1496 2785 1662 2869 fratrem'

228 2918 383 2996 Petrum
398 2936 436 2997 et
456 2935 634 3026 nepotem
658 2917 779 2997 frutris
795 2918 992 2999 Guillelmi
1011 2922 1122 3028 Jnyto
1147 2918 1296 3009 militis,
1314 2918 1419 3024 cujus
1436 2944 1648 3024 cognomen
1691 2935 1699 2948 “

229 3049 394 3157 ignorrt3
417 3066 496 3126 eret
519 3065 647 3126 tumen
673 3050 799 3139 miles,
824 3066 864 3128 et
884 3049 958 3128 fuit
977 3067 1150 3156 receptus
1166 3049 1204 3124 in
1223 3047 1389 3154 capitulo
1407 3047 1590 3155 generali,
1609 3048 1649 3126 in

228 3179 369 3284 capelle
386 3178 523 3257 domus
541 3179 691 3286 Templi
705 3181 753 3259 de
766 3179 868 3260 Auso
883 3181 1108 3259 Piotsve'nsis
1122 3179 1297 3268 diocesis,
1307 3206 1390 3255 non
1405 3176 1539 3255 recolit
1551 3176 1649 3255 bene

228 3336 442 3415 perquem,
463 3325 554 3388 sunt
569 3310 715 3390 circiter
733 3337 779 3390 xv
793 3312 903 3405 enni,
925 3329 964 3390 et
974 3311 1129 3390 fuerunt
1145 3326 1338 3417 presentes
1357 3308 1471 3385 smter
1489 3307 1651 3386 Guillel-

228 3464 312 3515 mus
325 3438 379 3515 du
393 3439 507 3549 Leige
527 3456 726 3546 preceptor
749 3441 800 3518 de
822 3441 997 3549 Rupella,
1025 3458 1063 3519 et
1086 3440 1199 3518 frater
1222 3441 1414 3518 lohannes
1440 3437 1488 3515 de
1512 3438 1651 3519 Sancto

228 3567 450 3656 Benedicto,
480 3585 595 3648 testes
626 3598 739 3677 supra
769 3571 987 3665 examinati,
1017 3588 1060 3649 et
1088 3570 1212 3648 dictus
1240 3568 1470 3650 Guillelmus
1500 3570 1649 3679 luytos,

229 3698 435 3776 avunculus
449 3700 566 3806 ipsius
581 3701 694 3779 Petri.
709 3701 813 3781 Vidit
826 3702 942 3779 eciem
958 3730 1026 3808 per
1037 3702 1203 3778 eundem
1219 3701 1380 3777 modum
1392 3698 1508 3805 recipi
1524 3725 1653 3807 quem·

229 3829 315 3906 dem
332 3829 509 3918 militem,
529 3816 636 3938 cujus
656 3858 797 3908 nomen
813 3848 850 3909 et
867 3860 1075 3939 cognomen
1091 3831 1254 3940 ignorat,
1275 3831 1340 3937 qui
1354 3830 1425 3907 luit
1440 3831 1480 3906 in
1496 3829 1651 3906 servicio

229 3957 318 4036 dicti
339 3961 568 4065 preceptoris
586 3960 635 4037 de
657 3959 836 4066 Rupelln,
868 3979 906 4038 et
929 3960 1001 4038 luit
1024 3978 1198 4068 receptus
1224 3961 1264 4036 in
1287 3960 1388 4037 dicto
1414 3956 1580 4064 capitulo
1603 3957 1650 4033 de

229 4082 331 4166 Auso
349 4116 437 4166 oum
454 4089 554 4168 dicto
574 4091 704 4179 Petro,
725 4119 794 4198 per
812 4091 979 4171 eundern
997 4110 1035 4169 et
1050 4092 1192 4170 eisdem
1209 4089 1466 4197 presentibus3
1481 4087 1650 4193 plurium

230 4216 514 4323 recepcionibus
528 4245 607 4296 oon
622 4219 755 4298 recolit
765 4247 807 4297 se
820 4219 997 4299 adfuisse.
1013 4223 1125 4312 Item,
1140 4214 1232 4297 dixit
1244 4217 1350 4326 quod
1363 4217 1403 4293 in
1420 4216 1481 4293 die
1493 4214 1651 4297 veneris

76 4336 82 4343 ’
230 4363 354 4423 sancte
375 4364 590 4426 reverenter
611 4366 650 4426 et
669 4348 804 4428 devote
828 4349 1035 4429 edorsbant
1059 4378 1226 4442 crucem,
1252 4364 1292 4426 et
1314 4347 1420 4454 quod
1444 4347 1523 4452 ipse
1548 4345 1647 4423 bene
1737 4340 1743 4353 '

229 4474 406 4554 credebat
423 4477 948 4571 ecdesissticissncrrmentis,
965 4498 1005 4559 et
1018 4481 1139 4559 credit
1151 4479 1340 4588 quod‘rlii
1359 4478 1492 4555 fratres
1506 4474 1652 4554 ordinis

230 4605 366 4682 eodem
377 4608 495 4685 modo
509 4609 723 4698 crederent,
738 4626 777 4688 et
785 4611 891 4719 quod
903 4641 1034 4690 eorum
1044 4607 1393 4690 secerdotesdebite
1403 4605 1648 4685 celebrarent.

229 4733 470 4815 Clmdestine
491 4737 782 4846 recipiebantur,
804 4739 923 4819 nullis
940 4741 1179 4848 presentibus
1198 4739 1271 4817 nisi
1290 4737 1469 4816 frutribus
1487 4734 1650 4825 ordinis,

230 4892 273 4941 er
285 4894 364 4972 quo
378 4869 498 4947 credit
510 4869 615 4977 quod
631 4887 728 4949 esset
742 4871 904 4994 suspicio
921 4889 1049 4950 contre
1064 4899 1139 4951 eos.
1149 4868 1341 4965 ,cordulis
1352 4868 1457 4947 unde
1478 4865 1654 4944 volebant

1455 5002 1505 5066 so.
