4236 5948
217 358 292 435 aso
598 339 798 437 ruects·
825 358 921 433 nus
952 358 1257 435 rueramus

214 499 407 608 predictus
419 497 533 577 frater
542 501 746 609 Raynerius
755 500 922 607 precepit
934 499 1059 578 eidem
1070 501 1158 579 testi
1170 500 1275 608 quod
1285 498 1640 608 abnegaretDcums

216 646 361 725 etcum
381 631 460 738 ipse
479 632 584 708 testis
606 632 860 738 respondisset
876 629 982 737 ‹juod
1009 633 1082 710 hoc
1101 632 1208 710 nullo
1231 631 1347 710 modo
1369 629 1529 721 facerett
1549 631 1644 713 dixit

216 760 251 838 ei
266 760 389 840 dictus
403 763 608 870 Raynerius
622 761 726 869 quod
742 763 940 868 oportebat
951 790 1039 840 eum
1052 763 1185 851 facere,
1202 763 1290 870 quia
1301 761 1642 849 taliseratcousue·

213 889 312 972 tudo
324 892 485 984 ordinis,
512 908 550 969 et
569 894 652 999 ipse
657 895 845 999 juraverat
858 920 1003 972 servare
1016 923 1107 972 usus
1120 914 1158 972 et
1173 894 1463 973 consuetudines
1477 894 1640 984 ordinis,

215 1032 253 1100 e't
275 1050 361 1109 cum
383 1023 462 1131 ipse
492 1024 596 1101 testis
622 1025 745 1101 adhuc
774 1024 1064 1116 contradiceret,
1094 1025 1218 1104 dictus
1246 1026 1468 1132 Raynerius,
1490 1043 1641 1132 arrepto

213 1153 379 1260 quodam
405 1181 494 1231 ense
511 1155 558 1231 de
578 1154 696 1260 capite
712 1153 798 1233 lecti
818 1155 884 1262 qui
909 1172 989 1232 erat
1014 1156 1054 1232 in
1079 1156 1177 1233 dicta
1197 1154 1378 1247 sacristia,
1401 1173 1439 1233 et
1453 1184 1498 1234 eo
1519 1156 1641 1264 evagi-

212 1299 319 1374 nato,
336 1283 428 1360 dixit
448 1285 481 1360 ei
497 1285 613 1391 quod,
636 1304 700 1362 aut
719 1284 883 1390 predicta
905 1283 1059 1378 faceret,
1073 1304 1139 1363 aut
1152 1286 1249 1363 mala
1265 1303 1387 1363 morte
1402 1305 1638 1379 moreretur,

212 1430 250 1490 et
273 1413 425 1493 interim
448 1416 641 1494 sarraceni
665 1416 880 1492 invaserunt
906 1415 1044 1494 dictam
1072 1417 1257 1495 civitatem
1277 1416 1484 1523 Sydonem,
1511 1436 1550 1495 et
1568 1418 1642 1495 luit

212 1542 409 1622 clamatum
430 1545 478 1623 ad
502 1530 624 1636 erma,
646 1563 685 1622 et
704 1545 923 1651 capitulium
943 1546 1016 1624 fuit
1036 1565 1266 1653 separatum,
1296 1565 1334 1625 et
1357 1548 1479 1625 dictus
1498 1550 1641 1656 Rayne·

211 1676 291 1754 rius
307 1695 344 1754 et
364 1675 427 1754 alii
446 1693 538 1766 tres,
565 1677 733 1757 volentes
759 1704 835 1753 una
858 1706 944 1755 cum
969 1677 1053 1757 eliis
1075 1678 1125 1756 ad
1149 1706 1249 1756 arma
1278 1706 1447 1771 currere,
1469 1679 1640 1757 secarunt

210 1809 336 1914 ipsum
353 1826 489 1887 testem
501 1810 630 1917 jurare
653 1808 757 1916 quod
773 1809 1037 1914 predictanon
1057 1810 1239 1888 revelaret
1263 1841 1272 1886 z
1298 1811 1406 1888 etita
1425 1838 1502 1888 non
1523 1813 1638 1889 abne

210 1939 325 2045 gavit,
342 1966 413 2015 nec
429 1937 574 2045 aliquid
593 1939 768 2016 illicitum
793 1940 883 2046 egit,
905 1942 972 2017 sed
992 1941 1184 2018 exiverunt
1203 1957 1331 2017 contra
1346 1940 1586 2033 Sarracenos,
1603 1961 1641 2018 et

210 2067 366 2147 fuerunt
394 2068 579 2146 interlecti
611 2070 736 2177 viginti
762 2098 804 2146 ex
834 2070 924 2175 ipsis
958 2071 1180 2162 Sarracenis.
1201 2070 1300 2148 Cum
1327 2087 1454 2149 autem
1479 2074 1638 2180 regressi

210 2196 409 2277 fuissenta
432 2199 535 2277 dicto
555 2201 752 2291 conflictu,
780 2217 828 2276 et
853 2200 1044 2306 predictus
1068 2201 1174 2278 testis
1193 2217 1339 2306 peteret
1362 2229 1382 2276 a
1403 2199 1504 2278 dicto
1525 2200 1638 2279 fratre

211 2330 394 2437 Raynerio
420 2356 536 2437 quare
559 2329 697 2408 lecerat
720 2331 947 2438 supradicta,
973 2332 1170 2440 respondit
1196 2331 1298 2438 quod
1324 2330 1637 2437 adprobandum

211 2461 389 2538 eumdem
409 2478 447 2538 et
465 2490 574 2540 causa
587 2463 664 2569 joci
685 2491 752 2540 seu
772 2461 929 2568 truphe,
953 2492 1024 2541 nec
1041 2464 1127 2555 scit,
1147 2491 1216 2540 nec
1237 2462 1375 2554 credit,
1398 2489 1469 2539 nec
1494 2462 1638 2541 audivit

211 2591 284 2668 dici
309 2609 395 2670 ante
420 2593 636 2700 capcionem
665 2622 815 2684 eorum,
838 2593 936 2671 ultra
962 2623 1064 2672 mare
1088 2621 1158 2671 nec
1183 2592 1273 2670 citra
1294 2620 1414 2683 mure,
1444 2593 1548 2698 quod
1572 2591 1640 2671 ali·

81 2828 84 2833 ·
208 2752 282 2831 qua
303 2722 431 2800 illicita
450 2724 734 2802 intervenerunt
748 2725 788 2801 in
808 2725 1093 2832 reccpcionibus
1115 2721 1272 2801 fratrum
1293 2721 1437 2802 ordinis
1456 2721 1515 2799 rel
1529 2741 1635 2827 post,

210 2884 279 2932 nec
299 2855 404 2962 quod
421 2857 605 2934 haberent
630 2855 743 2965 ydola
760 2885 831 2934 nec
851 2857 970 2963 capita
990 2854 1198 2965 ydolorum·
1219 2854 1266 2930 de
1286 2852 1426 2960 quihus
1446 2852 1570 2959 agitur
1598 2856 1638 2931 in

209 2985 389 3075 articulis,
406 2986 505 3063 etde
521 2986 661 3092 quibus
676 2984 938 3092 deposuerunt
951 2985 1127 3092 magister
1139 2981 1326 3063 Antonius
1344 2984 1392 3062 de
1405 2981 1586 3062 Vercellis
1602 3002 1640 3061 et

209 3100 323 3193 [riter
342 3118 451 3223 Hugo
478 3117 526 3192 de
545 3117 681 3193 Fauno.
701 3117 741 3191 ln
763 3117 911 3224 signum
931 3133 1059 3193 tamen
1084 3114 1260 3192 castitatis
1286 3112 1532 3220 cingebantur
1557 3140 1640 3191 cor-

210 3245 309 3322 dulis
338 3274 451 3352 super
475 3247 643 3324 camisias
665 3276 752 3323 cum
779 3248 919 3354 quibus
936 3245 1122 3356 jacebant.
1151 3247 1263 3336 ltem,
1294 3245 1386 3322 dixit
1413 3245 1517 3352 quod
1539 3243 1638 3322 bene

210 3375 388 3453 credebat
407 3376 663 3455 ecclesiasticis
686 3377 939 3468 sacramentis,
962 3377 1121 3454 credens
1141 3376 1244 3484 quod
1259 3375 1323 3452 alii
1344 3375 1475 3453 fratres
1493 3371 1639 3453 ordinis

210 3506 346 3582 eodem
361 3506 477 3583 modo
492 3506 705 3593 crederent,
716 3524 754 3584 ct
766 3508 871 3615 quod
881 3535 1015 3585 eorum
1025 3505 1234 3584 sacerdotes
1244 3504 1372 3581 debite
1389 3502 1636 3582 celebrarent.

210 3634 452 3713 Clandestine
474 3636 764 3743 recipiebantur,
786 3638 901 3716 nullis
924 3636 1163 3744 presentibus
1186 3636 1256 3713 nisi
1275 3633 1454 3713 fratribus
1475 3633 1637 3725 ordinis,

209 3766 315 3872 quod
336 3766 558 3873 displicebat
572 3767 642 3873 ipsi
662 3769 765 3860 testi,
786 3786 825 3846 et
843 3769 964 3846 credit
980 3768 1084 3876 quod
1102 3792 1149 3845 ex
1167 3767 1240 3844 hoc
1255 3782 1354 3842 esset
1373 3764 1536 3870 suspicio
1550 3792 1637 3844 con·

208 3918 264 3975 tra
280 3926 363 3986 eos,
383 3915 422 3976 et
440 3898 547 4006 quod
565 3899 792 4005 perdidisset
809 3901 1000 3988 habitum,
1021 3899 1088 4007 qui
1107 3915 1249 3976 secreta
1266 3896 1518 4004 capitulorum
1537 3924 1640 3972 reve-

208 4033 328 4108 lasset.
350 4031 388 4109 si
405 4032 471 4137 qui
488 4050 594 4109 erant
608 4030 740 4109 fratres
760 4033 920 4110 scientes
936 4059 1082 4111 errores
1097 4058 1177 4110 esse
1198 4031 1236 4107 in
1254 4031 1407 4119 ordine,
1430 4028 1528 4104 male
1546 4027 1639 4105 lece

209 4179 312 4249 runt,
324 4163 410 4269 quia
426 4190 502 4239 non
513 4179 758 4242 correxerunt
774 4190 919 4245 cosnec
931 4157 1637 4241 denunciaveruntEcclesie.Decimam

207 4313 349 4399 partem
377 4297 485 4401 panis
513 4296 651 4374 dabant
675 4324 803 4374 amore
827 4297 916 4386 Dei,
944 4313 981 4373 et
1013 4293 1257 4372 elemosinam
1283 4309 1319 4369 et
1342 4288 1637 4397 hospitalitatem

208 4423 335 4503 debite
358 4426 564 4504 servabant.
585 4426 834 4506 inhibebatur
855 4428 910 4506 eis
932 4454 980 4504 ne
1005 4426 1043 4503 in
1065 4424 1237 4502 fraudem
1271 4422 1516 4500 dominorum
1541 4438 1638 4498 tem-

207 4554 393 4660 poralium
416 4574 453 4634 et
471 4557 795 4665 pedagiorumeis
815 4556 1032 4637 debitorum
1060 4556 1243 4633 ducerent
1258 4580 1343 4631 cum
1363 4552 1440 4631 suis
1460 4547 1637 4629 animalia

207 4685 343 4778 aliena,
356 4704 399 4764 et
419 4688 448 4765 si
468 4688 696 4767 contrarium
717 4687 906 4778 fecissent,
926 4687 1098 4768 habitum
1111 4684 1373 4794 perdidissent.
1390 4680 1638 4760 inhibebatur
