4236 5948
349 533 418 608 rsa
736 511 931 603 moces
957 530 1051 601 nus
1077 528 1376 602 reuertens.

344 691 425 749 tum
444 668 567 746 fratris
594 668 790 747 Guillelmi
817 671 864 749 de
885 669 991 748 Bello
1010 672 1099 748 Joco
1119 670 1284 780 Magistri
1308 665 1468 758 ordinis,
1496 685 1625 745 contra
1647 697 1763 776 quem

345 831 445 879 nuuc
465 800 618 909 grandia
646 800 834 893 scaudala,
857 799 1018 906 suspicio
1049 817 1087 877 et
1114 798 1265 877 infamia
1294 815 1383 875 sunt
1415 815 1558 887 exorta3
1585 797 1692 906 cujus
1711 826 1767 877 or·

345 932 443 1009 dinis
463 931 638 1008 fratribus
659 933 778 1009 credit
792 932 896 1040 quod
923 949 1046 1009 essent
1065 949 1152 1008 nota
1173 931 1377 1009 confessata
1394 959 1464 1036 per
1483 958 1587 1020 eum,
1607 948 1645 1008 et
1659 928 1765 1038 quod

344 1062 477 1139 eadem
492 1089 648 1169 magnus
665 1062 843 1169 Magister
863 1079 901 1139 et
920 1062 983 1138 alii
1003 1061 1077 1138 sint
1094 1060 1264 1140 confessi.

399 1192 614 1300 Requisitus
646 1193 676 1270 si
706 1193 758 1269 sic
786 1193 1009 1298 deposuerat
1042 1220 1168 1298 prece,
1200 1208 1398 1299 precepto,
1428 1191 1584 1278 timore,
1616 1218 1763 1281 amore,

343 1323 449 1411 odio,
486 1323 544 1398 vel
573 1322 771 1429 temporali
799 1323 960 1400 comodo
988 1322 1118 1399 habito
1145 1321 1203 1399 vel
1225 1321 1421 1414 habendo,
1444 1321 1641 1427 respondit
1659 1320 1766 1429 quod

343 1482 435 1545 non,
457 1454 525 1529 sed
544 1481 613 1560 pro
632 1453 786 1531 veritate
807 1453 984 1545 dicenda3
1005 1453 1065 1529 cui
1087 1452 1159 1529 luit
1188 1452 1401 1561 injunctum
1428 1452 1533 1559 quod
1560 1478 1638 1528 non
1663 1476 1768 1529 reve·

342 1584 436 1661 laret
455 1585 550 1661 hanc
576 1613 681 1661 suam
702 1583 1001 1689 deposicionem,
1024 1610 1223 1690 quousque
1254 1581 1515 1660 attestaciones
1535 1580 1677 1661 fuerint
1694 1610 1768 1689 pu·

342 1712 499 1805 blicate3
521 1730 558 1789 et
575 1741 652 1791 non
670 1713 861 1791 obtulerat
880 1741 919 1790 se
940 1712 987 1790 ad
1008 1712 1282 1790 deffensionem
1302 1710 1391 1789 dicti
1412 1710 1565 1788 ordinis.

350 1995 352 2000 “
398 1978 572 2083 Postque
586 1975 717 2082 prefati
733 1975 878 2053 domini
895 1975 1138 2054 commissarii
1153 1974 1326 2054 lecerunt
1337 1976 1460 2054 redire
1475 1974 1522 2052 ad
1535 1974 1766 2082 presenciam

343 2107 568 2184 eorumdem
588 2106 740 2183 fratrem
761 2106 937 2214 Egidium
960 2107 1007 2184 de
1023 2107 1183 2213 Rotangi
1206 2105 1477 2214 presbiterum,
1502 2122 1637 2182 testem
1653 2132 1768 2211 supra

344 2236 613 2327 examinatum,
635 2253 678 2313 ut
697 2236 836 2313 scireut
855 2264 941 2313 cum
961 2263 1008 2313 eo
1024 2236 1054 2313 si
1072 2236 1272 2314 reduxerat
1291 2237 1340 2312 ad
1355 2235 1578 2312 memoriam
1603 2263 1711 2312 suam
1726 2261 1767 2314 se

341 2365 471 2473 plures
491 2369 674 2473 recepisse
702 2365 760 2444 vel
779 2366 946 2473 plurium
969 2367 1253 2473 recepcionibus
1279 2365 1489 2444 interfuisse
1512 2395 1625 2473 quam
1653 2393 1768 2473 supra

343 2496 538 2603 deposuit;
568 2514 606 2574 et
629 2497 702 2575 hoc
721 2495 894 2574 fecerunt
921 2498 1024 2575 idem
1047 2498 1193 2575 domini
1219 2497 1463 2575 commissarii
1488 2497 1576 2604 quia
1593 2496 1766 2605 requisiti

231 2646 234 2650 ·
342 2627 507 2717 fuerant,
526 2657 594 2734 per
610 2627 850 2736 inquisitores
872 2645 1001 2706 contra
1017 2628 1193 2707 ordinem
1209 2645 1247 2706 et
1261 2628 1392 2707 fratres
1410 2627 1560 2736 Templi
1578 2629 1618 2704 in
1630 2625 1768 2736 Anglia

343 2759 560 2865 deputatos,
584 2760 688 2867 quod
709 2760 944 2867 inquirerent
961 2788 1048 2836 cum
1066 2788 1111 2837 eo
1134 2760 1181 2837 de
1202 2738 1421 2865 recepcione
1441 2758 1563 2836 fratris
1583 2759 1768 2837 Johannis

343 2890 390 2966 de
414 2890 518 2978 Scot,
546 2890 635 2967 dicti
658 2890 705 2968 de
729 2889 863 2967 Sotton
886 2888 1050 2996 Anglici,
1082 2890 1146 2997 qui
1170 2888 1364 2967 dicebatur
1392 2888 1505 2969 luisse
1525 2905 1696 2996 receptus
1724 2887 1766 2965 in

340 3020 497 3097 Pontivo
527 3020 628 3126 apud
662 3019 853 3098 Grandem
886 3019 1041 3111 Silvam,
1073 3049 1186 3127 quam
1214 3020 1331 3097 iidem
1357 3020 1599 3127 inquisitores
1634 3034 1768 3098 vocant

341 3148 523 3229 Grossum
539 3178 646 3256 opus.
660 3151 732 3226 Per
740 3177 856 3256 quem
872 3148 1027 3256 quidem
1039 3148 1217 3258 Egidium
1232 3149 1305 3227 luit
1318 3177 1561 3256 responsum,
1579 3149 1618 3225 iu
1628 3148 1767 3226 virtme

336 3280 542 3386 juramenti
562 3279 705 3385 prestiti
730 3306 800 3385 per
822 3280 1016 3368 eumdem,
1043 3307 1082 3356 se
1104 3279 1266 3356 adfuisse
1286 3279 1498 3385 recepcioni
1525 3279 1615 3356 dicti
1643 3276 1768 3356 fratris

342 3411 538 3498 Johannis,
555 3426 644 3487 sunt
663 3410 809 3487 circiter
825 3435 870 3488 xv
891 3410 996 3500 anni,
1015 3427 1053 3488 et
1066 3409 1140 3488 luit
1162 3427 1334 3517 receptus
1359 3440 1427 3518 per
1447 3410 1599 3489 fratrem
1625 3410 1767 3489 lohan-

343 3567 430 3617 nem
456 3540 504 3618 de
524 3541 625 3616 Nova
644 3539 742 3619 Villa
760 3539 984 3617 servientem
997 3539 1209 3646 quondam,
1231 3557 1323 3618 tuno
1342 3558 1599 3646 preceptorem
1613 3537 1766 3618 ballivie

344 3669 391 3745 de
412 3671 585 3761 Pontivo,
606 3670 702 3746 circa
725 3670 858 3746 horam
877 3668 1042 3776 prandii,
1061 3669 1102 3746 in
1117 3668 1258 3776 capella
1279 3671 1376 3748 dicte
1393 3671 1530 3749 domus
1550 3669 1598 3748 de
1620 3670 1766 3750 Grandi

343 3798 458 3890 Silva,
481 3798 720 3905 presentibus
746 3797 923 3880 fratribus
949 3801 1061 3877 Petro
1095 3800 1143 3878 de
1176 3801 1386 3879 Limecuria
1415 3801 1607 3907 quondam
1636 3828 1768 3908 prece·

342 3946 449 4034 ptore
471 3927 569 4006 dicte
594 3930 749 4022 domus,
772 3950 815 4009 ut
835 3930 870 4007 ei
893 3929 1054 4020 ridetur,
1082 3948 1120 4009 et
1137 3930 1340 4037 Radulpho
1367 3930 1531 4039 Anglici‚
1554 3931 1619 4038 qui
1643 3930 1766 4010 furerat

341 4059 546 4136 mercerius
561 4076 647 4137 ante
662 4059 873 4166 ingressum
891 4061 1050 4151 ordinis,
1071 4077 1290 4167 preceptore
1305 4079 1398 4140 tunc
1411 4062 1549 4139 domus
1564 4061 1768 4170 Oysimont

341 4189 602 4268 Ambianensis
622 4189 798 4279 diocesis,
818 4208 856 4268 et
867 4191 1035 4298 quodam
1053 4192 1127 4271 alio
1142 4191 1254 4270 fratre
1269 4191 1431 4300 agricola
1444 4193 1542 4270 dicte
1563 4193 1700 4272 domus
1716 4193 1766 4273 de

341 4317 483 4398 Grandi
509 4320 623 4409 Silva,
652 4321 700 4397 de
721 4319 828 4427 cujus
852 4322 1006 4399 nomine
1029 4338 1067 4399 et
1083 4323 1309 4430 cognomine
1335 4351 1413 4400 non
1438 4323 1669 4415 recordatur,
1698 4324 1767 4403 sed
1795 4322 1802 4329 ’

340 4449 542 4557 vulgariter
560 4449 761 4528 vocabatur
784 4453 917 4529 Petrus
938 4451 1214 4561 Poyle-Castel‚
1238 4453 1460 4545 deffunctis3
1488 4453 1527 4528 in
1554 4454 1661 4561 cujus
1680 4454 1767 4562 qui-

342 4577 429 4654 dem
449 4579 628 4657 lohannis
648 4581 867 4688 recepcione
888 4582 947 4659 vel
963 4600 1048 4689 post
1069 4611 1146 4661 non
1169 4583 1279 4670 vidit,
1301 4611 1372 4660 nec
1387 4583 1507 4674 scivit,
1529 4610 1599 4660 nec
1623 4583 1767 4663 audivit

341 4707 416 4784 dici
435 4706 579 4814 aliquid
602 4710 776 4789 illicitum
800 4711 860 4790 vel
877 4713 1121 4791 inhonestum
1144 4714 1403 4806 intervenisse3
1423 4731 1461 4792 et
1481 4713 1553 4791 luit
1571 4732 1765 4823 receptus,

341 4854 385 4915 ut
398 4839 547 4916 videtur
568 4841 692 4917 eidem
713 4843 815 4934 testi,
832 4844 870 4918 in
888 4843 990 4919 hunc
1009 4844 1167 4921 modum
1184 4876 1193 4920 ε
1213 4874 1300 4921 nam
1323 4874 1409 4924 cum
1433 4843 1605 4951 peciisset
1624 4872 1764 4951 panem
