4236 5948
351 540 371 606 2
715 458 938 606 ²immons
965 529 1061 604 nus
1088 530 1391 603 rnurxmns.

351 674 492 753 librum
507 690 695 781 apertum,
714 671 848 780 inquo
870 689 949 749 erat
967 701 1102 779 ymago
1123 671 1317 762 Crucifixi,
1341 669 1447 778 quod
1458 699 1536 748 non
1549 691 1629 749 erat
1641 673 1784 751 servilis

351 784 596 896 condicionis,
611 803 748 883 debitis
756 802 1015 912 quodsolvere
1026 832 1103 880 non
1111 821 1239 911 posset
1249 832 1318 880 nec
1330 804 1572 881 matrimonio
1583 804 1784 913 obligatus

351 938 440 1016 lecit
451 965 682 1015 eumvovere
699 953 737 1013 et
745 936 877 1045 jurare
892 935 1112 1026 castitatem,
1130 935 1406 1025 obedienciam,
1423 952 1461 1013 et
1472 936 1596 1015 vivere
1612 936 1692 1015 sine
1705 966 1788 1044 pro-

352 1071 452 1179 prio,
475 1098 620 1148 servare
639 1055 763 1146 bonos
786 1098 880 1147 usus
905 1085 943 1146 et
967 1066 1261 1147 consuetudines
1286 1066 1448 1157 ordinis,
1476 1082 1515 1151 et
1539 1070 1787 1174 postmodum

354 1201 537 1308 imposuit
556 1201 626 1279 sibi
641 1200 868 1278 mantellum
888 1201 928 1277 in
941 1199 1097 1277 nomine
1108 1199 1227 1277 Patris
1247 1216 1285 1276 et
1303 1198 1388 1276 Filii
1410 1216 1448 1276 et
1463 1199 1627 1306 Spiritus
1640 1198 1785 1290 Sancti,

354 1333 402 1410 ad
421 1334 609 1411 honorem
629 1331 700 1410 Dei
722 1349 760 1408 ct
777 1332 888 1409 beate
903 1330 1020 1409 Maria
1041 1347 1079 1407 et
1099 1329 1273 1407 omnium
1290 1348 1523 1421 sanctorum,
1544 1348 1582 1407 ct
1597 1330 1788 1409 associavit

355 1494 460 1557 eum,
483 1481 627 1571 patrem
646 1480 684 1539 ct
700 1479 859 1540 matrem
877 1491 966 1540 suos
977 1460 1260 1569 participacioni
1274 1461 1466 1539 bonorum
1483 1460 1628 1538 ordinis
1641 1490 1789 1569 presen-

354 1598 454 1675 cium
472 1614 509 1674 et
529 1596 759 1685 futurorum,
776 1610 814 1671 et
829 1593 918 1671 lecit
928 1622 1017 1670 eum
1033 1593 1192 1672 osculari
1212 1593 1350 1669 dictam
1363 1593 1579 1702 ymaginem
1592 1593 1787 1682 Crucifixi,

354 1747 393 1806 et
406 1727 654 1838 postmodum
672 1743 872 1834 preceptor
889 1742 928 1802 et
945 1742 1105 1803 astantes
1124 1724 1281 1802 osculati
1302 1725 1459 1803 fuerunt
1476 1754 1564 1803 eum
1585 1725 1625 1801 in
1647 1754 1729 1816 ore;
1752 1742 1791 1802 et

355 1860 478 1967 dictus
492 1875 665 1964 receptor
684 1856 861 1935 instruxit
876 1886 964 1933 eum
979 1873 1074 1962 quot
1085 1859 1197 1934 Pater
1211 1873 1327 1935 noster
1340 1856 1564 1963 diceretpro
1579 1857 1683 1934 horis
1694 1858 1786 1944 suis,

355 2009 393 2069 et
400 1990 564 2100 qualiter
573 2006 722 2098 regeret
733 2018 773 2067 se
787 1989 826 2065 in
837 1988 984 2066 ordine.
995 1989 1082 2084 Quo
1092 1987 1201 2078 lactc,
1219 1989 1313 2065 dixit
1326 1989 1360 2072 ei
1373 1988 1530 2079 ibidem,
1547 1989 1587 2064 in
1597 1988 1790 2096 presencia

344 2123 527 2213 aliorum,
539 2121 643 2230 quod
657 2121 860 2231 abnegaret
871 2122 1015 2212 Deum,
1034 2150 1121 2198 cum
1133 2139 1261 2200 autem
1276 2121 1356 2228 ipse
1372 2121 1479 2199 testis
1495 2119 1724 2228 stupefactus
1736 2119 1790 2198 di·

354 2271 456 2333 ceret
468 2253 575 2362 quod
591 2283 669 2330 non
689 2252 890 2361 abnegaret
905 2269 1113 2332 creatorem
1130 2282 1256 2342 suum,
1279 2253 1474 2362 subjunxit
1493 2254 1597 2331 idem
1617 2271 1791 2361 receptor

355 2387 463 2494 quod
487 2387 562 2464 boc
581 2384 780 2494 oportebat
795 2414 884 2464 eum
900 2385 1033 2476 lacere,
1053 2386 1144 2493 quia
1160 2403 1239 2463 erat
1255 2386 1303 2463 de
1319 2386 1471 2492 punctis
1487 2387 1631 2463 ordinis
1653 2404 1690 2463 et
1704 2387 1792 2493 quia

356 2518 419 2596 alii
439 2517 638 2609 faciebant,
662 2503 699 2594 et
717 2533 810 2594 tunc
829 2517 908 2623 ipse
929 2517 1035 2595 testis
1051 2516 1248 2626 abnegavit
1262 2518 1405 2607 Deum,
1426 2545 1491 2595 ore
1507 2538 1586 2595 non
1600 2517 1732 2605 corde,
1751 2533 1794 2594 ut

357 2650 461 2729 dixit.
487 2651 622 2727 Postea
646 2649 816 2755 precepit
840 2648 875 2725 ei
900 2648 1005 2755 quod
1031 2667 1183 2756 spueret
1203 2677 1316 2754 super
1336 2648 1542 2754 quamdam
1569 2678 1721 2728 crucem
1746 2649 1793 2726 li-

355 2809 491 2891 gneam
506 2798 684 2872 veterem,
701 2780 741 2856 in
757 2809 831 2887 qua
847 2778 954 2857 nulla
968 2781 1173 2883 apparebat
1188 2807 1322 2884 ymago
1335 2779 1525 2870 Crucifixi,
1538 2781 1645 2887 juxta
1662 2781 1794 2859 sedem

357 2913 447 2991 dicti
466 2912 672 3019 recepturis
698 2910 937 3002 collocatam,
961 2908 1081 2984 nescit
1104 2936 1172 3013 per
1191 2938 1306 3014 quem
1333 2909 1503 3002 allatam,
1533 2910 1663 2989 dicens
1688 2913 1795 3018 quod

322 3120 328 3133 ,
357 3047 432 3123 hoc
450 3060 549 3129 esset
570 3043 619 3119 de
634 3041 744 3119 dictis
760 3038 911 3146 punctis
927 3038 1083 3131 ordinis,
1104 3055 1142 3115 et
1158 3039 1239 3145 ipse
1254 3040 1361 3117 testis
1376 3041 1478 3148 spuit
1497 3070 1574 3119 non
1595 3072 1708 3148 supra
1725 3043 1796 3121 sed

351 3152 460 3285 juxta
479 3203 575 3252 eam.
596 3174 781 3278 Postque
805 3170 899 3247 dixit
927 3170 1053 3247 eidem
1073 3169 1179 3276 quod
1201 3172 1413 3248 secundum
1441 3172 1539 3249 dicta
1564 3190 1703 3279 puncta
1726 3175 1795 3252 de-

348 3302 473 3384 'bebat
488 3332 578 3381 eum
596 3301 757 3380 osculari
775 3300 816 3378 in
829 3329 914 3391 ano,
931 3319 969 3377 et
983 3301 1150 3407 precepit
1165 3301 1337 3406 quodibi
1353 3302 1587 3382 oscularetur
1603 3334 1709 3401 eum,
1727 3305 1796 3384 sed

359 3435 545 3517 avunculo
575 3434 693 3542 ipsius
719 3432 826 3511 testis
855 3432 959 3510 [lexis
987 3431 1149 3540 genibus
1178 3432 1357 3522 instante,
1383 3435 1529 3512 remisit
1561 3436 1596 3512 ei
1622 3435 1796 3514 osculum

359 3584 626 3647 memoratum.
656 3566 941 3672 Subsequenter
966 3564 1060 3642 dixit
1091 3566 1126 3642 ei
1151 3564 1259 3672 quod
1288 3567 1499 3645 secundum
1516 3548 1629 3646 ¹dicta
1655 3587 1796 3676 puncta

359 3716 508 3808 poterat
536 3698 619 3776 aliis
646 3697 824 3776 fratribus
853 3696 1049 3774 carnaliter
1077 3697 1329 3790 commisceri,
1357 3716 1395 3776 et
1417 3699 1488 3806 ipsi
1517 3729 1605 3776 cum
1628 3729 1692 3792 eo,
1723 3701 1798 3778 hoc

361 3849 488 3911 tamen
504 3860 582 3908 non
596 3829 696 3923 fecit,
713 3858 784 3908 nec
799 3829 921 3907 credit
935 3830 1042 3937 quod
1056 3831 1096 3906 in
1117 3828 1252 3907 ordine
1267 3830 1389 3921 fieret,
1407 3859 1477 3909 nec
1497 3832 1603 3938 quod
1615 3832 1655 3908 in
1667 3859 1799 3939 recep-

362 3962 536 4042 cionibus
551 3962 713 4040 aliorum
728 3961 888 4042 fratrum
905 3962 1177 4039 intervenirent
1189 3960 1263 4038 alia
1278 3961 1420 4053 illicita,
1437 3964 1505 4040 sed
1517 3963 1587 4040 ista
1602 3964 1794 4042 duntaxat,

364 4095 495 4175 Credit
515 4094 621 4202 qnod
641 4123 775 4172 eorum
797 4094 1009 4173 sacerdotes
1036 4094 1164 4172 debite
1189 4094 1435 4187 celebrarent,
1458 4113 1496 4173 et
1517 4096 1624 4202 quod
1642 4096 1704 4173 alii
1723 4096 1799 4173 sra-

362 4247 439 4308 tres
462 4228 663 4305 crederent
682 4227 940 4306 ecclesiasticis
967 4229 1219 4319 sacramentis,
1242 4229 1384 4335 quibus
1402 4229 1481 4335 ipse
1502 4229 1691 4308 credebat.
1714 4231 1799 4308 Sta-

363 4360 434 4436 tim
462 4388 532 4467 pro
561 4358 738 4466 professis
764 4358 1014 4437 habebantur.
1048 4361 1291 4440 Clandestine
1316 4361 1613 4468 recipiebantur,
1646 4391 1689 4438 ex
1719 4389 1797 4468 quo

365 4489 487 4568 credit
504 4490 612 4595 quod
631 4507 729 4568 esset
748 4491 911 4597 suspicio
940 4509 1066 4569 contra
1087 4521 1164 4571 eos.
1186 4492 1487 4571 Dellendebatur
1510 4493 1563 4569 eis
1591 4493 1671 4570 sine
1693 4492 1798 4599 jura-

366 4639 495 4699 mento
511 4622 617 4728 quod
638 4651 716 4701 non
731 4622 941 4701 revelarent
955 4642 1097 4703 secreta
1114 4624 1379 4732 capitulorum,
1395 4624 1464 4701 sed
1477 4625 1525 4701 de
1541 4625 1657 4701 modo
1674 4651 1800 4731 recep-

366 4884 472 4993 quod
489 4913 567 4963 non
586 4885 832 4965 confiteretur
850 4888 922 4966 nisi
939 4887 1199 4968 sacerdotibus
1219 4888 1378 4976 ordinis,
1401 4906 1440 4965 et
1460 4886 1532 4966 fuit
1551 4889 1598 4966 de
1619 4886 1802 4994 predictis
