4236 5948
729 508 925 602 proces
951 528 1046 601 nus
1075 527 1375 601 rnurmnns.
1688 533 1763 606 sss

338 671 535 754 Montibus
556 671 596 746 in
615 670 800 759 Hauonia,
827 687 865 746 et
883 668 1056 776 Philippo
1082 669 1130 746 de
1153 669 1315 746 Parisius
1340 668 1481 745 ordinis
1506 669 1629 746 Sancti
1658 669 1765 749 Guil-

344 802 463 891 lelmi,
480 802 646 880 testibus·
658 801 706 877 ad
727 802 800 879 hoe
818 801 955 878 vocetis
975 800 1185 907 specialiter
1203 816 1241 877 et
1260 801 1408 909 rogatis.

434 983 445 1035 t

398 1067 445 1142 Et
473 1092 544 1170 ego
568 1065 714 1140 Euenus
738 1062 844 1169 Phily
875 1063 923 1140 de
954 1064 1089 1141 Sancto
1118 1063 1262 1140 Nicasio
1293 1063 1451 1140 clericus
1481 1064 1769 1170 Corisopitensis

344 1195 519 1282 diocesis,
541 1192 739 1300 apostolica
757 1193 933 1300 publicus
953 1194 1169 1271 auctoritate
1184 1195 1369 1282 notanus,
1388 1194 1579 1298 premissis
1592 1195 1768 1273 omnihus

345 1343 382 1402 et
401 1323 554 1431 singulis
574 1324 612 1400 in
631 1325 796 1429 presenti
808 1323 855 1400 ⁴et
876 1324 1090 1429 precedenti
1112 1325 1219 1400 certis
1235 1323 1346 1401 simul
1365 1325 1473 1411 sutis,
1497 1341 1535 1400 et
1553 1323 1660 1430 signo
1681 1353 1767 1402 meo

345 1467 524 1534 'consueto
543 1455 693 1560 signatis
713 1455 915 1542 contentis,
936 1482 1011 1532 una
1031 1483 1118 1531 cum
1137 1455 1295 1532 testibus
1321 1454 1594 1559 suprascriptis,
1616 1482 1769 1560 presens

344 1585 511 1671 interlui,
527 1612 587 1661 me
612 1585 830 1690 subscripsi,
847 1603 884 1661 et
902 1585 1050 1690 signum
1072 1613 1199 1662 meum
1223 1585 1375 1662 solitum
1397 1584 1458 1661 hic
1481 1585 1636 1689 apposui
1663 1613 1768 1691 roga·

345 1733 421 1806 tus,
443 1717 483 1794 in
502 1716 762 1793 testimoninm
781 1715 1061 1822 premissorum.

400 1978 440 2052 ln
461 1975 598 2053 Christi
620 1975 774 2053 nomine
794 2003 916 2052 amen.
939 1977 1064 2053 Pateat
1083 1977 1264 2053 universis
1288 2005 1356 2081 per
1377 1977 1449 2053 hoc
1469 2004 1624 2082 presens
1642 1976 1767 2081 publi-

340 2133 430 2184 oum
445 2108 754 2195 instrumentum,
771 2106 877 2212 qtrod
890 2132 987 2184 anno
1000 2106 1152 2184 Domini
1168 2106 1367 2184 millesimo
1383 2121 1463 2183 ccc⁰
1477 2107 1653 2213 septimo,
1670 2108 1769 2184 indi-

345 2237 578 2326 cionesexta,
591 2234 828 2341 pontificatus
838 2236 1054 2313 sanctissimi
1069 2237 1235 2313 Patriset
1248 2236 1392 2313 domini
1408 2236 1556 2313 domini
1564 2236 1771 2314 Clementis

346 2366 466 2443 divina
483 2395 602 2471 pappe
617 2366 738 2472 ‹printi
757 2391 855 2442 enno
872 2365 1053 2454 secundo,
1070 2366 1131 2441 die
1147 2367 1246 2443 lovis
1259 2366 1296 2441 in
1309 2367 1468 2442 crastino
1486 2366 1569 2444 sesti
1586 2365 1769 2444 Omnium

346 2498 581 2584 Sanctorum,
609 2496 750 2574 scilicet
774 2495 938 2572 secunda
964 2496 1026 2572 die
1051 2495 1282 2583 novembris,
1308 2496 1534 2604 inreligiosi
1560 2515 1597 2573 et
1621 2496 1769 2574 honesti

344 2628 411 2704 viri
430 2624 553 2704 fratris
571 2625 710 2702 Nicolai
731 2625 778 2701 de
799 2624 995 2702 hnessiaco
1017 2623 1160 2701 ordinis
1177 2623 1334 2702 fratrum
1347 2625 1645 2713 Predicatorum,
1673 2653 1770 2703 com-

344 2757 501 2836 missarii
522 2756 598 2833 dati
620 2754 833 2860 areligioso
846 2755 929 2831 uiro
949 2771 987 2831 et
1009 2752 1169 2831 honesto
1184 2752 1294 2831 fratre
1313 2753 1518 2833 Guillelmo
1540 2754 1586 2831 de
1609 2755 1769 2834 Purisius

346 2887 433 2964 dicti
455 2886 614 2975 ordinis,
637 2884 857 2990 inquisitore
872 2883 1035 2961 heretice
1052 2883 1240 2990 pravitatis
1266 2883 1305 2959 in
1329 2912 1444 2991 regno
1463 2885 1619 2961 Francie
1644 2902 1769 2963 aucto·

345 3019 450 3095 ritate
465 3015 665 3122 apostolica
674 3014 873 3118 deputato,
887 3029 1058 3091 nostrum
1070 3013 1304 3090 notariorum
1318 3013 1554 3118 publicorum
1571 3032 1609 3091 et
1616 3015 1769 3092 testium

224 3146 226 3150 ⁴
344 3146 661 3251 infrascriptomm
689 3144 881 3251 presencia
911 3143 1158 3250 personaliter
1188 3144 1411 3222 constitutus
1441 3142 1554 3221 freter
1581 3144 1770 3222 lohannes
1874 3210 1881 3222 .

344 3277 393 3356 de
413 3280 615 3354 Busemont
637 3275 762 3365 miles,
790 3275 898 3352 etatis
923 3274 1052 3381 viginti
1076 3274 1246 3380 quinque
1269 3301 1454 3352 annorum
1474 3275 1532 3352 vel
1557 3275 1668 3365 urea,
1690 3303 1770 3352 mo·

344 3436 429 3485 rans
452 3408 491 3482 in
518 3406 632 3483 domo
656 3407 705 3482 de
731 3406 906 3513 Prunayo
921 3404 1026 3511 juxta
1051 3403 1288 3493 Meduntam,
1311 3405 1458 3512 juratus
1482 3404 1529 3482 ad
1555 3422 1679 3482 sancta
1698 3404 1768 3483 Dei

344 3536 556 3643 Evangelia,
573 3552 667 3612 tacta
683 3535 926 3641 corporaliter
940 3535 986 3612 uh
1003 3534 1156 3622 eodem,
1168 3535 1215 3612 de
1226 3563 1266 3612 se
1277 3552 1315 3612 et
1329 3535 1411 3612 aliis
1425 3535 1484 3613 sui
1500 3535 1644 3614 ordinis
1659 3561 1770 3641 super

345 3666 446 3744 dicto
460 3666 627 3743 crimine·
638 3665 770 3742 delatis
787 3665 828 3740 in
847 3693 954 3742 causa
971 3663 1061 3740 fidei
1083 3664 1208 3742 dicere
1225 3665 1430 3743 veritatem.
1443 3666 1491 3742 Et
1504 3667 1768 3773 interrogatus,

345 3824 412 3902 per
424 3798 683 3901 juramentum
701 3823 828 3883 suum,
853 3793 901 3871 de
920 3812 1092 3900 tempore
1117 3811 1154 3871 et
1174 3794 1291 3872 modo
1310 3794 1542 3900 recepcionis
1565 3822 1651 3883 sue,
1678 3795 1771 3872 dixit

345 3954 412 4032 per
420 3927 824 4032 juramentumsuum,
845 3924 949 4030 quod
973 3921 1045 4001 luit
1064 3939 1235 4028 receptus
1251 3924 1412 4002 Parisius
1424 3952 1493 4029 per
1506 3926 1709 4030 Hugouem
1721 3925 1769 4002 de

344 4055 512 4133 Paraudo
534 4056 761 4132 visitatorem
785 4055 957 4145 Francie,
982 4054 1021 4129 in
1048 4052 1143 4131 leste
1164 4053 1336 4131 instantis
1354 4051 1637 4131 Purificacionis
1660 4052 1769 4130 heate

344 4187 460 4264 ldarie
480 4189 536 4262 vel
556 4187 652 4262 circu
672 4186 743 4263 erit
761 4213 898 4272 annus,
914 4183 1284 4290 presentibus-fratre
1309 4183 1480 4262 Johanne
1507 4184 1554 4262 de
1575 4182 1768 4291 Foylleyo,

344 4313 457 4394 lratre
468 4316 635 4394 Olirerio
651 4316 698 4393 de
717 4317 860 4404 Penne,
878 4331 916 4392 et
935 4313 1020 4392 aliis
1034 4315 1086 4392 de
1106 4343 1270 4420 quorum
1290 4313 1509 4392 nominihus
1529 4343 1605 4393 non
1624 4313 1769 4392 recolit.

344 4447 392 4524 Et
408 4447 500 4523 dixit
512 4447 843 4552 perjurameutum
858 4473 968 4522 suurn
984 4444 1106 4551 quod,
1124 4461 1210 4550 post
1225 4445 1513 4549 promissionem
1527 4444 1627 4522 abeo
1635 4443 1769 4521 factam

265 4612 271 4618 ·
345 4575 391 4654 de
410 4577 654 4654 observandis
672 4577 820 4672 statutis
836 4593 873 4653 et
891 4577 1044 4653 secretis
1063 4575 1222 4662 ordinis,
1244 4573 1314 4651 luit
1333 4573 1404 4651 sihi
1427 4576 1597 4679 pesitum.
1613 4574 1771 4652 mantel·

345 4706 422 4783 lum
437 4709 483 4783 ad
494 4706 630 4784 collum
641 4768 649 4795 ,
660 4724 697 4783 et
707 4706 893 4812 preposita
906 4707 977 4783 sihi
991 4734 1100 4782 cruce
1112 4706 1151 4781 in
1167 4734 1240 4810 qua
1252 4687 1329 4781 erat
1339 4733 1471 4812 ymago
1484 4708 1502 4781 J
1507 4706 1600 4782 hesu
1614 4704 1768 4793 Christi,

344 4838 527 4943 recipiens
545 4838 676 4942 petivit
683 4837 737 4915 ah
759 4865 805 4915 eo
824 4855 951 4915 utrum
971 4836 1140 4913 erederet
1157 4835 1196 4912 in
1217 4864 1305 4913 eum
1326 4836 1434 4943 cujus
1450 4863 1584 4943 ymago
1601 4854 1681 4915 erat
1698 4835 1766 4915 ihi,
