4236 5948
619 547 811 642 procus
842 565 940 638 ons
972 565 1276 645 rennuens.
1584 564 1664 639 257

236 707 406 814 sequitur
423 734 432 781 ε
449 703 624 783 videlicet
643 708 747 813 quod
766 707 845 813 ipse
866 723 1040 814 receptus
1059 708 1181 786 suerat
1199 710 1238 786 in
1257 706 1421 816 quadam
1438 734 1582 783 camera
1599 709 1665 784 do-

237 866 330 918 mus,
344 834 496 943 Templi
512 837 559 915 de
578 837 725 917 Rendra
752 837 913 916 diocesis
938 839 1219 929 Convenarum,
1243 839 1339 918 circa
1362 839 1506 916 instans
1527 835 1664 916 festum

236 968 420 1046 Omnium
440 969 665 1046 Sanctorum
688 987 801 1049 erunt
815 969 963 1047 circiter
992 971 1179 1058 trutanni,
1207 1000 1274 1077 per
1296 970 1450 1048 fratrem
1474 966 1665 1047 senebru-

236 1128 329 1177 num
345 1101 393 1179 de
407 1100 515 1176 Prani
535 1099 713 1191 militem,
732 1099 780 1177 de
798 1101 906 1209 cujus
920 1101 995 1178 vita
1017 1101 1075 1178 vel
1098 1118 1218 1179 morte
1239 1130 1315 1179 non
1336 1099 1452 1179 habet
1469 1100 1666 1178 certitudi-

237 1259 347 1319 nem,
366 1247 625 1337 preceptorem
649 1249 741 1308 tunc
767 1231 814 1307 de
839 1231 1083 1309 Montsannes
1111 1232 1283 1339 ejusdem
1307 1231 1486 1321 diocesis,
1511 1259 1667 1336 presen-

236 1362 337 1441 tibus
356 1360 712 1439 fratribus·Arnaldo
734 1363 780 1439 de
805 1363 972 1438 Bucourt
989 1363 1204 1467 quondam,
1226 1362 1425 1441 Dominico
1451 1361 1499 1439 de
1524 1362 1665 1439 Linhac

239 1509 275 1571 et
295 1496 407 1572 Petro
430 1494 478 1572 de
500 1493 624 1571 Bisors
647 1492 912 1581 servientibus,
933 1494 980 1570 de
999 1522 1163 1600 quorum
1188 1495 1261 1572 vita
1278 1493 1335 1571 vel
1356 1481 1480 1572 morte
1499 1521 1575 1581 non
1602 1494 1666 1570 ita-

236 1627 303 1704 bet
316 1625 595 1721 certitudinem.
614 1626 741 1732 Aquo
751 1640 944 1730 receptore
960 1625 1076 1730 petita
1089 1626 1265 1704 societate
1281 1624 1426 1703 ordinis
1440 1643 1479 1702 et
1493 1624 1564 1702 sibi
1581 1654 1666 1705 con-

237 1785 353 1846 cessa,
376 1756 532 1862 prestito
551 1756 657 1862 quod
678 1773 757 1834 erat
771 1754 896 1832 bonus
911 1755 1161 1844 Christianus,
1180 1774 1218 1833 et
1240 1756 1345 1863 quod
1365 1755 1531 1833 servabat
1547 1755 1663 1835 fidem

237 1890 411 1965 Romame
422 1886 590 1974 ecclesie,
610 1884 699 1964 fecit
712 1916 801 1963 eum
814 1913 943 1964 vovere
962 1906 999 1964 et
1007 1887 1136 1993 jurare
1152 1888 1374 1977 castitatem,
1389 1886 1664 1975 obedienciam,

237 2019 357 2094 vivere
373 2016 454 2094 sine
468 2018 639 2123 proprio,
663 2045 806 2096 servare
826 2016 948 2095 bonos
968 2046 1060 2095 usus
1078 2035 1116 2093 et
1137 2018 1256 2095 bonas
1277 2016 1665 2122 consuetudinesque

236 2166 326 2226 tunc
351 2166 456 2225 erant
483 2149 521 2225 in
550 2149 684 2225 ordine
710 2166 747 2226 et
773 2178 848 2256 que
876 2149 916 2226 in
945 2165 1137 2254 posterum
1167 2149 1467 2255 imponerentur,
1497 2165 1535 2223 et
1561 2146 1667 2253 quod

238 2279 355 2358 nichii
370 2281 509 2388 injuste
522 2283 733 2387 acquireret
749 2280 894 2370 ordini,
909 2298 947 2357 et
966 2282 1072 2388 quod
1088 2281 1266 2387 acquisita
1286 2309 1355 2387 pro
1375 2307 1483 2386 posse
1501 2309 1571 2358 suo
1587 2279 1666 2357 def·

239 2411 427 2501 fenderet,
452 2429 489 2488 et
509 2411 613 2520 quod
634 2413 666 2490 si
691 2439 769 2489 non
788 2429 914 2518 posset
933 2411 1170 2500 deffendere,
1190 2413 1269 2489 suis
1289 2409 1548 2517 superioribus
1569 2439 1667 2487 nun-

168 2638 174 2649 Χ
239 2543 367 2635 ciaret,
386 2543 492 2649 quod
510 2569 588 2618 non
603 2542 726 2619 exiret·
733 2542 926 2629 ordinem,
945 2559 982 2619 et
997 2543 1103 2648 quod
1120 2569 1196 2619 non
1212 2541 1394 2618 revelaret
1408 2556 1548 2621 secreta
1569 2542 1666 2648 capi·

238 2672 436 2762 tuborum,
460 2671 507 2749 de
525 2673 642 2750 modo
663 2673 894 2778 recepcionis
914 2673 953 2747 in
975 2671 1123 2778 speciali
1144 2700 1221 2750 non
1243 2672 1370 2750 habita
1390 2671 1609 2759 mencione;
1624 2685 1667 2748 et

239 2805 417 2911 imposito
437 2804 509 2881 sibi
525 2801 736 2891 mantello,
747 2802 920 2910 receptor
940 2820 978 2880 et
995 2819 1157 2880 amantes
1175 2802 1330 2882 suerunt
1346 2832 1434 2879 eum
1453 2800 1610 2879 osculati
1625 2803 1664 2878 in

239 2964 313 3014 ore.
336 2935 424 3012 Post
445 2963 520 3040 que
541 2933 631 3011 dicti
652 2933 784 3011 fratres
800 2934 1025 3012 Dominicus
1050 2952 1089 3011 et
1110 2933 1312 3022 Amaldus,
1335 2950 1373 3010 et
1391 2932 1548 3041 quidem
1569 2933 1666 3011 alius

237 3064 350 3145 frater
369 3065 534 3144 serviens
544 3066 610 3172 qui
626 3065 797 3155 adherat,
815 3067 920 3173 cujus
935 3094 1075 3143 nomen
1091 3085 1130 3144 et
1145 3093 1357 3172 cognomen
1372 3064 1535 3173 ignorat,
1554 3066 1666 3142 duxe-

238 3214 327 3273 runt
340 3198 466 3302 ipsum
485 3212 621 3274 testem
643 3197 690 3273 ad
711 3195 820 3274 aliam
838 3225 1041 3285 cameram,
1062 3215 1105 3275 ut
1118 3196 1296 3275 indueret
1310 3213 1429 3275 vestes
1448 3194 1662 3304 religionis:

239 3326 378 3431 quibus
395 3326 560 3416 indutis,
581 3325 654 3404 fuit
678 3326 788 3405 allata
808 3356 877 3434 per
895 3326 1040 3406 dictum
1062 3328 1306 3406 Dominicum
1325 3327 1491 3434 quedam
1508 3357 1596 3404 crux
1620 3326 1664 3405 li·

237 3483 330 3562 gnea
344 3456 515 3563 antiqua,
532 3457 572 3534 in
585 3485 659 3564 qua
680 3485 758 3535 non
776 3459 876 3536 bene
896 3458 1098 3567 apparebat
1117 3488 1251 3566 ymago
1273 3457 1466 3544 Crucifixi,
1485 3474 1523 3534 et
1538 3487 1665 3564 prece·

236 3589 291 3691 pit
309 3587 436 3664 cidem
455 3589 540 3666 testi
559 3587 665 3696 quod
685 3589 887 3697 abnegaret
896 3591 1044 3679 Deum,
1070 3608 1108 3667 et
1126 3591 1205 3696 ipse
1222 3590 1329 3667 testis
1349 3591 1545 3697 respondit
1559 3589 1664 3696 quod

237 3717 309 3795 hoc
330 3718 437 3795 nulio
462 3719 578 3796 modo
597 3718 746 3796 faceret.
769 3721 902 3799 Postea>
920 3721 1086 3827 precepit
1111 3723 1148 3796 ei
1171 3720 1276 3827 quod
1296 3738 1450 3827 spueret
1469 3749 1579 3826 supra
1606 3718 1664 3798 di·

237 3868 330 3928 ctam
349 3879 515 3943 crucem,
533 3868 571 3928 et
585 3851 664 3958 ipse
678 3849 874 3956 respondit
888 3854 995 3958 quod
1007 3853 1081 3931 boc
1096 3851 1204 3930 nullo
1220 3848 1336 3930 modo
1351 3849 1506 3941 facerem
1519 3868 1558 3928 et
1571 3868 1664 3928 tunc

237 3978 359 4056 dictus
374 3980 598 4058 Dominicus
613 3997 652 4057 et
666 3978 728 4056 alii
746 3977 922 4057 dixemnt
938 3983 971 4056 ei
987 3982 1093 4089 quod
1109 3983 1182 4060 boc
1199 3980 1397 4087 oportebat
1415 4009 1503 4059 eum
1519 3979 1657 4074 facere,

237 4110 319 4214 quia
337 4110 430 4188 tales
446 4128 553 4187 erant
570 4110 866 4189 consuetudines
883 4113 1027 4190 ordinis
1045 4144 1137 4220 quas
1152 4115 1230 4221 ipse
1241 4115 1431 4221 juraverat
1444 4110 1657 4198 observaret

237 4258 380 4318 etcum
400 4242 480 4346 ipse
503 4244 608 4321 testis
627 4243 874 4349 responderet
900 4245 1005 4352 quod
1027 4248 1098 4322 hoc
1120 4245 1227 4323 nullo
1253 4245 1370 4322 modo
1393 4230 1553 4334 faceret,
1571 4244 1659 4351 quia

236 4399 311 4448 non
333 4391 440 4449 erant
460 4373 553 4451 boni
572 4404 663 4452 usus
680 4390 719 4451 et
739 4375 839 4452 bone
863 4377 1156 4456 consuetudines
1179 4405 1248 4454 nec
1267 4377 1495 4455 tenebantur
1521 4375 1571 4451 ad
1591 4375 1663 4452 hoc

235 4499 465 4591 faciendum,
487 4504 610 4583 dictus
628 4506 850 4584 Dominicus
871 4538 958 4586 cum
974 4537 1048 4585 una
1071 4538 1186 4584 manu
1201 4508 1357 4613 arripuit
1373 4535 1460 4582 eum
1477 4507 1524 4581 ad
1543 4519 1663 4583 vestes

234 4661 347 4739 supra
365 4652 516 4740 pectus,
541 4655 579 4714 et
593 4637 786 4743 evaginato
800 4664 906 4730 ense,
926 4641 1006 4748 ipse
1027 4639 1141 4716 etalii
1162 4639 1240 4717 duo
1255 4655 1417 4717 astantes
1435 4635 1613 4713 dixerunt
1628 4637 1661 4713 ei

235 4764 356 4870 quod,
377 4783 443 4842 aut
456 4767 626 4873 predicta
641 4767 794 4859 faceret,
816 4769 875 4847 vel
890 4769 1142 4848 infortunium
1164 4770 1329 4848 eveniret
1349 4768 1497 4859 eidem,
1519 4786 1558 4845 et
1571 4786 1661 4845 tunc

235 4893 313 4999 ipse
332 4895 453 4982 testis,
476 4896 578 4975 dicto
606 4898 742 4976 timore
763 4901 916 4991 ducms,
942 4902 1044 5009 spuit
1070 4929 1147 4978 non
1173 4930 1288 5008 super
1307 4900 1374 4979 sed
1387 4900 1495 5007 juxta
1521 4899 1659 4976 dictam

341 5030 447 5094 esocis
470 5053 522 5094 nes
545 5053 772 5096 reuertens-
786 5057 818 5097 11.
1472 5037 1510 5096 33
