4236 5948
616 505 1277 601 vnocusnnsrnnvmnns.
1363 562 1367 571 ·
1587 532 1653 602 191

234 680 472 744 correxerunt
488 692 551 741 eos
566 693 637 743 nec
649 667 970 745 denunciaverunt
984 669 1168 757 Ecclesie3
1185 696 1261 745 non
1279 684 1406 744 tamen
1422 666 1542 744 credit
1554 671 1660 775 quod

233 802 270 875 in
296 798 398 875 dicto
427 796 560 873 ordine
588 815 712 877 essent
739 826 896 876 errores.
919 798 1072 876 Audivit
1097 799 1172 876 dici
1196 798 1301 905 quod
1326 825 1459 876 eorum
1485 800 1660 906 capitolia

233 929 326 1007 clam
336 928 565 1006 tenebantur
580 929 682 1035 apud
696 931 817 1021 Auso,
832 927 948 1005 nullis
961 930 1203 1035 presentibus
1219 929 1290 1006 nisi
1307 927 1488 1005 fratribus
1506 930 1663 1023 ordinis,

232 1059 434 1168 aliquando
451 1059 498 1136 de
517 1077 638 1138 nocte.
659 1061 841 1141 Ordinata
858 1090 926 1166 per
939 1089 1118 1168 magnum
1135 1061 1354 1166 Magistrum
1371 1089 1456 1136 curn
1473 1080 1658 1142 conventu

233 1209 410 1270 servasset
432 1209 535 1269 totns
560 1193 671 1285 ordo,
698 1209 826 1270 contra
851 1221 966 1299 quem
987 1222 1089 1270 nunc
1109 1193 1263 1300 grandia
1288 1190 1475 1281 scandala,
1496 1195 1659 1299 suspicio

233 1342 270 1400 et
287 1322 440 1400 infamia
472 1340 562 1401 sunt
577 1342 720 1412 exorta,
745 1342 782 1401 et
800 1341 926 1401 contra
948 1352 1063 1430 quem
1087 1323 1229 1401 audivit
1249 1322 1323 1400 dici
1343 1351 1523 1429 magnum
1545 1327 1660 1433 Magi-

234 1473 352 1531 strum
369 1472 407 1532 et
424 1454 517 1532 alios
539 1454 662 1561 aliqua
675 1455 789 1532 luisse
807 1454 1014 1543 confessos3
1039 1454 1087 1531 ad
1100 1455 1207 1562 cujus
1223 1452 1368 1531 ordinis
1384 1451 1659 1532 deffensionem

233 1613 367 1661 senon
388 1584 588 1661 obtulerat.

236 1718 243 1726 '
289 1716 504 1822 Requisitus
538 1716 567 1792 si
603 1716 656 1792 sic
693 1716 918 1820 deposuerat
951 1742 1076 1820 prece,
1114 1732 1303 1821 precepto,
1339 1715 1492 1806 timore,
1513 1744 1657 1805 amore,

234 1844 340 1935 odio,
360 1845 419 1922 vel
453 1845 651 1951 temporali
691 1845 851 1923 comodo
879 1845 1008 1923 habito
1033 1846 1088 1921 vel
1115 1844 1312 1936 habendo,
1336 1846 1531 1949 respondit
1553 1848 1660 1953 quod

234 2003 325 2066 non,
362 1978 428 2052 sed
468 2005 536 2082 pro
576 1976 728 2053 veritate
764 1974 943 2064 dicenda;
984 1975 1043 2052 cui
1076 1975 1148 2053 luit
1179 1974 1394 2083 injunctum
1431 1977 1535 2082 quod
1581 2005 1659 2054 non

233 2106 412 2184 revelaret
437 2107 532 2183 hanc
552 2134 658 2182 suam
681 2106 980 2213 deposicionem,
1013 2134 1213 2214 quousque
1240 2105 1500 2182 attestaciones
1519 2104 1661 2184 luerint

233 2237 432 2342 publicate.
1163 2256 1166 2263 ’

288 2366 377 2443 Acta
407 2367 560 2445 fuerunt
585 2367 656 2444 hcc
672 2367 790 2445 dictis
813 2369 875 2445 dic
904 2387 942 2446 et
969 2368 1071 2459 loen,
1098 2385 1272 2474 presente
1300 2369 1478 2476 magistro
1499 2368 1659 2461 Amisio,

234 2517 382 2606 excepta
413 2499 546 2576 ultima
576 2499 834 2604 deposicione,
858 2501 917 2575 cui
947 2528 1024 2576 non
1055 2498 1239 2587 interfuit,
1272 2518 1309 2576 et
1337 2499 1576 2604 presentibus
1598 2530 1659 2579 me

233 2629 487 2707 Floriamonte
506 2630 725 2720 Dondedei,
748 2630 941 2708 Bernardo
962 2630 1102 2719 Filioli,
1125 2628 1332 2708 Guillelmo
1352 2629 1556 2737 Radulphi,
1578 2632 1661 2708 ber·

234 2761 351 2837 nardo
372 2760 574 2838 Humbaldi
597 2778 635 2837 et
655 2763 764 2865 Hugo
786 2760 926 2839 Nicolai
952 2761 1107 2838 notariis
1127 2760 1361 2867 supradictis.

288 3025 378 3101 Post
407 3025 494 3112 hec,
532 3023 593 3100 die
619 3023 726 3099 Lune
757 3039 841 3127 post
871 3022 1021 3100 octabas
1048 3023 1207 3111 Pasche,
1234 3048 1308 3128 que
1342 3022 1414 3099 luit
1439 3049 1540 3101 xvnu
1570 3023 1657 3100 dicti

235 3154 373 3231 mensis
392 3152 536 3260 aprilis,
567 3170 823 3230 convenerunt
846 3151 945 3230 dicti
981 3152 1127 3230 domini
1158 3151 1389 3229 Mimatensis
1424 3169 1462 3229 et
1488 3153 1660 3229 Lemovi-

233 3285 353 3361 censis
377 3283 562 3389 episcopi,
590 3282 763 3360 Mothous
784 3300 822 3358 et
848 3282 1132 3360 archidiaconus
1162 3282 1426 3372 Tridentinus,
1449 3283 1529 3358 aliis
1549 3312 1660 3389 supra

234 3413 431 3503 excusatis,
458 3414 499 3490 in
525 3415 641 3490 domo
668 3412 834 3520 predicta
856 3414 999 3490 domini
1020 3413 1120 3489 Petri
1143 3412 1189 3490 de
1211 3412 1416 3501 Sabaudia,
1444 3431 1482 3491 et
1505 3412 1661 3490 suerunt

235 3544 377 3621 ibidem
398 3545 550 3621 adducti
567 3572 636 3650 pro
654 3544 828 3631 testibus,
849 3545 895 3620 ad
915 3544 1149 3649 presenciam
1170 3544 1410 3632 eorumdem,
1429 3543 1560 3620 fratres
1573 3545 1661 3622 Rar-

232 3676 449 3752 tholomeus
469 3676 639 3753 Boeberii
655 3674 781 3766 miles,
808 3675 1049 3752 Camotensis
1068 3674 1246 3765 diocesis,
1264 3677 1330 3781 qui
1351 3692 1461 3751 natus
1479 3673 1603 3751 suerat
1620 3675 1659 3751 in

235 3801 371 3880 diocesi
390 3806 639 3894 Ruthenensi,
661 3823 697 3882 et
713 3804 933 3909 Radulphus
950 3805 1107 3882 Louveti
1122 3804 1302 3893 serviens,
1322 3805 1559 3882 Ebroicensis
1579 3805 1661 3882 dio·

235 3937 342 4026 cesis,
370 3938 456 4043 qui,
484 3939 590 4014 tactis
615 3935 856 4014 sacrosanctis
874 3935 1102 4042 Evangeliis,
1126 3938 1349 4045 juraverunt
1373 3937 1497 4013 dicere
1521 3936 1562 4011 in
1587 3936 1659 4012 isto

235 4067 390 4173 negocio
415 4068 565 4174 plenam
587 4086 625 4145 et
647 4097 790 4144 meram
810 4067 1022 4155 veritatem,
1045 4068 1256 4145 secundum
1278 4066 1436 4144 sormam
1452 4068 1657 4173 juramenti

234 4196 394 4275 aliorum
424 4200 577 4277 testium
606 4200 780 4305 superius
810 4199 1065 4306 registratam,
1096 4199 1300 4304 expositam
1331 4216 1369 4275 et
1397 4197 1657 4305 vulgarizatam

236 4327 389 4404 eisdem.

289 4589 378 4683 Quo
393 4589 509 4682 facto,
525 4592 647 4670 dictus
669 4590 782 4670 frater
796 4591 1107 4682 Bartholomeus,
1126 4620 1206 4669 non
1226 4589 1417 4669 defferens
1431 4590 1656 4669 mantellum

235 4718 392 4809 ordinis,
413 4721 502 4827 quia
522 4723 646 4829 ipsum
666 4722 872 4801 voluntarie
895 4722 1088 4800 dimiserat
1112 4723 1227 4800 tercia
1249 4723 1311 4801 die
1332 4740 1419 4829 post
1438 4723 1656 4830 capcionem

235 4877 354 4942 suam,
376 4867 414 4927 et
433 4852 517 4955 radi¹
536 4853 671 4930 lecerat
691 4854 760 4932 sibi
782 4852 956 4947 barbam,
978 4853 1240 4961 sexagenarius
1259 4852 1319 4931 vel
1341 4854 1453 4943 circa,
1475 4882 1562 4932 cum
1578 4880 1657 4959 quo
