4236 5948
266 606 269 617 ,
352 532 426 608 ase
741 517 935 610 nnocus
961 536 1058 626 ons
1082 535 1379 611 rnurxmns

351 692 520 752 mentum
546 674 650 782 quod
674 670 745 752 fuit
771 695 942 784 receptus
967 679 1067 784 apud
1096 678 1214 759 Bures
1239 677 1485 786 lingonensis
1512 677 1688 769 diocesis,
1712 683 1775 759 de-

352 832 433 881 cem
455 804 511 882 vel
537 805 739 884 duodecim
764 809 851 884 anni
879 825 966 884 sunt
986 808 1118 915 elapsi,
1144 837 1213 915 per
1239 808 1391 886 fratrem
1418 810 1571 886 Petrum
1598 809 1646 886 de
1670 811 1774 890 Sivre

349 952 608 1042 preceptorem
623 936 772 1014 ballivie
790 939 835 1015 de
848 941 977 1028 Bures,
990 967 1068 1019 non
1084 939 1370 1018 recordatur-de
1389 940 1609 1018 nominibus
1627 969 1776 1047 presen-

350 1067 462 1143 cium.
481 1068 582 1145 Dixit
598 1069 708 1145 etiam
723 1097 790 1174 per
798 1070 1058 1177 juramentum
1073 1099 1186 1147 suurn
1202 1071 1308 1178 quod
1323 1071 1446 1148 dictus
1463 1089 1672 1178 preceptor,
1689 1092 1777 1181 post

349 1199 486 1275 multus
506 1199 774 1304 promissiones
793 1199 839 1276 ab
861 1227 906 1275 eo
926 1198 1037 1278 lactas
1065 1200 1112 1276 de
1133 1200 1373 1278 observandis
1395 1202 1541 1278 statutis
1560 1220 1598 1278 et
1622 1207 1774 1281 secretis

349 1327 435 1404 dicti
457 1329 619 1415 ordinis,
639 1348 680 1407 et
695 1328 873 1408 mantello
885 1330 956 1409 sibi
972 1332 1021 1408 ad
1040 1331 1179 1409 collum
1199 1329 1340 1436 posito,
1364 1329 1485 1408 dictus
1498 1350 1697 1440 preceptor
1711 1364 1775 1443 ap-

347 1461 508 1565 portavit
526 1461 598 1539 sibi
619 1460 813 1566 quoddam
844 1461 992 1539 missale
1012 1463 1052 1539 in
1076 1491 1153 1568 quo
1184 1479 1262 1539 erat
1282 1471 1372 1538 crux
1391 1490 1478 1539 cum
1503 1462 1625 1570 effigie
1657 1465 1773 1545 Jhesu

347 1589 506 1682 Christi,
529 1610 567 1673 et
588 1593 719 1698 petivit
739 1591 785 1669 ab
806 1620 852 1670 eo
871 1607 1001 1670 utrum
1028 1593 1199 1671 crederet
1217 1593 1257 1669 in
1278 1620 1365 1669 eum
1391 1594 1500 1701 cujus
1528 1571 1671 1704 effigies
1694 1616 1774 1675 erat

347 1720 423 1812 ibi;
452 1741 491 1801 et
515 1724 593 1830 ipse
614 1723 809 1831 respondit
828 1723 934 1830 quod
953 1723 1023 1815 sic,
1045 1742 1083 1801 et
1104 1741 1197 1801 tunc
1215 1724 1383 1831 precepit
1401 1723 1473 1802 sibi
1493 1725 1599 1831 quod
1620 1746 1774 1833 negaret
1879 1742 1882 1747 ’

347 1872 450 1943 eum,
475 1872 513 1932 et
532 1856 636 1961 quod
657 1871 809 1960 spueret
827 1881 942 1962 super
960 1881 1112 1932 crucem
1127 1873 1165 1932 et
1182 1855 1345 1962 effigiem
1360 1855 1583 1961 predictam,
1600 1858 1665 1963 qui
1686 1857 1773 1935 licet

345 2003 516 2093 negasset
530 2002 715 2093 quantum
730 1986 873 2091 potuit,
895 2002 1022 2062 tamen
1038 1984 1127 2062 fecit
1148 1987 1196 2063 de
1211 2004 1388 2092 precepto
1405 2003 1442 2063 et
1459 1987 1635 2065 mandato
1655 1990 1772 2093 ipsius

345 2115 411 2220 qui
428 2116 461 2190 ei
477 2116 700 2193 minabatur.
718 2116 934 2223 Requisitus
954 2115 1002 2191 de
1019 2117 1165 2205 osculo,
1185 2117 1277 2192 dixit
1294 2146 1364 2222 per
1377 2118 1636 2224 juramentum
1659 2150 1769 2198 suum

346 2246 450 2350 quod
473 2247 663 2324 osculatus
686 2246 757 2324 fuit
782 2247 924 2324 dictum
945 2247 1190 2352 recipientem
1213 2247 1253 2322 in
1276 2246 1460 2324 umbilico
1484 2264 1522 2324 et
1547 2249 1586 2324 in
1606 2277 1671 2326 ore
1691 2269 1772 2327 tan·

344 2392 438 2452 lum.

401 2506 615 2615 Requisitus
635 2525 764 2585 utrum
778 2508 828 2596 vi,
851 2507 910 2583 vel
929 2498 1037 2584 metu
1055 2507 1211 2584 carceris
1224 2536 1291 2586 seu
1305 2525 1601 2598 tormentorum,
1618 2527 1684 2587 aut
1700 2512 1771 2588 alia

344 2640 393 2716 de
413 2666 539 2729 causa,
567 2639 728 2746 aliquam
750 2638 884 2715 dixerit
901 2637 1101 2716 falsitatem
1121 2655 1186 2716 eut
1199 2638 1451 2718 immiscuerit
1470 2640 1509 2714 in
1530 2639 1770 2745 deposicione

264 2845 265 2848 ,
343 2798 424 2859 sua,
441 2787 505 2846 aut
522 2771 680 2850 tacuerit
701 2771 912 2858 veritatem,
938 2769 1032 2847 dixit
1050 2796 1119 2876 per
1134 2770 1394 2876 juramentum
1417 2798 1531 2848 suum
1550 2772 1657 2878 quod
1678 2800 1769 2874 non3

343 2930 413 2978 nec
430 2901 555 3008 aliqua
569 2900 836 2980 violencia-luit
855 2899 965 2990 facta,
988 2901 1056 2978 sed
1070 2928 1204 3008 puram
1224 2902 1418 2980 veritatem
1440 2902 1593 2979 dixerat.

400 3167 491 3241 ltem
508 3162 622 3240 frater
644 3164 832 3241 lohannes
853 3163 900 3240 de
920 3162 1024 3242 Valle
1045 3162 1236 3255 Bellaudi‚
1260 3163 1366 3238 etatis
1387 3162 1631 3270 quadraginta
1654 3193 1771 3241 anno·

342 3323 446 3384 rum,
467 3298 616 3402 juratus
637 3295 771 3372 eodem
795 3295 911 3371 modo
930 3294 983 3370 de
1007 3321 1046 3370 se
1075 3311 1113 3370 et
1135 3293 1217 3370 aliis
1243 3294 1283 3368 in
1305 3321 1413 3370 causa
1442 3292 1533 3370 fidei
1556 3294 1681 3371 dicere
1709 3324 1769 3370 ve-

341 3427 510 3517 ritatem,
533 3443 571 3503 et
588 3427 837 3534 interrogatus
857 3425 904 3501 de
925 3443 1097 3531 tempore
1119 3442 1157 3502 et
1179 3424 1296 3501 modo
1316 3453 1382 3501 sue
1406 3425 1654 3530 recepeionis,
1681 3423 1771 3501 dixit

341 3585 409 3664 per
419 3559 680 3666 juramentum
690 3585 803 3634 suum
819 3556 923 3663 quod
942 3554 1014 3632 luit
1024 3572 1195 3662 receptus
1210 3554 1312 3661 apud
1332 3555 1501 3632 Mentem
1521 3554 1772 3633 Suessionen·

341 3715 439 3781 scm,
452 3687 737 3796 quatuordecim
752 3687 841 3764 anni
852 3704 964 3765 erunt
973 3687 1012 3763 in
1028 3686 1179 3764 instanti
1195 3685 1290 3764 festo
1305 3685 1507 3764 Natiuitatis
1516 3685 1690 3774 Domini,
1702 3714 1772 3792 per

342 3818 494 3900 fratrem
520 3816 712 3910 Nicolaum
733 3821 782 3897 de
810 3819 944 3896 Sancto
964 3815 1111 3894 Albano
1135 3832 1395 3924 preceptorem
1410 3815 1561 3906 ballivie
1588 3816 1687 3893 dicte
1703 3817 1771 3894 do-

341 3980 442 4042 mus,
465 3950 703 4058 presentibus
720 3950 832 4028 fratre
849 3949 1025 4027 iohanne·
1039 3948 1087 4024 de
1106 3946 1309 4027 Villaribus
1324 3958 1364 4025 et'
1383 3947 1495 4025 fratre
1516 3945 1700 4025 Michaele
1721 3948 1769 4024 de

339 4082 558 4171 balainviler
573 4082 693 4160 milite
705 4074 984 4171 dictimdinis,
1010 4096 1046 4156 et
1059 4078 1288 4186 quibusdam
1301 4077 1384 4156 aliis
1402 4077 1452 4156 de
1467 4103 1634 4186 quorum
1652 4078 1770 4154 nomi·

341 4213 453 4293 nibus
475 4241 555 4292 non
574 4213 715 4292 recolit.
740 4212 842 4290 Dixit
866 4211 983 4288 eciam
1003 4238 1072 4318 per
1093 4211 1352 4318 juramentum
1379 4209 1502 4317 quod,
1523 4227 1609 4316 post
1630 4208 1770 4286 multas

340 4345 606 4450 promissiones
622 4346 669 4422 de
684 4344 830 4422 statutis
845 4360 882 4420 et
896 4343 1048 4420 seeretis
1060 4341 1152 4419 dicti
1167 4337 1314 4420 ordinis
1329 4339 1571 4419 observandis
1590 4338 1703 4416 lactas
1722 4338 1769 4415 ab

341 4477 727 4582 eo,'dictus'recept0r
740 4475 849 4553 duxit
866 4503 955 4552 eum
970 4491 1071 4552 retro
1087 4472 1221 4562 altare,
1239 4491 1276 4551 et
1289 4472 1456 4551 ostendit
1475 4470 1547 4549 sibi
1567 4468 1769 4577 quamdam

342 4634 491 4703 crucem
519 4609 652 4714 inqua
678 4624 756 4685 erat
783 4607 927 4712 depicta
945 4630 1084 4714 ymago
1109 4604 1226 4682 lhesu
1246 4603 1410 4692 Christi,
1439 4619 1478 4680 et
1495 4599 1698 4707 petivit-ab
1722 4626 1769 4677 so

341 4755 470 4815 utrum
489 4738 658 4816 crederet
676 4739 719 4814 in·
739 4766 828 4816 eum
849 4737 957 4845 cujus
972 4762 1106 4845 ymago
1128 4752 1208 4812 erat
1228 4733 1299 4825 ibi;
1324 4734 1458 4840 etipse
1480 4729 1675 4838 respondit
1697 4727 1768 4806 sibi

340 4869 444 4976 quod
462 4870 533 4958 sic;
555 4887 593 4948 et
608 4887 700 4948 tunc
719 4868 811 4946 dixit
829 4868 906 4947 sibi·
923 4865 1029 4974 quod
1048 4866 1146 4943 mele
1166 4864 1357 4955 credebat,
1375 4882 1413 4943 et
1425 4862 1532 4972 quod
1546 4861 1668 4941 linerat
1680 4861 1766 4968 qui·
