4236 5948
613 515 810 607 mouns
842 532 938 606 ors
968 532 1271 607 renuamus.
1576 536 1649 610 aaa

231 673 297 780 qui
324 673 406 750 fieri
427 673 620 749 consuevit
645 688 730 779 post
754 671 900 751 obitum
921 671 1085 780 Magistri
1109 672 1232 751 dictus
1251 671 1437 779 Magister,
1465 701 1552 751 cum
1577 691 1652 756 tra·

231 821 395 882 ctaretur
406 822 535 910 postea
552 805 655 910 quod
666 804 789 882 dictus
799 802 912 882 frater
924 806 1031 910 Hugo
1048 802 1325 912 lieretmagnus
1341 803 1528 911 Magister,
1545 834 1650 882 man-

233 935 333 1012 davit
361 935 415 1012 eis
442 933 563 1040 quod,
591 964 634 1011 er
660 963 736 1040 quo
767 933 931 1011 facerent
960 962 1108 1039 capam,
1146 934 1187 1011 id
1219 951 1276 1012 est
1306 935 1430 1040 ipsum
1474 962 1651 1043 maguum

232 1083 510 1172 preceptorem,
532 1063 696 1143 lacerent
710 1065 922 1172 capucium,
940 1065 1052 1142 idest
1070 1065 1192 1171 ipsum
1214 1090 1393 1174 maguum
1412 1065 1649 1172 Magistrum,

232 1197 322 1304 qnia
335 1193 477 1274 vellent
491 1211 556 1272 ant
571 1191 718 1272 nollent
733 1197 811 1301 ipse
829 1211 926 1273 esset
943 1195 1130 1302 Magister,
1154 1195 1259 1273 etsie
1278 1223 1346 1301 per
1365 1195 1649 1300 impressionem

234 1325 351 1403 lactus
377 1323 458 1402 fuit.

288 1456 504 1563 Requisitus
520 1455 549 1533 si
567 1455 619 1533 sic
633 1456 856 1563 deposuerat
870 1484 997 1562 prece,
1008 1472 1201 1563 precepto,
1211 1457 1366 1545 timore,
1386 1485 1526 1547 amore,
1543 1458 1648 1549 odio,

233 1587 289 1663 vel
310 1585 509 1693 temporali
529 1586 689 1663 comodo
707 1586 835 1663 habito
855 1585 914 1662 vel
929 1586 1118 1678 habendo,
1139 1587 1335 1693 respondit
1349 1587 1455 1692 quod
1473 1615 1566 1678 non,
1584 1588 1652 1666 sed

233 1746 301 1823 pro
326 1716 480 1794 veritate
503 1715 680 1805 diceuda3
710 1717 768 1792 cui
793 1716 877 1793 luit·
890 1715 1103 1823 injunctum
1129 1717 1236 1822 quod
1261 1744 1338 1794 non
1357 1715 1539 1794 revelaret
1556 1718 1653 1795 hauc

233 1874 337 1923 suam
348 1845 647 1951 deposiciouem,
663 1873 861 1952 quousque
882 1845 1140 1923 attestaciones
1154 1844 1294 1923 luerint
1312 1846 1517 1951 publicate;
1536 1864 1575 1924 et
1593 1849 1653 1924 in·

233 1974 426 2090 telligebat
445 1975 633 2052 Latinum.

288 2104 378 2183 Acta
396 2104 551 2181 fuerunt
571 2105 641 2182 bec
659 2105 768 2182 dictis
788 2105 850 2182 'die
868 2123 907 2181 et
920 2104 1020 2192 loco,
1043 2105 1281 2210 presentibus
1298 2106 1475 2215 magistro
1495 2107 1650 2199 Amisio,

232 2262 294 2312 me
323 2235 575 2313 Floriamonte
605 2235 823 2322 Dondedei,
859 2252 897 2312 et
927 2235 1009 2312 aliis
1034 2235 1205 2312 notariis·
1228 2263 1340 2341 supra
1371 2237 1508 2316 ultimo
1535 2238 1653 2319 nomi-

232 2382 336 2443 natis.

286 2630 475 2714 Posthac,
499 2628 560 2707 die
581 2629 681 2705 lovis
700 2628 986 2736 sequeuti,.que
1006 2628 1080 2705 fuit
1098 2655 1160 2706 x1u
1178 2629 1260 2706 dies
1280 2627 1368 2707 dicti
1385 2630 1527 2707 mensis
1543 2631 1648 2720 maii,

233 2760 302 2837 luit
324 2761 510 2837 adductus
535 2759 582 2838 ad
606 2761 836 2867 presenciam
862 2759 1086 2837 eorumdem
1112 2760 1357 2836 dominorum
1378 2762 1651 2839 commissario-

233 2918 333 2980 rum,
360 2891 400 2966 in
423 2891 541 2968 domo
559 2890 727 2995 predicta
751 2890 894 2966 domini
919 2889 1019 2965 Petri
1042 2890 1089 2965 de
1109 2888 1311 2977 sabaudia,
1328 2888 1441 2965 frater
1455 2889 1581 2967 Gnido
1599 2892 1652 2968 las

234 3019 493 3097 Chaussandas
513 3021 692 3113 servieus,
709 3020 986 3099 Lemovicensis
1006 3019 1181 3111 diocesis,
1200 3020 1305 3095 testis
1317 3047 1428 3125 supra
1432 3019 1597 3126 juratus,
1610 3039 1653 3099 nt

234 3152 442 3256 deponeret
458 3151 603 3227 dictum
623 3179 752 3240 suum,
774 3151 1091 3258 quadragenarius
1111 3150 1168 3226 vel
1185 3149 1298 3239 circa,
1320 3149 1474 3227 barbam
1490 3150 1651 3227 sednon

233 3280 455 3357 mantellum
473 3280 678 3369 defferens,
700 3281 787 3388 qnia
804 3283 927 3387 ipsum
954 3280 1147 3357 dimiserat
1166 3296 1347 3358 vetustate
1373 3297 1649 3384 consumptum,

232 3438 319 3487 cum
338 3438 416 3516 quo
436 3389 660 3517 inquisitum
676 3411 814 3503 luerat,
832 3410 1027 3488 absolutus
1041 3426 1080 3486 et
1094 3409 1355 3488 reconciliatus
1368 3439 1436 3516 per
1452 3410 1652 3487 dominnm

230 3540 450 3646 episcopum
474 3541 939 3619 Lemovicensem.-Lectis
958 3557 1085 3618 autem
1106 3557 1143 3617 et
1164 3539 1364 3647 diligenter
1385 3539 1561 3645 expositis
1580 3539 1652 3616 sibi

233 3669 411 3747 omnibus
429 3686 467 3747 et
484 3668 643 3778 siugulis
661 3672 846 3763 articulis,
867 3671 1063 3777 respondit
1079 3671 1185 3776 quod
1204 3670 1354 3746 nullum
1374 3670 1491 3746 alium
1511 3670 1654 3746 viderat

233 3799 271 3873 in
293 3799 426 3876 ordine
446 3800 581 3907 recipi,
604 3829 674 3877 uec
690 3800 911 3879 interfuerat
929 3799 1103 3905 capitulis
1123 3799 1361 3888 eorumdem,
1382 3799 1486 3876 unde
1508 3800 1652 3876 nascie-

233 3928 407 4019 bat„nec
422 3930 617 4016 credebat,
635 3960 705 4008 nec
724 3931 918 4008 audiverat
937 3930 1010 4007 dici
1032 3930 1080 4006 de
1099 3927 1285 4007 contentis
1304 3929 1344 4005 iu
1365 3929 1473 4006 dictis
1488 3927 1652 4004 articulis

233 4059 303 4137 nisi
321 4060 424 4165 quod
445 4062 639 4167 sequitur:
660 4061 752 4138 dixit
771 4061 929 4138 enimse
950 4060 1071 4138 fuisse·
1084 4077 1278 4165 receptum
1296 4059 1335 4134 in
1356 4057 1497 4165 capella
1515 4057 1652 4134 domus

232 4188 382 4296 Templi
396 4189 443 4267 de
456 4191 643 4268 Paulbaco
657 4192 932 4270 Lemovicensis
948 4191 1121 4279 diocesis,
1139 4191 1233 4268 circa
1245 4190 1387 4266 instans
1400 4186 1539 4264 festum
1551 4186 1651 4263 beati

232 4321 384 4399 Martini
409 4321 583 4399 hiemalis
608 4340 721 4400 erunt
742 4324 890 4401 circiter
912 4349 958 4399 xx
980 4321 1086 4412 anni,
1107 4349 1176 4427 per
1198 4319 1350 4397 fratrem
1373 4317 1585 4397 Gerardum
1603 4318 1651 4396 de

232 4449 390 4530 samaa
411 4450 572 4529 militem
594 4452 804 4558 aronam,
826 4452 1063 4559 presentibus
1081 4429 1258 4530 sasinus
1277 4450 1460 4527 nemaeo
1481 4448 1650 4527 suarem

233 4597 269 4656 et
293 4582 405 4658 Petro
432 4583 645 4688 Raynaudi,
673 4583 857 4660 avunculo
880 4583 998 4688 ipsius
1020 4579 1412 4667 testis,·servientibus
1434 4577 1650 4670 deffunctis3

233 4737 343 4817 aquo
357 4729 569 4819 receptore,
588 4714 793 4791 instructus
806 4741 873 4820 per
885 4710 993 4800 alios,
1009 4710 1124 4817 peciit
1135 4738 1271 4817 panem
1286 4728 1325 4789 et
1337 4738 1475 4817 aquam
1488 4709 1648 4798 ordinis,

232 4859 269 4918 et
292 4871 379 4920 curn
405 4844 440 4920 ei
465 4846 723 4933 concessisset,
743 4844 831 4922 fecit
851 4872 939 4921 eum
957 4859 1147 4921 vovere-et
1163 4841 1290 4949 jurare
1311 4842 1531 4927 castitatem,
1558 4840 1651 4916 obe-

339 4983 445 5042 rnoc‘rs
468 5001 520 5042 ons
543 5002 814 5044 ranimirus—rr.
1346 5026 1351 5039 .
1453 4998 1492 5062 ²9
