4236 5948
765 334 793 369 ,ρ

342 527 364 595 o
484 606 491 616 ,
737 501 932 596 raucas
959 520 1053 593 nas
1080 520 1380 595 resumens.
1425 578 1432 594 .

340 681 581 793 presentibus
610 680 681 757 nisi
706 678 883 758 fratribus
912 680 1068 759 ordinis.
1099 681 1278 761 Cordulis
1307 683 1555 790 cingebantur
1577 714 1688 793 supra
1722 716 1776 764 ca-

341 816 483 905 misias‚
501 844 593 923 quas
611 813 844 921 recipiebant
857 815 962 892 unde
977 813 1165 892 volebant.
1188 815 1404 923 Injunctum
1425 817 1549 894 fuitei
1571 819 1676 925 quod
1696 846 1774 897 non

341 948 523 1027 revelaret
542 964 682 1024 secreta
699 946 969 1054 capitulorum,
992 975 1070 1025 non
1085 947 1182 1025 lacta
1197 947 1268 1025 alia
1288 949 1486 1027 mancione
1508 950 1555 1028 de
1579 952 1694 1028 modo
1713 980 1774 1028 re·

343 1079 549 1188 cepoionis;
569 1108 647 1158 non
664 1096 792 1156 tamen
803 1077 955 1185 juravit.
978 1079 1018 1157 Si
1035 1097 1142 1157 erant
1162 1079 1279 1187 aliqui
1298 1082 1364 1190 qui
1385 1098 1550 1160 secretos
1569 1108 1715 1161 errores
1734 1083 1772 1159 in

343 1214 476 1291 ordine
487 1213 635 1304 scirent,
648 1209 882 1321 negligentes
897 1210 1054 1288 luerunt
1068 1213 1157 1319 quia
1172 1242 1250 1290 non
1263 1215 1585 1294 denunciaverunt
1595 1212 1771 1292 Ecclesia.

343 1344 576 1422 Elemosinas
600 1361 638 1421 et
663 1340 958 1450 hospitalitatem
984 1342 1079 1421 vidit
1102 1345 1371 1424 convenienter
1396 1346 1480 1423 fieri
1508 1361 1547 1421 et
1574 1345 1709 1424 servari
1733 1347 1773 1422 in

344 1475 523 1555 domibus
539 1474 684 1553 ordinis
709 1475 747 1550 in
773 1475 912 1581 quibus
934 1473 1006 1551 luit
1027 1494 1277 1555 conversatus.
1299 1477 1387 1555 Fuit
1409 1477 1483 1555 sibi
1505 1477 1649 1554 dictum
1670 1477 1775 1583 quod

343 1625 563 1715 procuraret
580 1607 783 1684 utilitatem
802 1606 947 1684 ordinis
961 1609 1081 1716 juste,
1099 1637 1177 1687 non
1194 1624 1323 1686 tamen
1341 1608 1415 1686 fuit
1434 1609 1574 1685 dictum
1592 1607 1698 1715 quod
1719 1610 1776 1685 in-

340 1743 455 1849 juste.
474 1739 605 1818 Credit
623 1739 728 1846 quod
745 1756 848 1817 totus
869 1738 965 1817 ordo
985 1758 1167 1820 servasset
1182 1740 1280 1819 illud
1296 1741 1400 1848 quod
1419 1770 1577 1848 magnus
1599 1741 1777 1848 Magister

344 1902 432 1950 cum
455 1888 642 1951 conventu
661 1872 861 1950 statuisset.
875 1870 1042 1952 Grandia
1059 1873 1251 1966 scandala,
1273 1873 1437 1979 suspicio
1456 1889 1495 1950 et
1514 1871 1668 1949 infamia
1688 1890 1775 1949 sunt

345 2023 471 2083 exorta
489 2032 594 2080 nunc
608 2020 738 2081 contra
757 2003 944 2081 ordinem.

399 2134 618 2243 Requisitus
634 2135 665 2213 si
679 2136 731 2212 sic
748 2135 974 2244 deposuerat
990 2165 1118 2244 prece,
1141 2155 1337 2244 precepto,
1351 2138 1505 2228 timore,
1526 2165 1671 2228 amore,
1685 2137 1774 2215 odio

343 2266 402 2344 vel
416 2267 617 2375 temporali
636 2267 797 2346 comodo
821 2267 952 2346 habito
965 2267 1024 2345 vel
1038 2268 1233 2361 habendo,
1253 2268 1450 2375 respondit
1471 2269 1576 2375 quod
1597 2296 1690 2356 non,
1708 2268 1773 2343 sed

344 2426 413 2505 pro
437 2399 591 2477 veritate
615 2398 793 2488 dicenda3
817 2399 877 2476 cui
903 2398 976 2475 luit
997 2400 1213 2507 injunctum
1242 2401 1349 2507 quod
1373 2429 1451 2478 non
1475 2400 1655 2478 revelaret
1680 2400 1775 2476 hanc

344 2556 452 2607 suam
473 2529 757 2638 deposicionem
777 2559 981 2638 quousque
1002 2532 1265 2610 attestaciones
1280 2529 1424 2609 luerint
1443 2531 1645 2638 publicata.

401 2661 492 2739 Acta
502 2662 739 2740 suerunthec
749 2663 810 2738 die
828 2679 865 2739 et
875 2662 961 2740 loco
972 2663 1422 2770 predictis,presentibus
1431 2663 1609 2771 magistro
1618 2661 1773 2751 Amisia,

345 2818 407 2868 me
422 2794 679 2873 Floriamonte
694 2793 915 2885 Dondedei,
939 2811 977 2872 et
997 2793 1080 2873 aliis
1095 2794 1251 2873 notariis
1271 2824 1383 2900 supra
1399 2794 1538 2871 ultimo
1558 2793 1774 2871 nominatis.

400 3059 489 3135 Post
501 3057 583 3148 hec,
600 3056 662 3134 die
678 3057 785 3132 Lune
802 3057 988 3160 sequenti,
1007 3083 1083 3163 que
1100 3054 1172 3132 luit
1189 3081 1252 3134 vru
1270 3055 1351 3131 dies
1368 3054 1458 3130 dicti
1472 3053 1613 3131 mensis
1634 3055 1774 3142 Marcii,

344 3186 688 3287 lueruntadducti
717 3214 786 3292 pro
817 3185 978 3263 testibus
1020 3184 1068 3263 ad
1099 3186 1331 3292 presenciam
1365 3211 1498 3261 eorum
1531 3184 1774 3263 dominorum

344 3317 702 3404 commissariorum,
721 3316 760 3392 in
782 3316 898 3393 domo
918 3316 1086 3423 predicta
1108 3316 1266 3394 fratrum
1288 3315 1494 3404 Minornru,
1516 3315 1648 3394 fratres
1669 3317 1777 3395 Guil-

344 3449 483 3527 lelmus
497 3448 544 3525 de
556 3450 721 3557 Torrage
736 3445 846 3524 miles
857 3447 1113 3536 Carnutensis,
1123 3446 1355 3526 Guillelmus
1366 3445 1443 3524 deu
1456 3447 1568 3556 Liege
1579 3467 1777 3555 preceptor

346 3581 394 3659 de
409 3578 586 3687 Rupella,
606 3582 647 3657 P.
663 3559 879 3657 Th'eobaldi
890 3595 1091 3686 preceptor
1103 3578 1152 3655 de
1165 3579 1297 3655 Castro
1313 3579 1493 3655 Bernardi
1507 3581 1775 3671 Xantonensis,

345 3731 383 3791 et
411 3712 537 3790 Helias
568 3710 762 3820 Raynaudi
791 3710 1122 3816 Petragoricensis,
1153 3726 1352 3816 preceptor
1381 3711 1519 3789 domus
1550 3713 1702 3818 Templi
1730 3716 1776 3790 de

344 3846 505 3953 Dougno
528 3843 688 3921 diocesis
703 3840 971 3932 Xantonensis,
993 3840 1225 3925 Guillelmus
1244 3842 1375 3919 Terice
1396 3844 1709 3934 Cenomanensis,
1740 3864 1777 3922 et

344 3977 511 4055 Th0mas
533 3975 579 4052 de
604 3974 817 4082 Panpalona
842 3991 1041 4080 preceptor
1063 3974 1201 4051 domus
1223 3972 1394 4051 d’Averin
1416 3975 1453 4050 in
1481 3977 1662 4052 Navernia
1682 3978 1777 4053 Pan-

343 4108 576 4215 palonensis,
600 4124 637 4184 et
653 4106 790 4184 domus
811 4106 859 4183 de
882 4105 977 4184 Riba
992 4106 1138 4183 Forada
1163 4106 1483 4183 Therasconensis
1501 4107 1673 4185 diocesis.
1699 4109 1777 4201 Qui

342 4243 450 4319 tactis
463 4239 704 4317 sacrosanctis
716 4236 1156 4347 Evangeliisjuraverunt
1171 4238 1295 4315 dicere
1312 4238 1351 4313 in
1366 4235 1439 4315 isto
1451 4238 1609 4345 negocio
1623 4237 1776 4344 plenam

345 4388 384 4448 et
400 4398 543 4447 meram
564 4368 772 4459 veritatem,
797 4369 1009 4448 secundum
1029 4370 1188 4448 formam
1205 4368 1413 4478 juramenti
1433 4367 1596 4447 aliorum
1621 4369 1775 4446 testium

344 4501 519 4609 superius
532 4501 781 4610 registratam,
798 4502 1005 4609 expositam
1027 4522 1064 4579 et
1078 4499 1341 4609 vulgarizatam
1361 4499 1517 4578 eisdem.

402 4764 490 4858 Quo
514 4763 628 4855 lacto,
654 4764 777 4843 dietus
796 4764 910 4842 frater
925 4763 1154 4844 Guillelmus
1176 4764 1224 4841 de
1243 4763 1359 4873 Liege
1377 4765 1559 4853 serviens,
1577 4782 1781 4871 preceptor¹

345 4896 394 4974 de
408 4896 567 5004 Rupella
583 4898 834 4977 Xantonensis
850 4897 1027 4990 diocesis,
1043 4896 1150 4976 testis
1169 4925 1281 5003 supra
1295 4897 1455 5006 juratus,
1474 4896 1698 4975 mantellum
1715 4926 1777 4974 or·
1909 4934 1912 4939 ·
