<?xml version="1.0" encoding="UTF-8"?>
<!DOCTYPE html PUBLIC "-//W3C//DTD XHTML 1.0 Transitional//EN"
    "http://www.w3.org/TR/xhtml1/DTD/xhtml1-transitional.dtd">
<html xmlns="http://www.w3.org/1999/xhtml" xml:lang="en" lang="en">
 <head>
  <title>
</title>
<meta http-equiv="Content-Type" content="text/html;charset=utf-8" />
  <meta name='ocr-system' content='tesseract 3.04.00' />
  <meta name='ocr-capabilities' content='ocr_page ocr_carea ocr_par ocr_line ocrx_word'/>
</head>
<body>
  <div class='ocr_page' id='page_1' title='image "./procsdestemplie00defegoog/procsdestemplie00defegoog_0413.png"; bbox 0 0 4236 5948; ppageno 0'>
   <div class='ocr_carea' id='block_1_1' title="bbox 733 509 1762 611">
    <p class='ocr_par' dir='ltr' id='par_1_1' title="bbox 733 509 1762 611">
     <span class='ocr_line' id='line_1_1' title="bbox 733 509 1762 611; baseline 0.006 -8"><span class='ocrx_word' id='word_1_1' title='bbox 733 509 929 605; x_wconf 79' lang='lat' dir='ltr'>raocas</span> <span class='ocrx_word' id='word_1_2' title='bbox 955 529 1050 601; x_wconf 83' lang='lat' dir='ltr'>uus</span> <span class='ocrx_word' id='word_1_3' title='bbox 1077 529 1374 605; x_wconf 80' lang='lat' dir='ltr'>ruurutuns.</span> <span class='ocrx_word' id='word_1_4' title='bbox 1693 540 1762 611; x_wconf 83' lang='lat' dir='ltr'>sor</span> 
     </span>
    </p>
   </div>
   <div class='ocr_carea' id='block_1_2' title="bbox 342 671 1768 1173">
    <p class='ocr_par' dir='ltr' id='par_1_2' title="bbox 342 671 1768 1173">
     <span class='ocr_line' id='line_1_2' title="bbox 343 671 1766 779; baseline 0.001 -28"><span class='ocrx_word' id='word_1_5' title='bbox 343 674 489 760; x_wconf 80' lang='lat' dir='ltr'>vendis,</span> <span class='ocrx_word' id='word_1_6' title='bbox 511 691 548 749; x_wconf 90' lang='lat' dir='ltr'>et</span> <span class='ocrx_word' id='word_1_7' title='bbox 565 671 744 749; x_wconf 84' lang='lat' dir='ltr'>mantello</span> <span class='ocrx_word' id='word_1_8' title='bbox 765 672 835 749; x_wconf 88' lang='lat' dir='ltr'>sibi</span> <span class='ocrx_word' id='word_1_9' title='bbox 850 672 898 749; x_wconf 91' lang='lat' dir='ltr'>ad</span> <span class='ocrx_word' id='word_1_10' title='bbox 912 671 1050 748; x_wconf 91' lang='lat' dir='ltr'>collum</span> <span class='ocrx_word' id='word_1_11' title='bbox 1065 674 1204 776; x_wconf 91' lang='lat' dir='ltr'>posito,</span> <span class='ocrx_word' id='word_1_12' title='bbox 1224 673 1345 754; x_wconf 87' lang='lat' dir='ltr'>dictus</span> <span class='ocrx_word' id='word_1_13' title='bbox 1359 675 1543 779; x_wconf 85' lang='lat' dir='ltr'>recipiens</span> <span class='ocrx_word' id='word_1_14' title='bbox 1559 677 1667 751; x_wconf 89' lang='lat' dir='ltr'>traxit</span> <span class='ocrx_word' id='word_1_15' title='bbox 1682 709 1766 753; x_wconf 89' lang='lat' dir='ltr'>eum</span> 
     </span>
     <span class='ocr_line' id='line_1_3' title="bbox 343 800 1766 911; baseline 0.001 -28"><span class='ocrx_word' id='word_1_16' title='bbox 343 806 391 883; x_wconf 91' lang='lat' dir='ltr'>ad</span> <span class='ocrx_word' id='word_1_17' title='bbox 406 822 549 911; x_wconf 88' lang='lat' dir='ltr'>partem</span> <span class='ocrx_word' id='word_1_18' title='bbox 564 805 670 910; x_wconf 86' lang='lat' dir='ltr'>juxta</span> <span class='ocrx_word' id='word_1_19' title='bbox 687 803 818 894; x_wconf 89' lang='lat' dir='ltr'>altare,</span> <span class='ocrx_word' id='word_1_20' title='bbox 842 820 879 881; x_wconf 90' lang='lat' dir='ltr'>et</span> <span class='ocrx_word' id='word_1_21' title='bbox 898 800 984 880; x_wconf 83' lang='lat' dir='ltr'>fecit</span> <span class='ocrx_word' id='word_1_22' title='bbox 999 829 1038 879; x_wconf 89' lang='lat' dir='ltr'>se</span> <span class='ocrx_word' id='word_1_23' title='bbox 1055 802 1211 880; x_wconf 86' lang='lat' dir='ltr'>osculari</span> <span class='ocrx_word' id='word_1_24' title='bbox 1228 832 1248 880; x_wconf 93' lang='lat' dir='ltr'>a</span> <span class='ocrx_word' id='word_1_25' title='bbox 1268 803 1368 881; x_wconf 90' lang='lat' dir='ltr'>dicto</span> <span class='ocrx_word' id='word_1_26' title='bbox 1382 802 1492 881; x_wconf 78' lang='lat' dir='ltr'>fratre</span> <span class='ocrx_word' id='word_1_27' title='bbox 1509 805 1546 880; x_wconf 92' lang='lat' dir='ltr'>in</span> <span class='ocrx_word' id='word_1_28' title='bbox 1569 805 1766 896; x_wconf 83' lang='lat' dir='ltr'>umbilico,</span> 
     </span>
     <span class='ocr_line' id='line_1_4' title="bbox 344 932 1765 1043; baseline -0.002 -28"><span class='ocrx_word' id='word_1_29' title='bbox 344 953 481 1042; x_wconf 87' lang='lat' dir='ltr'>etpost</span> <span class='ocrx_word' id='word_1_30' title='bbox 502 933 666 1012; x_wconf 86' lang='lat' dir='ltr'>ostendit</span> <span class='ocrx_word' id='word_1_31' title='bbox 684 934 754 1011; x_wconf 86' lang='lat' dir='ltr'>sibi</span> <span class='ocrx_word' id='word_1_32' title='bbox 776 932 978 1039; x_wconf 84' lang='lat' dir='ltr'>quamdam</span> <span class='ocrx_word' id='word_1_33' title='bbox 999 961 1147 1011; x_wconf 90' lang='lat' dir='ltr'>crucem</span> <span class='ocrx_word' id='word_1_34' title='bbox 1167 964 1314 1039; x_wconf 88' lang='lat' dir='ltr'>parvam</span> <span class='ocrx_word' id='word_1_35' title='bbox 1331 935 1510 1043; x_wconf 82' lang='lat' dir='ltr'>ligneam,</span> <span class='ocrx_word' id='word_1_36' title='bbox 1534 967 1605 1041; x_wconf 86' lang='lat' dir='ltr'>que</span> <span class='ocrx_word' id='word_1_37' title='bbox 1625 936 1765 1014; x_wconf 83' lang='lat' dir='ltr'>solebat</span> 
     </span>
     <span class='ocr_line' id='line_1_5' title="bbox 342 1063 1768 1173; baseline 0 -30"><span class='ocrx_word' id='word_1_38' title='bbox 342 1065 482 1172; x_wconf 88' lang='lat' dir='ltr'>portari</span> <span class='ocrx_word' id='word_1_39' title='bbox 503 1064 550 1141; x_wconf 86' lang='lat' dir='ltr'>ad</span> <span class='ocrx_word' id='word_1_40' title='bbox 569 1063 700 1142; x_wconf 89' lang='lat' dir='ltr'>funera</span> <span class='ocrx_word' id='word_1_41' title='bbox 720 1064 859 1142; x_wconf 80' lang='lat' dir='ltr'>familie</span> <span class='ocrx_word' id='word_1_42' title='bbox 881 1064 1033 1153; x_wconf 88' lang='lat' dir='ltr'>domus,</span> <span class='ocrx_word' id='word_1_43' title='bbox 1057 1081 1094 1141; x_wconf 91' lang='lat' dir='ltr'>et</span> <span class='ocrx_word' id='word_1_44' title='bbox 1108 1066 1274 1171; x_wconf 80' lang='lat' dir='ltr'>precepit</span> <span class='ocrx_word' id='word_1_45' title='bbox 1288 1066 1358 1143; x_wconf 91' lang='lat' dir='ltr'>sibi</span> <span class='ocrx_word' id='word_1_46' title='bbox 1374 1068 1479 1173; x_wconf 93' lang='lat' dir='ltr'>quod</span> <span class='ocrx_word' id='word_1_47' title='bbox 1494 1086 1642 1172; x_wconf 86' lang='lat' dir='ltr'>spueret</span> <span class='ocrx_word' id='word_1_48' title='bbox 1658 1098 1768 1173; x_wconf 88' lang='lat' dir='ltr'>supra</span> 
     </span>
    </p>
   </div>
   <div class='ocr_carea' id='block_1_3' title="bbox 232 1194 1766 1301">
    <p class='ocr_par' dir='ltr' id='par_1_3' title="bbox 232 1194 1766 1301">
     <span class='ocr_line' id='line_1_6' title="bbox 232 1194 1766 1301; baseline 0.001 -28"><span class='ocrx_word' id='word_1_49' title='bbox 232 1252 235 1258; x_wconf 74' lang='lat'>,</span> <span class='ocrx_word' id='word_1_50' title='bbox 344 1223 510 1282; x_wconf 79' lang='lat' dir='ltr'>crucem3</span> <span class='ocrx_word' id='word_1_51' title='bbox 531 1212 570 1272; x_wconf 90' lang='lat' dir='ltr'>et</span> <span class='ocrx_word' id='word_1_52' title='bbox 590 1195 668 1299; x_wconf 89' lang='lat' dir='ltr'>ipse</span> <span class='ocrx_word' id='word_1_53' title='bbox 691 1194 834 1300; x_wconf 83' lang='lat' dir='ltr'>fingens</span> <span class='ocrx_word' id='word_1_54' title='bbox 847 1222 981 1300; x_wconf 83' lang='lat' dir='ltr'>spuere</span> <span class='ocrx_word' id='word_1_55' title='bbox 1001 1223 1112 1300; x_wconf 89' lang='lat' dir='ltr'>supra</span> <span class='ocrx_word' id='word_1_56' title='bbox 1132 1224 1296 1288; x_wconf 90' lang='lat' dir='ltr'>crucem,</span> <span class='ocrx_word' id='word_1_57' title='bbox 1316 1198 1416 1301; x_wconf 85' lang='lat' dir='ltr'>spuit</span> <span class='ocrx_word' id='word_1_58' title='bbox 1435 1199 1483 1274; x_wconf 89' lang='lat' dir='ltr'>ad</span> <span class='ocrx_word' id='word_1_59' title='bbox 1502 1216 1649 1273; x_wconf 88' lang='lat' dir='ltr'>terram.</span> <span class='ocrx_word' id='word_1_60' title='bbox 1667 1199 1766 1275; x_wconf 81' lang='lat' dir='ltr'>Dixit</span> 
     </span>
    </p>
   </div>
   <div class='ocr_carea' id='block_1_4' title="bbox 345 1324 1768 1433">
    <p class='ocr_par' dir='ltr' id='par_1_4' title="bbox 345 1324 1768 1433">
     <span class='ocr_line' id='line_1_7' title="bbox 345 1324 1768 1433; baseline 0.001 -30"><span class='ocrx_word' id='word_1_61' title='bbox 345 1326 461 1403; x_wconf 81' lang='lat' dir='ltr'>eciam</span> <span class='ocrx_word' id='word_1_62' title='bbox 478 1354 547 1430; x_wconf 88' lang='lat' dir='ltr'>per</span> <span class='ocrx_word' id='word_1_63' title='bbox 560 1326 818 1431; x_wconf 88' lang='lat' dir='ltr'>juramentum</span> <span class='ocrx_word' id='word_1_64' title='bbox 833 1354 943 1402; x_wconf 86' lang='lat' dir='ltr'>suum</span> <span class='ocrx_word' id='word_1_65' title='bbox 959 1324 1063 1431; x_wconf 90' lang='lat' dir='ltr'>quod</span> <span class='ocrx_word' id='word_1_66' title='bbox 1082 1325 1202 1404; x_wconf 89' lang='lat' dir='ltr'>dictus</span> <span class='ocrx_word' id='word_1_67' title='bbox 1215 1327 1400 1432; x_wconf 89' lang='lat' dir='ltr'>recipiens</span> <span class='ocrx_word' id='word_1_68' title='bbox 1419 1327 1510 1405; x_wconf 80' lang='lat' dir='ltr'>dixit</span> <span class='ocrx_word' id='word_1_69' title='bbox 1529 1327 1617 1419; x_wconf 86' lang='lat' dir='ltr'>sibi,</span> <span class='ocrx_word' id='word_1_70' title='bbox 1634 1348 1671 1404; x_wconf 87' lang='lat' dir='ltr'>et</span> <span class='ocrx_word' id='word_1_71' title='bbox 1683 1357 1768 1433; x_wconf 88' lang='lat' dir='ltr'>pre·</span> 
     </span>
    </p>
   </div>
   <div class='ocr_carea' id='block_1_5' title="bbox 343 1455 1892 1563">
    <p class='ocr_par' dir='ltr' id='par_1_5' title="bbox 343 1455 1892 1563">
     <span class='ocr_line' id='line_1_8' title="bbox 343 1455 1892 1563; baseline 0.001 -31"><span class='ocrx_word' id='word_1_72' title='bbox 343 1457 442 1561; x_wconf 87' lang='lat' dir='ltr'>cepit</span> <span class='ocrx_word' id='word_1_73' title='bbox 460 1455 564 1560; x_wconf 92' lang='lat' dir='ltr'>quod</span> <span class='ocrx_word' id='word_1_74' title='bbox 581 1456 734 1533; x_wconf 90' lang='lat' dir='ltr'>omnino</span> <span class='ocrx_word' id='word_1_75' title='bbox 748 1455 950 1534; x_wconf 76' lang='lat' dir='ltr'>abstineret</span> <span class='ocrx_word' id='word_1_76' title='bbox 965 1485 986 1532; x_wconf 92' lang='lat' dir='ltr'>a</span> <span class='ocrx_word' id='word_1_77' title='bbox 1000 1456 1241 1547; x_wconf 91' lang='lat' dir='ltr'>mulieribus,</span> <span class='ocrx_word' id='word_1_78' title='bbox 1256 1476 1292 1535; x_wconf 93' lang='lat' dir='ltr'>et</span> <span class='ocrx_word' id='word_1_79' title='bbox 1305 1458 1408 1563; x_wconf 92' lang='lat' dir='ltr'>quod</span> <span class='ocrx_word' id='word_1_80' title='bbox 1422 1458 1551 1536; x_wconf 87' lang='lat' dir='ltr'>fratres</span> <span class='ocrx_word' id='word_1_81' title='bbox 1567 1460 1656 1535; x_wconf 87' lang='lat' dir='ltr'>dicti</span> <span class='ocrx_word' id='word_1_82' title='bbox 1668 1460 1767 1537; x_wconf 90' lang='lat' dir='ltr'>ordi·</span> <span class='ocrx_word' id='word_1_83' title='bbox 1871 1507 1892 1563; x_wconf 80' lang='lat'>¹·</span> 
     </span>
    </p>
   </div>
   <div class='ocr_carea' id='block_1_6' title="bbox 341 1587 1766 2344">
    <p class='ocr_par' dir='ltr' id='par_1_6' title="bbox 341 1587 1766 2344">
     <span class='ocr_line' id='line_1_9' title="bbox 343 1587 1764 1681; baseline 0.001 -18"><span class='ocrx_word' id='word_1_84' title='bbox 343 1587 403 1664; x_wconf 82' lang='lat' dir='ltr'>nis</span> <span class='ocrx_word' id='word_1_85' title='bbox 422 1587 637 1664; x_wconf 90' lang='lat' dir='ltr'>admitteret</span> <span class='ocrx_word' id='word_1_86' title='bbox 656 1587 704 1664; x_wconf 90' lang='lat' dir='ltr'>ad</span> <span class='ocrx_word' id='word_1_87' title='bbox 719 1587 856 1664; x_wconf 87' lang='lat' dir='ltr'>lectum</span> <span class='ocrx_word' id='word_1_88' title='bbox 869 1616 997 1677; x_wconf 86' lang='lat' dir='ltr'>suum,</span> <span class='ocrx_word' id='word_1_89' title='bbox 1018 1605 1053 1664; x_wconf 89' lang='lat' dir='ltr'>et</span> <span class='ocrx_word' id='word_1_90' title='bbox 1068 1587 1240 1665; x_wconf 89' lang='lat' dir='ltr'>similiter</span> <span class='ocrx_word' id='word_1_91' title='bbox 1260 1591 1331 1666; x_wconf 92' lang='lat' dir='ltr'>iret</span> <span class='ocrx_word' id='word_1_92' title='bbox 1350 1590 1397 1665; x_wconf 94' lang='lat' dir='ltr'>ad</span> <span class='ocrx_word' id='word_1_93' title='bbox 1412 1590 1527 1668; x_wconf 88' lang='lat' dir='ltr'>lectos</span> <span class='ocrx_word' id='word_1_94' title='bbox 1549 1591 1719 1681; x_wconf 85' lang='lat' dir='ltr'>fratrum,</span> <span class='ocrx_word' id='word_1_95' title='bbox 1736 1594 1764 1668; x_wconf 90' lang='lat' dir='ltr'>si</span> 
     </span>
     <span class='ocr_line' id='line_1_10' title="bbox 343 1715 1766 1827; baseline 0.002 -34"><span class='ocrx_word' id='word_1_96' title='bbox 343 1715 545 1823; x_wconf 74' lang='lat' dir='ltr'>indigeret,</span> <span class='ocrx_word' id='word_1_97' title='bbox 568 1734 604 1793; x_wconf 88' lang='lat' dir='ltr'>et</span> <span class='ocrx_word' id='word_1_98' title='bbox 623 1717 741 1793; x_wconf 88' lang='lat' dir='ltr'>credit</span> <span class='ocrx_word' id='word_1_99' title='bbox 759 1719 1000 1823; x_wconf 91' lang='lat' dir='ltr'>postmodum</span> <span class='ocrx_word' id='word_1_100' title='bbox 1015 1719 1119 1825; x_wconf 92' lang='lat' dir='ltr'>quod</span> <span class='ocrx_word' id='word_1_101' title='bbox 1134 1738 1229 1797; x_wconf 88' lang='lat' dir='ltr'>osset</span> <span class='ocrx_word' id='word_1_102' title='bbox 1250 1749 1291 1796; x_wconf 91' lang='lat' dir='ltr'>ea</span> <span class='ocrx_word' id='word_1_103' title='bbox 1306 1722 1517 1797; x_wconf 89' lang='lat' dir='ltr'>intencione</span> <span class='ocrx_word' id='word_1_104' title='bbox 1538 1722 1641 1827; x_wconf 89' lang='lat' dir='ltr'>quod</span> <span class='ocrx_word' id='word_1_105' title='bbox 1662 1721 1766 1797; x_wconf 83' lang='lat' dir='ltr'>habi-</span> 
     </span>
     <span class='ocr_line' id='line_1_11' title="bbox 341 1846 1766 1957; baseline 0.002 -32"><span class='ocrx_word' id='word_1_106' title='bbox 341 1865 461 1925; x_wconf 81' lang='lat' dir='ltr'>tarent</span> <span class='ocrx_word' id='word_1_107' title='bbox 476 1846 671 1924; x_wconf 87' lang='lat' dir='ltr'>carnaliter</span> <span class='ocrx_word' id='word_1_108' title='bbox 690 1876 885 1925; x_wconf 83' lang='lat' dir='ltr'>unusctun</span> <span class='ocrx_word' id='word_1_109' title='bbox 901 1849 986 1926; x_wconf 90' lang='lat' dir='ltr'>alio.</span> <span class='ocrx_word' id='word_1_110' title='bbox 1008 1851 1256 1957; x_wconf 84' lang='lat' dir='ltr'>Interrogatus</span> <span class='ocrx_word' id='word_1_111' title='bbox 1275 1869 1402 1927; x_wconf 91' lang='lat' dir='ltr'>utrum</span> <span class='ocrx_word' id='word_1_112' title='bbox 1421 1854 1472 1941; x_wconf 90' lang='lat' dir='ltr'>vi,</span> <span class='ocrx_word' id='word_1_113' title='bbox 1495 1851 1553 1928; x_wconf 88' lang='lat' dir='ltr'>vel</span> <span class='ocrx_word' id='word_1_114' title='bbox 1574 1872 1676 1928; x_wconf 90' lang='lat' dir='ltr'>metu</span> <span class='ocrx_word' id='word_1_115' title='bbox 1691 1871 1766 1928; x_wconf 87' lang='lat' dir='ltr'>tor-</span> 
     </span>
     <span class='ocr_line' id='line_1_12' title="bbox 343 1979 1765 2086; baseline 0 -31"><span class='ocrx_word' id='word_1_116' title='bbox 343 1994 557 2056; x_wconf 85' lang='lat' dir='ltr'>mentorum</span> <span class='ocrx_word' id='word_1_117' title='bbox 579 1995 644 2056; x_wconf 89' lang='lat' dir='ltr'>aut</span> <span class='ocrx_word' id='word_1_118' title='bbox 659 1979 831 2069; x_wconf 87' lang='lat' dir='ltr'>carceris,</span> <span class='ocrx_word' id='word_1_119' title='bbox 851 1979 1014 2086; x_wconf 89' lang='lat' dir='ltr'>aliquam</span> <span class='ocrx_word' id='word_1_120' title='bbox 1032 1979 1228 2057; x_wconf 80' lang='lat' dir='ltr'>salsitatem</span> <span class='ocrx_word' id='word_1_121' title='bbox 1248 1982 1382 2058; x_wconf 84' lang='lat' dir='ltr'>dixerit</span> <span class='ocrx_word' id='word_1_122' title='bbox 1397 2001 1460 2060; x_wconf 91' lang='lat' dir='ltr'>aut</span> <span class='ocrx_word' id='word_1_123' title='bbox 1472 1983 1713 2059; x_wconf 87' lang='lat' dir='ltr'>immiscuerit</span> <span class='ocrx_word' id='word_1_124' title='bbox 1729 1984 1765 2056; x_wconf 89' lang='lat' dir='ltr'>in</span> 
     </span>
     <span class='ocr_line' id='line_1_13' title="bbox 342 2107 1764 2218; baseline 0.001 -33"><span class='ocrx_word' id='word_1_125' title='bbox 342 2135 406 2185; x_wconf 77' lang='lat' dir='ltr'>stae</span> <span class='ocrx_word' id='word_1_126' title='bbox 423 2107 679 2212; x_wconf 86' lang='lat' dir='ltr'>deposicione,</span> <span class='ocrx_word' id='word_1_127' title='bbox 700 2125 763 2185; x_wconf 88' lang='lat' dir='ltr'>aut</span> <span class='ocrx_word' id='word_1_128' title='bbox 782 2109 974 2186; x_wconf 84' lang='lat' dir='ltr'>veritatem</span> <span class='ocrx_word' id='word_1_129' title='bbox 993 2111 1164 2199; x_wconf 81' lang='lat' dir='ltr'>tacuerit,</span> <span class='ocrx_word' id='word_1_130' title='bbox 1188 2111 1279 2188; x_wconf 81' lang='lat' dir='ltr'>dixit</span> <span class='ocrx_word' id='word_1_131' title='bbox 1295 2141 1363 2217; x_wconf 90' lang='lat' dir='ltr'>per</span> <span class='ocrx_word' id='word_1_132' title='bbox 1376 2114 1633 2218; x_wconf 89' lang='lat' dir='ltr'>juramentum</span> <span class='ocrx_word' id='word_1_133' title='bbox 1654 2142 1764 2187; x_wconf 89' lang='lat' dir='ltr'>suum</span> 
     </span>
     <span class='ocr_line' id='line_1_14' title="bbox 342 2237 1679 2344; baseline 0.004 -31"><span class='ocrx_word' id='word_1_134' title='bbox 342 2237 445 2343; x_wconf 90' lang='lat' dir='ltr'>quod</span> <span class='ocrx_word' id='word_1_135' title='bbox 466 2266 560 2327; x_wconf 69' lang='lat' dir='ltr'>non,</span> <span class='ocrx_word' id='word_1_136' title='bbox 582 2239 697 2315; x_wconf 90' lang='lat' dir='ltr'>immo</span> <span class='ocrx_word' id='word_1_137' title='bbox 712 2267 843 2344; x_wconf 90' lang='lat' dir='ltr'>puram</span> <span class='ocrx_word' id='word_1_138' title='bbox 866 2240 1007 2317; x_wconf 84' lang='lat' dir='ltr'>dixerat</span> <span class='ocrx_word' id='word_1_139' title='bbox 1026 2268 1095 2344; x_wconf 92' lang='lat' dir='ltr'>pro</span> <span class='ocrx_word' id='word_1_140' title='bbox 1110 2240 1228 2318; x_wconf 87' lang='lat' dir='ltr'>salute</span> <span class='ocrx_word' id='word_1_141' title='bbox 1244 2244 1366 2317; x_wconf 86' lang='lat' dir='ltr'>anime</span> <span class='ocrx_word' id='word_1_142' title='bbox 1386 2271 1452 2318; x_wconf 90' lang='lat' dir='ltr'>sue</span> <span class='ocrx_word' id='word_1_143' title='bbox 1473 2243 1679 2318; x_wconf 89' lang='lat' dir='ltr'>veritatem.</span> 
     </span>
    </p>
   </div>
   <div class='ocr_carea' id='block_1_7' title="bbox 340 2494 1766 4683">
    <p class='ocr_par' dir='ltr' id='par_1_7' title="bbox 340 2494 1766 4683">
     <span class='ocr_line' id='line_1_15' title="bbox 395 2494 1763 2606; baseline 0.005 -36"><span class='ocrx_word' id='word_1_144' title='bbox 395 2497 489 2570; x_wconf 88' lang='lat' dir='ltr'>ltem</span> <span class='ocrx_word' id='word_1_145' title='bbox 508 2494 622 2571; x_wconf 81' lang='lat' dir='ltr'>frater</span> <span class='ocrx_word' id='word_1_146' title='bbox 635 2495 821 2572; x_wconf 85' lang='lat' dir='ltr'>lohannes</span> <span class='ocrx_word' id='word_1_147' title='bbox 842 2497 888 2573; x_wconf 90' lang='lat' dir='ltr'>de</span> <span class='ocrx_word' id='word_1_148' title='bbox 911 2499 1068 2574; x_wconf 88' lang='lat' dir='ltr'>Mortuis</span> <span class='ocrx_word' id='word_1_149' title='bbox 1088 2501 1261 2575; x_wconf 86' lang='lat' dir='ltr'>Fontanis</span> <span class='ocrx_word' id='word_1_150' title='bbox 1286 2502 1478 2606; x_wconf 85' lang='lat' dir='ltr'>presbyter</span> <span class='ocrx_word' id='word_1_151' title='bbox 1493 2503 1581 2576; x_wconf 89' lang='lat' dir='ltr'>dicti</span> <span class='ocrx_word' id='word_1_152' title='bbox 1606 2502 1763 2585; x_wconf 83' lang='lat' dir='ltr'>ordinis,</span> 
     </span>
     <span class='ocr_line' id='line_1_16' title="bbox 342 2625 1766 2736; baseline 0.005 -35"><span class='ocrx_word' id='word_1_153' title='bbox 342 2625 450 2702; x_wconf 85' lang='lat' dir='ltr'>etatis</span> <span class='ocrx_word' id='word_1_154' title='bbox 470 2651 574 2701; x_wconf 83' lang='lat' dir='ltr'>xxxvr</span> <span class='ocrx_word' id='word_1_155' title='bbox 590 2654 775 2703; x_wconf 91' lang='lat' dir='ltr'>annorum</span> <span class='ocrx_word' id='word_1_156' title='bbox 791 2626 848 2704; x_wconf 90' lang='lat' dir='ltr'>vel</span> <span class='ocrx_word' id='word_1_157' title='bbox 870 2627 981 2715; x_wconf 88' lang='lat' dir='ltr'>circa,</span> <span class='ocrx_word' id='word_1_158' title='bbox 1006 2628 1141 2705; x_wconf 91' lang='lat' dir='ltr'>eodem</span> <span class='ocrx_word' id='word_1_159' title='bbox 1157 2629 1273 2706; x_wconf 82' lang='lat' dir='ltr'>niodo</span> <span class='ocrx_word' id='word_1_160' title='bbox 1294 2629 1536 2719; x_wconf 89' lang='lat' dir='ltr'>constitutus,</span> <span class='ocrx_word' id='word_1_161' title='bbox 1560 2633 1708 2736; x_wconf 89' lang='lat' dir='ltr'>juratus</span> <span class='ocrx_word' id='word_1_162' title='bbox 1729 2651 1766 2710; x_wconf 87' lang='lat' dir='ltr'>et</span> 
     </span>
     <span class='ocr_line' id='line_1_17' title="bbox 342 2755 1764 2867; baseline 0.004 -35"><span class='ocrx_word' id='word_1_163' title='bbox 342 2755 605 2861; x_wconf 85' lang='lat' dir='ltr'>interrogatus,</span> <span class='ocrx_word' id='word_1_164' title='bbox 639 2756 731 2833; x_wconf 82' lang='lat' dir='ltr'>dixit</span> <span class='ocrx_word' id='word_1_165' title='bbox 759 2785 826 2861; x_wconf 90' lang='lat' dir='ltr'>per</span> <span class='ocrx_word' id='word_1_166' title='bbox 848 2757 1105 2863; x_wconf 90' lang='lat' dir='ltr'>juramentum</span> <span class='ocrx_word' id='word_1_167' title='bbox 1126 2788 1236 2835; x_wconf 92' lang='lat' dir='ltr'>suum</span> <span class='ocrx_word' id='word_1_168' title='bbox 1262 2759 1365 2864; x_wconf 93' lang='lat' dir='ltr'>quod</span> <span class='ocrx_word' id='word_1_169' title='bbox 1384 2777 1556 2866; x_wconf 86' lang='lat' dir='ltr'>receptus</span> <span class='ocrx_word' id='word_1_170' title='bbox 1575 2760 1645 2836; x_wconf 85' lang='lat' dir='ltr'>luit</span> <span class='ocrx_word' id='word_1_171' title='bbox 1666 2764 1764 2867; x_wconf 91' lang='lat' dir='ltr'>apud</span> 
     </span>
     <span class='ocr_line' id='line_1_18' title="bbox 342 2876 1763 2995; baseline 0.003 -34"><span class='ocrx_word' id='word_1_172' title='bbox 342 2884 513 2961; x_wconf 87' lang='lat' dir='ltr'>Puisieus</span> <span class='ocrx_word' id='word_1_173' title='bbox 528 2876 596 2989; x_wconf 81' lang='lat' dir='ltr'>per</span> <span class='ocrx_word' id='word_1_174' title='bbox 614 2884 766 2962; x_wconf 87' lang='lat' dir='ltr'>fratrem</span> <span class='ocrx_word' id='word_1_175' title='bbox 785 2887 983 2995; x_wconf 86' lang='lat' dir='ltr'>Hugonem</span> <span class='ocrx_word' id='word_1_176' title='bbox 997 2888 1045 2965; x_wconf 92' lang='lat' dir='ltr'>de</span> <span class='ocrx_word' id='word_1_177' title='bbox 1065 2889 1251 2977; x_wconf 89' lang='lat' dir='ltr'>Paraud0,</span> <span class='ocrx_word' id='word_1_178' title='bbox 1274 2889 1367 2964; x_wconf 90' lang='lat' dir='ltr'>circa</span> <span class='ocrx_word' id='word_1_179' title='bbox 1388 2888 1524 2965; x_wconf 83' lang='lat' dir='ltr'>festum</span> <span class='ocrx_word' id='word_1_180' title='bbox 1547 2891 1644 2965; x_wconf 92' lang='lat' dir='ltr'>beati</span> <span class='ocrx_word' id='word_1_181' title='bbox 1667 2892 1763 2965; x_wconf 87' lang='lat' dir='ltr'>Mar-</span> 
     </span>
     <span class='ocr_line' id='line_1_19' title="bbox 342 3014 1764 3125; baseline 0.004 -34"><span class='ocrx_word' id='word_1_182' title='bbox 342 3014 412 3093; x_wconf 86' lang='lat' dir='ltr'>tini</span> <span class='ocrx_word' id='word_1_183' title='bbox 432 3014 647 3121; x_wconf 83' lang='lat' dir='ltr'>hyemensis</span> <span class='ocrx_word' id='word_1_184' title='bbox 671 3043 790 3120; x_wconf 89' lang='lat' dir='ltr'>nuper</span> <span class='ocrx_word' id='word_1_185' title='bbox 811 3017 1031 3121; x_wconf 85' lang='lat' dir='ltr'>preteritum</span> <span class='ocrx_word' id='word_1_186' title='bbox 1060 3017 1213 3094; x_wconf 85' lang='lat' dir='ltr'>suerunt</span> <span class='ocrx_word' id='word_1_187' title='bbox 1235 3036 1378 3122; x_wconf 88' lang='lat' dir='ltr'>septem</span> <span class='ocrx_word' id='word_1_188' title='bbox 1400 3021 1499 3107; x_wconf 90' lang='lat' dir='ltr'>anni,</span> <span class='ocrx_word' id='word_1_189' title='bbox 1530 3020 1764 3125; x_wconf 81' lang='lat' dir='ltr'>presentibus</span> 
     </span>
     <span class='ocr_line' id='line_1_20' title="bbox 343 3143 1762 3255; baseline 0.004 -36"><span class='ocrx_word' id='word_1_190' title='bbox 343 3143 452 3220; x_wconf 78' lang='lat' dir='ltr'>fratre</span> <span class='ocrx_word' id='word_1_191' title='bbox 475 3145 669 3223; x_wconf 89' lang='lat' dir='ltr'>Thierrico</span> <span class='ocrx_word' id='word_1_192' title='bbox 691 3146 739 3223; x_wconf 92' lang='lat' dir='ltr'>de</span> <span class='ocrx_word' id='word_1_193' title='bbox 760 3150 913 3254; x_wconf 84' lang='lat' dir='ltr'>Lannoy</span> <span class='ocrx_word' id='word_1_194' title='bbox 933 3164 971 3223; x_wconf 92' lang='lat' dir='ltr'>et</span> <span class='ocrx_word' id='word_1_195' title='bbox 993 3148 1221 3253; x_wconf 91' lang='lat' dir='ltr'>quibusdam</span> <span class='ocrx_word' id='word_1_196' title='bbox 1247 3147 1327 3224; x_wconf 91' lang='lat' dir='ltr'>aliis</span> <span class='ocrx_word' id='word_1_197' title='bbox 1346 3148 1523 3225; x_wconf 79' lang='lat' dir='ltr'>fratribus</span> <span class='ocrx_word' id='word_1_198' title='bbox 1540 3150 1586 3225; x_wconf 89' lang='lat' dir='ltr'>de</span> <span class='ocrx_word' id='word_1_199' title='bbox 1602 3179 1762 3255; x_wconf 89' lang='lat' dir='ltr'>quorum</span> 
     </span>
     <span class='ocr_line' id='line_1_21' title="bbox 342 3274 1763 3386; baseline 0.004 -37"><span class='ocrx_word' id='word_1_200' title='bbox 342 3274 557 3352; x_wconf 88' lang='lat' dir='ltr'>nominibus</span> <span class='ocrx_word' id='word_1_201' title='bbox 582 3304 658 3352; x_wconf 93' lang='lat' dir='ltr'>non</span> <span class='ocrx_word' id='word_1_202' title='bbox 682 3275 824 3355; x_wconf 82' lang='lat' dir='ltr'>recolit.</span> <span class='ocrx_word' id='word_1_203' title='bbox 858 3280 904 3355; x_wconf 84' lang='lat' dir='ltr'>Et</span> <span class='ocrx_word' id='word_1_204' title='bbox 924 3277 1016 3354; x_wconf 84' lang='lat' dir='ltr'>dixit</span> <span class='ocrx_word' id='word_1_205' title='bbox 1039 3307 1106 3384; x_wconf 90' lang='lat' dir='ltr'>per</span> <span class='ocrx_word' id='word_1_206' title='bbox 1127 3279 1384 3385; x_wconf 88' lang='lat' dir='ltr'>juramentum</span> <span class='ocrx_word' id='word_1_207' title='bbox 1406 3309 1517 3355; x_wconf 90' lang='lat' dir='ltr'>suum</span> <span class='ocrx_word' id='word_1_208' title='bbox 1538 3280 1659 3386; x_wconf 86' lang='lat' dir='ltr'>quod,</span> <span class='ocrx_word' id='word_1_209' title='bbox 1681 3299 1763 3386; x_wconf 89' lang='lat' dir='ltr'>post</span> 
     </span>
     <span class='ocr_line' id='line_1_22' title="bbox 341 3405 1765 3511; baseline 0.004 -30"><span class='ocrx_word' id='word_1_210' title='bbox 341 3405 475 3482; x_wconf 90' lang='lat' dir='ltr'>multas</span> <span class='ocrx_word' id='word_1_211' title='bbox 488 3409 756 3511; x_wconf 83' lang='lat' dir='ltr'>promissiones</span> <span class='ocrx_word' id='word_1_212' title='bbox 774 3410 883 3489; x_wconf 88' lang='lat' dir='ltr'>abeo</span> <span class='ocrx_word' id='word_1_213' title='bbox 904 3409 1016 3488; x_wconf 86' lang='lat' dir='ltr'>saetas</span> <span class='ocrx_word' id='word_1_214' title='bbox 1032 3410 1079 3488; x_wconf 93' lang='lat' dir='ltr'>de</span> <span class='ocrx_word' id='word_1_215' title='bbox 1095 3410 1240 3487; x_wconf 88' lang='lat' dir='ltr'>statutis</span> <span class='ocrx_word' id='word_1_216' title='bbox 1259 3428 1294 3486; x_wconf 88' lang='lat' dir='ltr'>et</span> <span class='ocrx_word' id='word_1_217' title='bbox 1313 3411 1463 3488; x_wconf 87' lang='lat' dir='ltr'>secretis</span> <span class='ocrx_word' id='word_1_218' title='bbox 1479 3411 1621 3487; x_wconf 87' lang='lat' dir='ltr'>ordinis</span> <span class='ocrx_word' id='word_1_219' title='bbox 1638 3411 1765 3488; x_wconf 88' lang='lat' dir='ltr'>obser-</span> 
     </span>
     <span class='ocr_line' id='line_1_23' title="bbox 341 3536 1762 3645; baseline 0.004 -35"><span class='ocrx_word' id='word_1_220' title='bbox 341 3537 485 3624; x_wconf 86' lang='lat' dir='ltr'>vandis,</span> <span class='ocrx_word' id='word_1_221' title='bbox 509 3536 628 3613; x_wconf 89' lang='lat' dir='ltr'>dictus</span> <span class='ocrx_word' id='word_1_222' title='bbox 647 3540 831 3642; x_wconf 89' lang='lat' dir='ltr'>recipiens</span> <span class='ocrx_word' id='word_1_223' title='bbox 851 3540 978 3644; x_wconf 90' lang='lat' dir='ltr'>posuit</span> <span class='ocrx_word' id='word_1_224' title='bbox 997 3538 1067 3616; x_wconf 89' lang='lat' dir='ltr'>sibi</span> <span class='ocrx_word' id='word_1_225' title='bbox 1087 3539 1309 3619; x_wconf 92' lang='lat' dir='ltr'>mantellum</span> <span class='ocrx_word' id='word_1_226' title='bbox 1330 3540 1377 3616; x_wconf 94' lang='lat' dir='ltr'>ad</span> <span class='ocrx_word' id='word_1_227' title='bbox 1393 3541 1552 3627; x_wconf 91' lang='lat' dir='ltr'>collum,</span> <span class='ocrx_word' id='word_1_228' title='bbox 1581 3560 1616 3617; x_wconf 91' lang='lat' dir='ltr'>et</span> <span class='ocrx_word' id='word_1_229' title='bbox 1635 3560 1762 3645; x_wconf 87' lang='lat' dir='ltr'>postea</span> 
     </span>
     <span class='ocr_line' id='line_1_24' title="bbox 340 3665 1764 3775; baseline 0.002 -33"><span class='ocrx_word' id='word_1_230' title='bbox 340 3666 494 3771; x_wconf 91' lang='lat' dir='ltr'>quidam</span> <span class='ocrx_word' id='word_1_231' title='bbox 515 3665 623 3741; x_wconf 91' lang='lat' dir='ltr'>miles</span> <span class='ocrx_word' id='word_1_232' title='bbox 640 3665 686 3747; x_wconf 83' lang='lat' dir='ltr'>da</span> <span class='ocrx_word' id='word_1_233' title='bbox 702 3667 801 3744; x_wconf 90' lang='lat' dir='ltr'>dicto</span> <span class='ocrx_word' id='word_1_234' title='bbox 818 3667 951 3744; x_wconf 87' lang='lat' dir='ltr'>ordine</span> <span class='ocrx_word' id='word_1_235' title='bbox 963 3668 1067 3744; x_wconf 88' lang='lat' dir='ltr'>duxit</span> <span class='ocrx_word' id='word_1_236' title='bbox 1084 3697 1171 3746; x_wconf 90' lang='lat' dir='ltr'>eum</span> <span class='ocrx_word' id='word_1_237' title='bbox 1187 3687 1288 3747; x_wconf 92' lang='lat' dir='ltr'>retro</span> <span class='ocrx_word' id='word_1_238' title='bbox 1304 3670 1434 3759; x_wconf 86' lang='lat' dir='ltr'>altare,</span> <span class='ocrx_word' id='word_1_239' title='bbox 1450 3687 1488 3745; x_wconf 92' lang='lat' dir='ltr'>et</span> <span class='ocrx_word' id='word_1_240' title='bbox 1501 3673 1679 3775; x_wconf 74' lang='lat' dir='ltr'>aporiavit</span> <span class='ocrx_word' id='word_1_241' title='bbox 1694 3671 1764 3747; x_wconf 89' lang='lat' dir='ltr'>sibi</span> 
     </span>
     <span class='ocr_line' id='line_1_25' title="bbox 341 3795 1765 3903; baseline 0.003 -32"><span class='ocrx_word' id='word_1_242' title='bbox 341 3823 461 3871; x_wconf 91' lang='lat' dir='ltr'>unum</span> <span class='ocrx_word' id='word_1_243' title='bbox 481 3795 647 3882; x_wconf 86' lang='lat' dir='ltr'>missale,</span> <span class='ocrx_word' id='word_1_244' title='bbox 671 3811 708 3871; x_wconf 89' lang='lat' dir='ltr'>et</span> <span class='ocrx_word' id='word_1_245' title='bbox 728 3795 894 3872; x_wconf 88' lang='lat' dir='ltr'>ostendit</span> <span class='ocrx_word' id='word_1_246' title='bbox 908 3796 978 3873; x_wconf 90' lang='lat' dir='ltr'>sibi</span> <span class='ocrx_word' id='word_1_247' title='bbox 997 3798 1206 3903; x_wconf 80' lang='lat' dir='ltr'>ymaginem</span> <span class='ocrx_word' id='word_1_248' title='bbox 1228 3798 1343 3875; x_wconf 90' lang='lat' dir='ltr'>Jhesu</span> <span class='ocrx_word' id='word_1_249' title='bbox 1366 3800 1504 3877; x_wconf 85' lang='lat' dir='ltr'>Christi</span> <span class='ocrx_word' id='word_1_250' title='bbox 1523 3800 1704 3888; x_wconf 86' lang='lat' dir='ltr'>crucifixi,</span> <span class='ocrx_word' id='word_1_251' title='bbox 1728 3819 1765 3875; x_wconf 91' lang='lat' dir='ltr'>et</span> 
     </span>
     <span class='ocr_line' id='line_1_26' title="bbox 342 3924 1764 4035; baseline 0 -33"><span class='ocrx_word' id='word_1_252' title='bbox 342 3952 489 4002; x_wconf 84' lang='lat' dir='ltr'>crucem</span> <span class='ocrx_word' id='word_1_253' title='bbox 508 3924 690 4030; x_wconf 89' lang='lat' dir='ltr'>depictam</span> <span class='ocrx_word' id='word_1_254' title='bbox 711 3926 751 4001; x_wconf 91' lang='lat' dir='ltr'>in</span> <span class='ocrx_word' id='word_1_255' title='bbox 773 3925 873 4004; x_wconf 89' lang='lat' dir='ltr'>dicto</span> <span class='ocrx_word' id='word_1_256' title='bbox 890 3926 1044 4015; x_wconf 85' lang='lat' dir='ltr'>missali,</span> <span class='ocrx_word' id='word_1_257' title='bbox 1063 3944 1100 4004; x_wconf 93' lang='lat' dir='ltr'>et</span> <span class='ocrx_word' id='word_1_258' title='bbox 1114 3929 1278 4035; x_wconf 87' lang='lat' dir='ltr'>precepit</span> <span class='ocrx_word' id='word_1_259' title='bbox 1294 3929 1364 4007; x_wconf 91' lang='lat' dir='ltr'>sibi</span> <span class='ocrx_word' id='word_1_260' title='bbox 1380 3930 1482 4034; x_wconf 85' lang='lat' dir='ltr'>quod</span> <span class='ocrx_word' id='word_1_261' title='bbox 1501 3959 1588 4004; x_wconf 91' lang='lat' dir='ltr'>eum</span> <span class='ocrx_word' id='word_1_262' title='bbox 1604 3929 1764 4034; x_wconf 84' lang='lat' dir='ltr'>abnega-</span> 
     </span>
     <span class='ocr_line' id='line_1_27' title="bbox 340 4056 1762 4163; baseline 0.002 -34"><span class='ocrx_word' id='word_1_263' title='bbox 340 4073 413 4145; x_wconf 91' lang='lat' dir='ltr'>ret,</span> <span class='ocrx_word' id='word_1_264' title='bbox 437 4073 474 4132; x_wconf 90' lang='lat' dir='ltr'>et</span> <span class='ocrx_word' id='word_1_265' title='bbox 489 4056 580 4132; x_wconf 89' lang='lat' dir='ltr'>dixit</span> <span class='ocrx_word' id='word_1_266' title='bbox 595 4056 700 4162; x_wconf 92' lang='lat' dir='ltr'>quod</span> <span class='ocrx_word' id='word_1_267' title='bbox 717 4056 791 4134; x_wconf 92' lang='lat' dir='ltr'>hoc</span> <span class='ocrx_word' id='word_1_268' title='bbox 805 4057 1001 4162; x_wconf 87' lang='lat' dir='ltr'>oportebat</span> <span class='ocrx_word' id='word_1_269' title='bbox 1016 4056 1088 4134; x_wconf 91' lang='lat' dir='ltr'>sibi</span> <span class='ocrx_word' id='word_1_270' title='bbox 1102 4059 1239 4149; x_wconf 79' lang='lat' dir='ltr'>lacere3</span> <span class='ocrx_word' id='word_1_271' title='bbox 1253 4076 1290 4134; x_wconf 90' lang='lat' dir='ltr'>et</span> <span class='ocrx_word' id='word_1_272' title='bbox 1304 4075 1394 4134; x_wconf 92' lang='lat' dir='ltr'>tunc</span> <span class='ocrx_word' id='word_1_273' title='bbox 1409 4058 1488 4163; x_wconf 89' lang='lat' dir='ltr'>ipse</span> <span class='ocrx_word' id='word_1_274' title='bbox 1504 4059 1567 4162; x_wconf 91' lang='lat' dir='ltr'>qui</span> <span class='ocrx_word' id='word_1_275' title='bbox 1583 4058 1762 4163; x_wconf 88' lang='lat' dir='ltr'>loquitur,</span> 
     </span>
     <span class='ocr_line' id='line_1_28' title="bbox 343 4186 1762 4294; baseline -0.001 -33"><span class='ocrx_word' id='word_1_276' title='bbox 343 4214 406 4262; x_wconf 91' lang='lat' dir='ltr'>ore</span> <span class='ocrx_word' id='word_1_277' title='bbox 428 4205 464 4263; x_wconf 91' lang='lat' dir='ltr'>et</span> <span class='ocrx_word' id='word_1_278' title='bbox 484 4215 558 4263; x_wconf 94' lang='lat' dir='ltr'>non</span> <span class='ocrx_word' id='word_1_279' title='bbox 581 4189 710 4275; x_wconf 87' lang='lat' dir='ltr'>corde,</span> <span class='ocrx_word' id='word_1_280' title='bbox 742 4186 937 4292; x_wconf 86' lang='lat' dir='ltr'>abnegavit</span> <span class='ocrx_word' id='word_1_281' title='bbox 957 4204 1014 4264; x_wconf 91' lang='lat' dir='ltr'>ter</span> <span class='ocrx_word' id='word_1_282' title='bbox 1036 4188 1190 4279; x_wconf 86' lang='lat' dir='ltr'>Jhesum</span> <span class='ocrx_word' id='word_1_283' title='bbox 1215 4188 1417 4268; x_wconf 87' lang='lat' dir='ltr'>Christum.</span> <span class='ocrx_word' id='word_1_284' title='bbox 1440 4189 1688 4294; x_wconf 84' lang='lat' dir='ltr'>Interrogatus</span> <span class='ocrx_word' id='word_1_285' title='bbox 1716 4187 1762 4261; x_wconf 89' lang='lat' dir='ltr'>de</span> 
     </span>
     <span class='ocr_line' id='line_1_29' title="bbox 362 4317 1761 4426; baseline 0 -34"><span class='ocrx_word' id='word_1_286' title='bbox 362 4317 422 4392; x_wconf 92' lang='lat' dir='ltr'>liis</span> <span class='ocrx_word' id='word_1_287' title='bbox 437 4317 618 4405; x_wconf 87' lang='lat' dir='ltr'>articulis,</span> <span class='ocrx_word' id='word_1_288' title='bbox 642 4317 734 4393; x_wconf 85' lang='lat' dir='ltr'>dixit</span> <span class='ocrx_word' id='word_1_289' title='bbox 753 4347 820 4422; x_wconf 88' lang='lat' dir='ltr'>per</span> <span class='ocrx_word' id='word_1_290' title='bbox 832 4317 1089 4424; x_wconf 89' lang='lat' dir='ltr'>juramentum</span> <span class='ocrx_word' id='word_1_291' title='bbox 1109 4349 1219 4396; x_wconf 91' lang='lat' dir='ltr'>suum</span> <span class='ocrx_word' id='word_1_292' title='bbox 1236 4320 1339 4426; x_wconf 92' lang='lat' dir='ltr'>quod</span> <span class='ocrx_word' id='word_1_293' title='bbox 1352 4318 1467 4394; x_wconf 90' lang='lat' dir='ltr'>nichil</span> <span class='ocrx_word' id='word_1_294' title='bbox 1481 4318 1562 4405; x_wconf 90' lang='lat' dir='ltr'>scit,</span> <span class='ocrx_word' id='word_1_295' title='bbox 1586 4318 1650 4394; x_wconf 89' lang='lat' dir='ltr'>sed</span> <span class='ocrx_word' id='word_1_296' title='bbox 1666 4317 1761 4394; x_wconf 86' lang='lat' dir='ltr'>bene</span> 
     </span>
     <span class='ocr_line' id='line_1_30' title="bbox 341 4446 1758 4557; baseline 0 -35"><span class='ocrx_word' id='word_1_297' title='bbox 341 4446 459 4523; x_wconf 89' lang='lat' dir='ltr'>credit</span> <span class='ocrx_word' id='word_1_298' title='bbox 477 4447 581 4552; x_wconf 89' lang='lat' dir='ltr'>quod</span> <span class='ocrx_word' id='word_1_299' title='bbox 596 4475 726 4525; x_wconf 88' lang='lat' dir='ltr'>omnes</span> <span class='ocrx_word' id='word_1_300' title='bbox 743 4447 806 4526; x_wconf 89' lang='lat' dir='ltr'>alii</span> <span class='ocrx_word' id='word_1_301' title='bbox 821 4448 934 4525; x_wconf 85' lang='lat' dir='ltr'>simili</span> <span class='ocrx_word' id='word_1_302' title='bbox 948 4449 1062 4525; x_wconf 92' lang='lat' dir='ltr'>modo</span> <span class='ocrx_word' id='word_1_303' title='bbox 1078 4450 1313 4556; x_wconf 88' lang='lat' dir='ltr'>recipiantur,</span> <span class='ocrx_word' id='word_1_304' title='bbox 1331 4451 1419 4557; x_wconf 92' lang='lat' dir='ltr'>quia</span> <span class='ocrx_word' id='word_1_305' title='bbox 1435 4477 1508 4525; x_wconf 90' lang='lat' dir='ltr'>non</span> <span class='ocrx_word' id='word_1_306' title='bbox 1523 4447 1641 4524; x_wconf 89' lang='lat' dir='ltr'>credit</span> <span class='ocrx_word' id='word_1_307' title='bbox 1656 4448 1758 4555; x_wconf 88' lang='lat' dir='ltr'>quod</span> 
     </span>
     <span class='ocr_line' id='line_1_31' title="bbox 341 4575 788 4683; baseline 0.009 -31"><span class='ocrx_word' id='word_1_308' title='bbox 341 4605 432 4653; x_wconf 85' lang='lat' dir='ltr'>nova</span> <span class='ocrx_word' id='word_1_309' title='bbox 449 4575 508 4652; x_wconf 89' lang='lat' dir='ltr'>lex</span> <span class='ocrx_word' id='word_1_310' title='bbox 528 4575 633 4654; x_wconf 82' lang='lat' dir='ltr'>lieret</span> <span class='ocrx_word' id='word_1_311' title='bbox 646 4607 715 4683; x_wconf 91' lang='lat' dir='ltr'>pro</span> <span class='ocrx_word' id='word_1_312' title='bbox 732 4607 788 4656; x_wconf 91' lang='lat' dir='ltr'>eo.</span> 
     </span>
    </p>
   </div>
   <div class='ocr_carea' id='block_1_8' title="bbox 298 4705 1759 4946">
    <p class='ocr_par' dir='ltr' id='par_1_8' title="bbox 298 4705 1759 4946">
     <span class='ocr_line' id='line_1_32' title="bbox 298 4705 1759 4817; baseline 0 -34"><span class='ocrx_word' id='word_1_313' title='bbox 298 4735 302 4742; x_wconf 88' lang='lat'>·</span> <span class='ocrx_word' id='word_1_314' title='bbox 396 4708 487 4783; x_wconf 90' lang='lat' dir='ltr'>ltem</span> <span class='ocrx_word' id='word_1_315' title='bbox 510 4705 601 4783; x_wconf 91' lang='lat' dir='ltr'>dixit</span> <span class='ocrx_word' id='word_1_316' title='bbox 622 4736 689 4812; x_wconf 90' lang='lat' dir='ltr'>per</span> <span class='ocrx_word' id='word_1_317' title='bbox 707 4710 965 4815; x_wconf 84' lang='lat' dir='ltr'>juramentum</span> <span class='ocrx_word' id='word_1_318' title='bbox 984 4740 1095 4788; x_wconf 89' lang='lat' dir='ltr'>suum</span> <span class='ocrx_word' id='word_1_319' title='bbox 1116 4712 1219 4817; x_wconf 90' lang='lat' dir='ltr'>quod</span> <span class='ocrx_word' id='word_1_320' title='bbox 1241 4712 1279 4786; x_wconf 95' lang='lat' dir='ltr'>in</span> <span class='ocrx_word' id='word_1_321' title='bbox 1299 4710 1535 4817; x_wconf 89' lang='lat' dir='ltr'>deposicione</span> <span class='ocrx_word' id='word_1_322' title='bbox 1559 4741 1625 4786; x_wconf 89' lang='lat' dir='ltr'>sua</span> <span class='ocrx_word' id='word_1_323' title='bbox 1645 4710 1759 4809; x_wconf 83' lang='lat' dir='ltr'>nichil</span> 
     </span>
     <span class='ocr_line' id='line_1_33' title="bbox 341 4836 1350 4946; baseline 0.002 -32"><span class='ocrx_word' id='word_1_324' title='bbox 341 4836 441 4915; x_wconf 86' lang='lat' dir='ltr'>aliud</span> <span class='ocrx_word' id='word_1_325' title='bbox 459 4838 551 4913; x_wconf 88' lang='lat' dir='ltr'>dixit</span> <span class='ocrx_word' id='word_1_326' title='bbox 565 4867 677 4943; x_wconf 89' lang='lat' dir='ltr'>quarn</span> <span class='ocrx_word' id='word_1_327' title='bbox 698 4840 890 4917; x_wconf 90' lang='lat' dir='ltr'>veritatem</span> <span class='ocrx_word' id='word_1_328' title='bbox 912 4869 979 4946; x_wconf 85' lang='lat' dir='ltr'>pro</span> <span class='ocrx_word' id='word_1_329' title='bbox 996 4841 1112 4919; x_wconf 90' lang='lat' dir='ltr'>salute</span> <span class='ocrx_word' id='word_1_330' title='bbox 1133 4843 1255 4920; x_wconf 87' lang='lat' dir='ltr'>anime</span> <span class='ocrx_word' id='word_1_331' title='bbox 1272 4870 1350 4919; x_wconf 88' lang='lat' dir='ltr'>sue.</span> 
     </span>
    </p>
   </div>
   <div class='ocr_carea' id='block_1_9' title="bbox 0 0 2122 5942">
    <p class='ocr_par' dir='ltr' id='par_1_9' title="bbox 0 0 2122 5942">
     <span class='ocr_line' id='line_1_34' title="bbox 0 0 2122 5942; baseline 0 0"><span class='ocrx_word' id='word_1_332' title='bbox 0 0 2122 5942; x_wconf 95' lang='lat' dir='ltr'> </span> 
     </span>
    </p>
   </div>
  </div>
 </body>
</html>
