4236 5948
341 561 415 637 sro
732 540 929 635 moces
955 558 1050 631 nus
1077 555 1375 629 murmuris.

341 702 500 792 ordinis,
521 689 755 807 inquisitoris
774 700 939 779 heretice
954 697 1142 805 pravitatis
1167 697 1206 773 in
1230 724 1345 802 regno
1365 697 1520 773 Francie
1541 698 1762 775 auctoritate

339 831 542 937 apostolica
582 831 765 936 deputati,
803 849 973 907 nostrum
1011 827 1243 905 notariorum
1271 827 1509 934 publicorum
1542 845 1580 904 et
1609 828 1763 906 testium

339 962 658 1068 infrascriptorum
697 960 888 1066 presencia
930 958 1172 1066 personaliter
1216 958 1440 1036 constitutus
1486 955 1599 1035 frater
1641 958 1764 1037 dictus

338 1093 555 1181 Touzsains‚
582 1093 687 1170 etatis
711 1092 861 1199 triginta
889 1091 1054 1169 duorum
1078 1118 1278 1179 annorum,
1302 1088 1450 1197 juratus
1473 1088 1521 1165 ad
1545 1107 1669 1167 sancta
1693 1090 1762 1168 Dei

337 1223 536 1332 Evangelia
556 1222 626 1299 sibi
648 1241 812 1306 ostensa.
836 1239 1005 1341 ctmqnu
1023 1220 1174 1327 propria
1187 1238 1299 1310 tacta,
1323 1220 1370 1297 de
1390 1248 1430 1296 se
1451 1236 1489 1296 et
1503 1217 1585 1296 aliis
1600 1220 1640 1296 in
1656 1249 1763 1298 causa

338 1352 428 1431 fidei
454 1353 579 1431 dicere
606 1354 816 1442 veritatem,
839 1371 877 1431 et
901 1353 1149 1459 interrogatus
1170 1351 1217 1428 de
1236 1368 1411 1458 tempore·
1427 1369 1464 1429 et
1483 1351 1597 1429 modo
1617 1381 1686 1429 sue
1706 1381 1763 1429 re·

339 1485 544 1589 cepcionis,
577 1483 669 1560 dixit
702 1513 769 1590 per
793 1484 1192 1590 juramentumsuum
1222 1481 1326 1588 quod
1357 1495 1528 1587 receptus
1562 1480 1635 1559 suit
1662 1482 1762 1588 apud

338 1613 582 1721 Laigneville‚
600 1642 670 1719 per
682 1613 834 1692 fratrem
852 1613 1093 1718 Radulphum
1111 1612 1158 1688 de
1176 1613 1261 1689 Bria
1277 1630 1534 1717 preceptorem
1548 1611 1698 1689 ballivie
1715 1613 1762 1689 de

339 1744 551 1834 Moissiaco‚
574 1772 693 1822 annus
714 1763 751 1821 et
770 1744 949 1821 dimidius
962 1759 1019 1820 est
1038 1741 1189 1847 elapsus.
1199 1743 1257 1820 vel
1273 1742 1387 1833 circa,
1401 1743 1637 1848 presentibus
1650 1742 1762 1821 fratre

337 1873 504 1951 Jobanne
524 1875 571 1951 de
591 1876 718 1952 Fumo
733 1892 769 1952 et
783 1873 981 1979 Radulpho
997 1872 1166 1952 Gooeran
1188 1872 1277 1949 dicti
1299 1873 1458 1961 ordinis,
1481 1890 1519 1950 et
1537 1873 1762 1978 quibusdam

339 2003 417 2080 aliis
437 2004 484 2080 de
505 2033 670 2110 quorum
691 2003 909 2081 nominibus
922 2031 998 2081 non
1013 2002 1156 2079 recolit.
1174 2002 1276 2080 Dixit
1296 2003 1413 2079 eciam
1428 2031 1496 2108 per
1506 2005 1762 2110 juramentum

339 2162 451 2211 suum
462 2136 581 2240 quod,
603 2152 690 2238 post
700 2133 837 2211 multas
851 2133 1123 2238 promissiones
1137 2132 1183 2209 de
1199 2133 1346 2210 statutis
1361 2150 1397 2210 et
1413 2133 1659 2217 observanciis
1673 2136 1760 2212 dicti

339 2262 481 2340 ordinis
501 2264 739 2341 observandis
759 2263 870 2343 lactas
890 2263 936 2340 ab
957 2292 1019 2352 eo,
1042 2280 1080 2340 et
1100 2263 1278 2341 mantello
1299 2263 1371 2341 sibi
1392 2264 1514 2370 posito
1535 2264 1583 2341 ad
1603 2265 1758 2354 collum,

339 2392 461 2470 dictus
478 2378 660 2498 recipiens
675 2394 839 2472 ostendit
856 2392 929 2470 sibi
946 2421 1095 2471 crucem
1108 2393 1147 2469 in
1161 2423 1236 2500 qua
1256 2411 1334 2471 erat
1346 2423 1479 2502 ymago
1495 2395 1761 2506 Jhesu'Christi

338 2523 520 2610 crucifixi,
548 2539 586 2599 et
612 2524 742 2629 petivit
766 2523 811 2601 ab
837 2552 882 2601 eo
909 2523 1030 2602 dictus
1057 2524 1240 2630 recipiens
1262 2542 1391 2602 utrum
1422 2525 1590 2602 crederet
1611 2527 1649 2601 in
1675 2555 1761 2603 eum

338 2652 444 2760 cujus
469 2670 547 2729 erat
571 2653 624 2728 ibi
648 2651 768 2759 ligura
794 2654 955 2758 depicta,
978 2653 1044 2759 qui
1064 2654 1260 2759 respondit
1278 2654 1384 2759 quod
1404 2655 1472 2747 sic,
1495 2672 1532 2732 et
1550 2672 1645 2733 tunc.
1661 2684 1762 2734 com·

337 2783 433 2888 pulit
453 2812 538 2861 eum
561 2783 608 2860 ad
623 2783 884 2891 abnegandum
903 2784 1057 2862 Jhesum
1073 2785 1265 2863 Christum
1284 2802 1321 2862 et
1340 2786 1552 2890 spuendum
1575 2803 1633 2863 ter
1651 2815 1763 2894 supra

337 2942 485 2991 crucem
507 2931 544 2991 et
557 2915 780 3022 ymaginem.
800 2917 1050 3021 Interrogatus
1071 2916 1119 2992 de
1139 2932 1225 2994 voto
1250 2916 1441 3004 castitatis,
1462 2917 1554 2994 dixit
1574 2947 1643 3022 per
1659 2919 1762 3026 jura·

338 3061 507 3122 mentum
522 3074 633 3123 suurn
655 3046 758 3151 quod
779 3045 871 3121 dixit
890 3045 962 3123 sibi
979 3045 1084 3151 quod
1099 3046 1251 3123 omnino
1267 3045 1472 3124 abstineret
1484 3076 1505 3123 a
1519 3047 1758 3137 mulieribus,

338 3176 423 3252 etsi
446 3175 546 3253 calor
565 3175 743 3252 naturalis
763 3192 930 3253 moveret
951 3204 1053 3264 eum,
1076 3176 1179 3282 quod
1198 3175 1458 3254 commisceret
1479 3206 1518 3254 se
1539 3206 1625 3254 curn
1644 3177 1761 3256 fratri-

337 3304 410 3383 bus
430 3306 519 3382 dicti
538 3305 693 3383 ordinis.
715 3305 930 3411 Requisitus
950 3306 998 3382 de
1019 3308 1147 3384 osculo
1157 3326 1176 3397 ,”
1190 3307 1281 3384 dixit
1293 3336 1361 3413 per
1371 3308 1630 3414 jurameutum
1650 3337 1761 3386 suum

339 3435 443 3539 quod
463 3434 650 3513 osculatus
669 3434 741 3513 fuit
760 3435 901 3513 dictum
920 3436 1163 3542 recipientem
1181 3438 1219 3514 in
1239 3437 1419 3518 umbilico
1435 3456 1472 3516 et
1489 3439 1528 3515 in
1545 3469 1609 3517 ore
1625 3439 1762 3518 solum·

338 3560 465 3643 modo.

395 3698 647 3806 Interrogatus
657 3715 787 3777 utrum
801 3699 848 3788 vi,
863 3699 920 3777 vel
932 3718 1038 3778 metu
1057 3702 1213 3779 carceris
1225 3702 1283 3779 vel
1296 3719 1586 3790 tormentorum,
1609 3721 1674 3779 aut
1694 3703 1762 3780 ali-

339 3856 413 3932 qua
427 3826 498 3904 alia
521 3828 568 3905 de
588 3857 714 3919 causa,
737 3829 899 3936 aliquam
917 3829 1116 3909 salsitatem
1130 3833 1280 3922 dixerit,
1297 3849 1361 3911 aut
1378 3834 1570 3910 veritatem
1586 3834 1759 3922 tacuerit,

339 3957 431 4034 dixit
449 3986 517 4063 per
526 3959 784 4067 juramentum
805 3989 914 4038 suum
929 3962 1033 4069 quod
1053 3991 1146 4052 non3
1169 3964 1284 4042 immo
1301 3964 1392 4040 dixit
1404 3993 1536 4070 puram
1556 3966 1760 4043 veritatem.

393 4222 487 4298 ltem
503 4220 618 4299 frater
631 4223 821 4300 lohannes
833 4223 880 4300 de
895 4223 1158 4332 Laingnevilla‚
1177 4227 1282 4305 etatis
1294 4226 1561 4333 quinquaginta
1576 4254 1762 4305 annorum

338 4352 395 4429 vel
408 4351 520 4442 circa,
533 4352 679 4460 juratus
699 4353 834 4431 eodem
855 4355 969 4433 modo
988 4357 1037 4433 de
1057 4383 1097 4433 se
1114 4373 1151 4433 et
1170 4355 1249 4434 aliis
1263 4357 1303 4432 in
1319 4385 1427 4434 causa
1446 4354 1535 4433 fidei
1555 4356 1707 4461 plenam
1727 4375 1764 4436 et

338 4510 471 4586 puram
482 4511 523 4560 ac
533 4482 718 4591 integram
730 4484 855 4562 dicere
864 4487 1078 4577 veritatem,
1095 4504 1133 4564 et
1142 4487 1344 4593 requisitus
1356 4487 1404 4564 de
1415 4505 1585 4592 tempore
1594 4515 1636 4564 ac
1646 4487 1762 4565 modo

338 4638 404 4688 sue
432 4613 677 4719 recepcionis,
703 4614 794 4693 dixit
817 4645 885 4722 per
905 4616 1163 4724 juramentum
1189 4646 1300 4695 suum
1325 4618 1430 4725 quod
1454 4636 1628 4723 receptus
1649 4616 1763 4694 fixerit

339 4741 439 4846 apud
462 4744 703 4823 Sommerens
731 4747 891 4826 diocesis
920 4748 1197 4839 Ambianensis‚
1226 4750 1267 4829 in
1297 4749 1391 4829 festo
1421 4751 1538 4826 sancti
1568 4749 1763 4828 Michaelis

337 4869 491 4950 fuerunt
517 4876 705 4955 sexdecim
730 4878 833 4969 anni,
854 4906 923 4984 per
948 4878 1101 4960 fratrem
1128 4880 1336 4960 Robertum
1364 4880 1412 4959 de
1437 4881 1574 4960 Sancto
1597 4880 1763 4959 Pentha-
