4236 5948
675 544 678 549 ·
729 535 925 625 eneces
954 550 1048 622 nus
1075 550 1375 621 reuertens.
1696 551 1763 622 rao

342 706 406 802 pra
426 697 592 801 juratus,
621 693 844 770 mantellum
866 691 1009 768 ordinis
1028 707 1065 766 et
1083 689 1236 768 barbam
1261 689 1462 782 defferens,
1487 691 1766 797 quinquagena-

342 827 419 901 rius
434 824 493 902 vel
510 823 623 909 circa,
645 852 729 898 cum
746 851 822 930 quo
840 821 962 899 luerat
976 821 1216 926 inquisitum,
1240 821 1433 899 absolutus
1452 838 1491 897 et
1506 821 1767 898 reconciliatus

341 985 407 1062 per
422 953 622 1032 dominum
642 953 863 1059 episcopum
879 953 1243 1040 Claramontensem,
1260 951 1365 1026 lectis
1380 969 1416 1028 et
1436 951 1637 1060 diligenter
1657 981 1768 1057 expo-

341 1086 420 1164 sitis
441 1085 513 1162 sibi
530 1084 707 1163 omnibus
723 1101 761 1161 et
775 1083 932 1190 singulis
951 1082 1135 1173 articulis,
1156 1083 1369 1189 respondit,
1391 1084 1665 1187 protestacione
1682 1113 1766 1188 pre-

342 1218 452 1294 missa
472 1215 577 1322 quod
590 1243 667 1292 non
683 1214 846 1291 intendit
861 1213 1037 1291 recedere
1053 1241 1073 1288 a
1089 1212 1329 1319 deposicione
1345 1243 1413 1320 per
1428 1242 1516 1291 eum
1533 1212 1625 1289 lacta
1641 1242 1764 1289 coram

343 1346 443 1425 dicto
466 1345 622 1423 domino
644 1344 819 1450 episcopo
840 1343 1153 1429 Claramontensi‚
1175 1372 1214 1419 se
1236 1344 1395 1431 nescire,
1414 1372 1483 1420 nec
1505 1345 1674 1433 credere,
1698 1372 1767 1420 nee

343 1476 525 1554 audivisse
546 1475 620 1551 dici
641 1473 689 1551 de
713 1474 897 1551 contentis
921 1475 959 1548 in
985 1472 1039 1549 eis
1062 1472 1133 1549 nisi
1155 1474 1258 1579 quod
1278 1473 1459 1578 sequitur.
1484 1473 1585 1550 Dixit
1607 1472 1708 1548 enim
1727 1503 1766 1550 se

343 1605 455 1683 luisse
477 1622 670 1710 receptum
686 1604 725 1680 in
741 1603 882 1710 capella
899 1603 1036 1680 domus
1053 1602 1203 1708 Templi
1221 1602 1267 1677 de
1284 1602 1337 1678 las
1355 1602 1508 1709 Mayher.
1524 1602 1766 1681 Bituricensis

345 1737 525 1825 diocesis,
554 1737 648 1813 circa
675 1736 817 1812 instans
843 1733 981 1811 festum
1007 1734 1146 1809 Pasche
1168 1751 1278 1809 erunt
1304 1734 1451 1810 circiter
1469 1748 1553 1811 ω’
1572 1735 1678 1822 anni,
1701 1764 1767 1839 per

344 1866 494 1944 lratrem
524 1869 677 1945 Petrum
707 1866 754 1943 de
778 1868 875 1942 Faus
905 1864 1157 1971 presbiterum
1187 1866 1398 1970 quondam,
1419 1866 1485 1971 qui
1511 1867 1652 1972 recepit
1677 1896 1764 1943 eum

347 1997 391 2072 de
411 1998 591 2075 mandato
610 1995 734 2073 fratris
752 1994 956 2072 Franconis
972 1994 1019 2070 de
1038 1996 1129 2072 Bort
1153 1996 1343 2101 quondam
1360 1995 1507 2086 militis,
1530 1997 1767 2100 presentibus

345 2128 519 2206 fratribus
534 2127 742 2207 Guillelmo
757 2127 804 2204 de
818 2126 1044 2203 Petralevata
1064 2126 1341 2205 Lemovicensis
1357 2127 1534 2215 diocesis,
1557 2157 1670 2234 quem
1694 2158 1766 2205 cre

346 2258 399 2335 dit
411 2258 551 2348 vivere,
570 2274 607 2333 et
623 2255 832 2336 Guillelmo
849 2257 1034 2346 Arnaudi,
1053 2274 1089 2333 et
1102 2256 1297 2346 Vicencio,
1316 2257 1421 2363 cujus
1441 2286 1651 2366 cognomen
1668 2260 1768 2367 igno

344 2407 413 2476 rat,
435 2388 684 2466 servientibus
699 2386 913 2474 deffunetis,
937 2386 976 2463 in
995 2386 1097 2463 hunc
1114 2387 1273 2464 modum
1288 2419 1297 2463 ε
1314 2416 1400 2464 nam
1418 2389 1545 2493 petitis
1565 2390 1714 2466 caritate
1731 2410 1767 2467 et

346 2521 518 2596 societate
537 2517 696 2596 fratrum
716 2517 877 2605 ordinis,
901 2534 938 2594 et
955 2534 1040 2624 post
1054 2518 1190 2594 multas
1207 2516 1459 2595 exortaciones
1474 2518 1545 2594 sibi
1565 2522 1764 2608 concessis,

345 2651 504 2753 prescito
521 2680 606 2726 cum
619 2651 700 2755 ipso
712 2678 780 2755 per
787 2651 1043 2758 juramentum
1059 2649 1163 2754 quod
1178 2677 1254 2726 non
1271 2666 1348 2724 erat
1363 2647 1505 2725 servilis
1518 2649 1764 2738 condicionis,

346 2808 413 2856 nec
428 2780 689 2869 matrimonio,
710 2780 767 2858 vel
780 2780 887 2856 alteri
909 2779 1101 2885 religioni,
1126 2808 1193 2856 seu
1215 2778 1441 2884 debitisque
1462 2807 1538 2854 non
1553 2797 1678 2885 posset
1695 2782 1770 2858 sol-

345 2938 427 2987 vere
445 2910 648 3018 obligatus,
670 2939 740 2986 nec
762 2908 925 2988 habebat
945 2910 1124 2986 latentem
1149 2909 1428 2997 infirmitatem,
1454 2908 1576 2984 dictus
1598 2929 1769 3015 receptor

346 3038 431 3116 lecit
449 3068 536 3116 eum
551 3069 682 3118 vovere
699 3059 736 3117 et
752 3041 879 3147 jurare
900 3039 1125 3129 castitatem,
1146 3038 1424 3125 obedienciam,
1447 3038 1567 3115 vivere
1588 3039 1667 3116 sine
1684 3070 1770 3145 pro-

345 3172 443 3272 prio,
461 3189 497 3248 et
512 3172 616 3277 quod
636 3190 796 3249 servaret
816 3173 937 3249 bonos
957 3200 1047 3248 usus
1062 3187 1100 3246 et
1113 3171 1231 3248 bonas
1247 3169 1556 3256 eonsuetudines,
1578 3188 1614 3246 et
1630 3171 1769 3247 elemo-

346 3300 443 3377 sinas
463 3319 500 3377 et
513 3303 599 3409 jura
614 3302 769 3379 ordinis.
790 3302 876 3395 Quo
896 3301 993 3378 facto
1013 3301 1195 3408 imposuit
1213 3301 1283 3377 sibi
1302 3300 1541 3389 mantellum,
1565 3318 1601 3376 et
1621 3318 1767 3378 ostensa

346 3431 414 3509 sibi
442 3432 604 3539 quadam
631 3460 740 3509 eruce
769 3433 907 3540 lignea,
930 3452 972 3510 ut
991 3432 1063 3509 sibi
1083 3431 1240 3518 videtur,
1269 3432 1399 3538 inqua
1423 3451 1502 3509 erat
1523 3461 1655 3540 ymago
1676 3433 1769 3511 Cru-

345 3563 441 3638 cifixi
468 3562 632 3669 depicta,
660 3593 772 3669 quam
800 3564 903 3641 idem
932 3582 1102 3670 receptor
1128 3562 1284 3639 tenebat
1309 3563 1348 3638 in
1377 3592 1508 3650 manu,
1540 3564 1707 3669 precepit
1733 3567 1766 3640 ei

345 3693 449 3798 quod
469 3711 619 3798 spueret
639 3723 754 3800 super
769 3722 868 3782 eam,
890 3695 977 3799 quia
999 3694 1071 3771 boc
1087 3711 1166 3769 erat
1183 3693 1230 3769 de
1248 3694 1433 3798 preceptis
1449 3692 1610 3781 ordinis,
1629 3711 1665 3769 et
1679 3712 1769 3769 tune

345 3825 423 3930 ipse
443 3824 547 3901 testis
565 3824 666 3931 spuit
683 3827 788 3931 juxta
812 3825 948 3902 dictam
970 3852 1119 3901 erucem
1140 3853 1217 3901 non
1237 3852 1366 3929 supra,
1395 3823 1522 3900 dicens
1541 3824 1644 3900 idem
1663 3828 1768 3902 testis

346 3957 448 4061 quod
476 3954 599 4034 dictus
623 3973 792 4061 receptor
817 3955 910 4032 dixit
933 3956 966 4031 ei
988 3955 1094 4060 quod
1115 3982 1191 4030 non
1214 3954 1548 4031 debebatcredere
1569 3954 1768 4032 indictam

346 4114 495 4162 crucem
516 4113 585 4162 nec
606 4086 644 4161 in
665 4083 906 4164 Cmcilixum.
927 4086 1038 4176 ltem,
1057 4085 1153 4162 dixit
1166 4086 1271 4190 quod
1289 4084 1410 4160 dictus
1428 4100 1600 4188 receptor
1620 4083 1712 4160 dixit
1732 4086 1766 4159 ei

346 4215 450 4322 quod
470 4232 616 4320 poterat
635 4215 866 4293 commisceri
886 4215 1083 4291 carnaliter
1102 4214 1280 4292 fratribus
1301 4213 1443 4292 ordinis
1460 4230 1497 4289 et
1513 4212 1582 4318 ipsi
1598 4241 1683 4290 cum
1700 4242 1763 4303 θος

346 4345 423 4451 ipse
443 4363 570 4423 tamen
590 4347 664 4424 boc
683 4375 760 4424 non
780 4345 868 4425 lecit
887 4375 957 4423 nee
977 4345 1049 4423 luit
1068 4346 1287 4452 requisitus,
1318 4374 1388 4421 nec
1407 4344 1528 4421 credit
1546 4345 1651 4450 quod
1672 4344 1767 4420 illud

345 4494 539 4581 peccatum
561 4479 862 4554 committeretur
883 4478 920 4553 in
942 4478 1086 4555 ordine.
1114 4475 1407 4560 Deinde.dictus
1426 4493 1598 4580 receptor
1617 4473 1688 4551 luit
1707 4502 1767 4551 os-

345 4609 488 4686 culatus
507 4610 631 4714 ipsum
653 4626 789 4686 testem
809 4609 848 4684 in
869 4609 1001 4685 ordine
1023 4626 1062 4685 et
1081 4609 1175 4684 circa
1195 4606 1419 4683 umbilicum
1441 4634 1554 4713 super
1573 4624 1707 4695 vestes,
1731 4624 1769 4684 et

346 4755 505 4816 astantes
530 4757 659 4845 postea
684 4738 840 4816 fuerunt
868 4767 956 4816 eum
985 4738 1140 4817 osculati
1169 4738 1209 4813 in
1236 4744 1312 4814 oie.
1335 4737 1551 4842 Requisitus
1570 4737 1600 4812 si
1622 4738 1692 4814 alia
1712 4738 1769 4814 in-

346 4869 503 4947 honesta
530 4869 813 4947 intervenerunt
841 4871 879 4946 in
907 4898 973 4947 sua
1001 4868 1220 4973 recepcione
1240 4866 1297 4945 vel
1323 4884 1422 4972 post,
1450 4867 1644 4973 respondit
1663 4868 1765 4974 quod
