4236 5948
736 563 931 657 rancus
957 584 1052 654 uns
1078 584 1376 657 reuertens.
1690 589 1762 661 ass

349 725 484 801 invitus
501 724 603 828 spuit
618 751 727 827 supra
740 752 889 801 crucem
910 724 1079 800 mantelli
1101 727 1156 801 sui
1177 727 1297 815 testis;
1319 726 1411 802 dixit
1431 726 1548 801 eciam
1568 725 1671 831 quod
1690 755 1764 803 non

349 855 496 960 negavit
511 852 724 941 Christum,
746 882 814 931 nec
829 854 902 931 fuit
924 854 1065 930 dictum
1086 854 1174 944 sibi;
1199 874 1235 932 et
1254 855 1358 961 quod
1377 873 1524 932 voverat
1544 856 1764 944 castitatem,

350 983 427 1059 sine
444 983 571 1088 aliquo
584 982 658 1059 alio
674 1000 850 1088 precepto
864 983 934 1059 sibi
951 983 1057 1060 lacto.
1076 985 1288 1089 Requisitus
1300 1002 1426 1062 utrum
1438 986 1489 1072 vi,
1507 985 1564 1060 vel
1579 1003 1684 1061 metu
1696 1013 1768 1060 car·

350 1114 443 1190 ceris
462 1140 529 1188 seu
552 1129 840 1202 tormentorum,
861 1130 924 1189 aut
942 1113 1013 1188 alia
1034 1113 1081 1188 de
1104 1142 1229 1200 causa,
1248 1115 1410 1219 aliquam
1427 1115 1560 1190 dixerit
1571 1113 1767 1191 falsitatem

350 1261 414 1321 aut
428 1242 672 1318 immiscuerit
692 1243 730 1317 in
751 1242 990 1348 deposicione
1011 1272 1094 1330 sua,
1117 1272 1183 1319 seu
1196 1245 1352 1320 tacuerit
1363 1245 1570 1326 veritatem,
1593 1243 1682 1320 dixit
1702 1273 1769 1349 per

345 1372 598 1476 juramentum
610 1399 719 1446 suum
736 1371 841 1477 quod
853 1399 947 1460 non3
963 1373 1078 1448 immo
1099 1373 1191 1448 dixit
1206 1401 1338 1476 puram
1360 1391 1396 1449 et
1411 1401 1550 1448 meram
1564 1375 1766 1450 veritatem.

406 1633 498 1706 ltem
513 1629 624 1706 frater
637 1631 824 1708 lohannes
839 1635 886 1710 de
904 1634 1032 1710 Castro
1055 1633 1197 1719 Villari,
1215 1633 1320 1708 etatis
1334 1632 1484 1736 triginta
1497 1660 1695 1720 annorum,
1709 1634 1770 1738 ju-

351 1777 451 1836 ratus
473 1761 605 1836 eodem
626 1762 741 1838 modo
768 1762 813 1837 de
835 1791 873 1837 se
896 1779 932 1837 et
957 1762 1038 1836 aliis
1066 1763 1104 1837 in
1125 1789 1230 1836 causa
1250 1760 1337 1836 fidei
1361 1761 1484 1836 dicere
1504 1763 1715 1848 veritatem,
1733 1780 1770 1836 et

352 1891 598 1995 interrogatus
615 1891 661 1966 de
678 1891 844 1968 modoet
861 1908 1028 1997 tempore
1049 1920 1113 1967 sue
1135 1892 1377 1995 receptionis,
1402 1891 1493 1965 dixit
1508 1919 1575 1994 per
1585 1893 1770 1996 juramen-

351 2033 432 2093 tum
455 2045 565 2093 suum
580 2018 685 2122 quod
699 2017 769 2094 suit
784 2037 955 2125 receptus
977 2022 1077 2125 apud
1096 2021 1351 2096 Mormentum
1378 2020 1536 2095 diocesis
1556 2022 1767 2108 Trecensis,

352 2174 419 2252 per
438 2147 588 2223 fratrem
611 2149 860 2225 Laurencium
883 2149 929 2226 de
950 2149 1062 2227 Belua
1092 2167 1349 2255 preceptorem
1370 2150 1468 2224 dicte
1498 2149 1653 2238 domus,
1680 2180 1771 2256 qua·

353 2293 439 2354 tuor
455 2279 539 2353 anni
560 2295 647 2353 sunt
663 2280 700 2353 in
714 2278 808 2355 sesto
824 2279 1041 2384 Magdalcne
1055 2278 1202 2356 instanti
1219 2280 1388 2383 proximo
1404 2280 1598 2383 preterit0,
1620 2308 1773 2383 presen-

352 2390 454 2484 tibus
481 2405 591 2482 sratre
614 2407 763 2483 luliano
793 2407 984 2513 capellano
1007 2408 1104 2484 dicte
1135 2409 1285 2495 domus,
1309 2426 1345 2484 et
1365 2407 1588 2512 quibusdam
1615 2407 1696 2482 aliis
1724 2410 1770 2485 de

354 2565 515 2642 quorum
529 2537 745 2614 nominibus
769 2565 845 2613 non
867 2538 1010 2614 recolit.
1040 2538 1141 2614 Dixit
1168 2539 1283 2613 eciam
1308 2565 1376 2639 per
1388 2537 1640 2641 juramentum
1662 2566 1771 2613 suum

340 2667 477 2772 ·qu0d,
506 2684 588 2770 post
607 2666 743 2744 multas
758 2668 1023 2771 promissiones
1043 2666 1154 2743 factas
1174 2667 1219 2743 ab
1241 2694 1285 2742 eo
1301 2668 1347 2741 de
1363 2665 1472 2742 bonis
1487 2667 1630 2741 statutis
1650 2683 1687 2742 et
1707 2666 1773 2742 ob-

354 2797 549 2874 servanciis
570 2798 658 2872 dicti
679 2797 820 2873 ordinis
834 2797 1020 2884 tenendis,
1043 2796 1262 2874 mantellum
1278 2795 1346 2871 luit
1361 2795 1431 2870 sibi
1452 2796 1615 2899 positum
1635 2796 1682 2870 ad
1699 2796 1773 2871 col-

354 2926 452 3016 lum,
472 2946 507 3002 et
519 2945 646 3033 postea
662 2926 783 3003 dictus
803 2928 985 3033 recipiens
1001 2927 1140 3031 recepit
1154 2928 1276 3031 ipsum
1294 2927 1341 3001 ad
1359 2924 1526 3001 osculum
1545 2927 1618 3001 oris
1640 2939 1677 3000 et
1698 2954 1774 3001 om-

355 3084 421 3132 nes
440 3057 500 3131 alii
522 3056 651 3133 fratres
673 3058 869 3134 existentes
889 3056 1055 3146 ibidem,
1079 3074 1116 3131 et
1139 3056 1254 3131 nichil
1271 3056 1371 3130 aliud
1393 3054 1463 3130 fuit
1481 3054 1551 3130 sibi
1566 3055 1771 3158 injunctum

252 3286 262 3296 „
354 3186 412 3262 vel
429 3206 661 3292 preceptum,
680 3188 774 3262 sicut
787 3187 878 3262 dixit
898 3216 964 3291 per
973 3187 1228 3291 juramentum
1243 3214 1365 3262 suum.
1377 3184 1464 3260 Acta
1476 3200 1563 3260 sunt
1575 3183 1645 3259 hec
1656 3212 1771 3270 anne,

354 3315 560 3402 indicione,
583 3344 726 3406 mense,
750 3317 826 3405 die,
844 3315 1060 3422 pontificatu
1076 3333 1113 3392 et
1130 3314 1213 3391 loco
1225 3314 1416 3420 predictis,
1435 3312 1670 3418 presentibus
1689 3311 1774 3387 reli-

356 3445 466 3550 giosis
488 3464 524 3521 et
543 3447 710 3523 honestis
725 3447 811 3523 viris
831 3446 1004 3523 fratribus
1025 3447 1195 3522 lohanne
1219 3444 1266 3521 de
1286 3444 1406 3520 Insula
1433 3445 1557 3548 priore
1578 3445 1772 3529 Trecensi,

356 3575 477 3650 Felice
503 3575 550 3650 de
575 3578 672 3679 Fayo
699 3577 841 3651 ordinis
866 3577 1159 3663 Predicatorum,
1190 3577 1358 3651 lohanne
1387 3574 1435 3649 de
1462 3573 1644 3658 Farreria,
1671 3573 1775 3650 Guil-

356 3703 469 3781 lelmo
488 3704 534 3778 de
551 3702 725 3807 Choques
746 3720 783 3779 et
803 3705 992 3807 Stephano
1014 3706 1060 3780 de
1082 3705 1300 3791 Matiscone,
1321 3702 1478 3779 testibus
1493 3703 1540 3778 ad
1555 3701 1625 3778 hec
1640 3702 1774 3778 vocatis

357 3831 563 3939 specialiter
577 3848 615 3907 et
631 3832 778 3936 rogatis.

413 4095 460 4168 Et
480 4122 548 4201 ego
565 4094 726 4172 Amisius
746 4095 792 4172 de
813 4094 1014 4172 Aureliano
1033 4095 1153 4172 dictus
1167 4096 1201 4173 le
1222 4093 1333 4180 Ratil,
1357 4094 1527 4182 clericus,
1550 4109 1776 4168 sacrosancte

359 4223 526 4298 Romane
547 4224 700 4313 ecclesie
730 4225 944 4301 auctoritate
965 4225 1132 4301 notarius
1157 4223 1347 4330 publicus,
1370 4221 1545 4299 omnibus
1566 4238 1603 4297 et
1622 4218 1777 4324 singulis

359 4351 398 4427 in
408 4351 524 4428 hacet
537 4353 828 4457 precedentibus
839 4355 953 4459 peciis
968 4355 1079 4430 simul
1095 4354 1185 4430 sutis
1200 4354 1306 4460 signo
1320 4380 1406 4429 meo
1417 4352 1568 4458 signatis
1577 4350 1775 4436 contentis,

359 4507 432 4558 una
446 4512 531 4558 cum
544 4485 798 4589 suprascriptis
818 4484 976 4561 testibus
992 4503 1028 4561 et
1048 4486 1223 4590 magistro
1237 4482 1376 4560 lacobo
1399 4482 1445 4557 de
1462 4481 1611 4560 Virtuto
1634 4479 1777 4556 notario

360 4610 528 4716 publico,
556 4642 708 4717 presens
734 4614 902 4703 interlui,
929 4643 987 4706 ac,
1011 4614 1057 4690 de
1082 4613 1258 4690 mandato
1278 4612 1435 4717 predicti
1459 4609 1718 4697 commissarii,
1739 4610 1777 4684 in

360 4741 432 4817 hoc
445 4741 696 4821 instrumento
706 4774 766 4820 me
775 4745 975 4850 subscripsi
988 4744 1027 4820 in
1038 4743 1298 4822 testimonium
1309 4742 1595 4847 premissorum,
1608 4740 1779 4844 illudque

361 4870 466 4977 signo
486 4899 571 4948 meo
593 4872 702 4950 solito
727 4874 864 4982 signavi
884 4891 1046 4980 rogatus.

446 5020 553 5078 raoc'ss
568 5039 620 5080 nes
636 5039 860 5082 (0100000.-
874 5041 898 5085 11
1572 5019 1611 5094 47
