4236 5948
608 524 803 621 raucas
834 543 930 617 nas
960 538 1262 618 rnuruuus.
1569 544 1644 615 esa

221 699 316 774 circa
336 696 477 771 instans
494 689 631 767 festum
653 687 853 767 nativitatis
871 685 971 762 beati
989 684 1174 764 lobannis
1191 685 1353 788 Bsptiste
1374 699 1480 759 erant
1500 683 1646 763 circites

221 853 289 906 xxv
315 825 424 914 suni,
449 819 687 930 presentibus
711 817 888 897 fratribus
914 817 1024 893 Petro
1050 814 1256 894 Meravilles
1281 811 1442 901 Gallico,
1472 830 1510 889 et
1535 814 1645 919 Nayse

222 972 369 1036 seruent
386 954 434 1033 de
452 953 582 1030 Lenda
600 949 823 1039 Cathalano,
847 965 885 1025 et
904 945 1111 1025 Guillelmo
1137 946 1184 1024 de
1208 945 1325 1023 Novas
1346 943 1585 1028 vainciali,
1603 960 1647 1023 et

223 1088 340 1169 Adam
357 1086 405 1164 da
417 1083 646 1164 Valencourt
656 1081 705 1158 de
715 1080 830 1160 Belua
852 1077 1052 1165 militibus,
1068 1104 1110 1152 ac
1124 1076 1260 1154 lacobo
1278 1075 1326 1151 de
1344 1072 1469 1170 Garda
1488 1073 1646 1154 Guariai

223 1217 422 1307 serviente,
439 1212 669 1291 Mimatensis
688 1209 861 1297 diocesis,
878 1207 1096 1295 deffunctis,
1113 1223 1157 1283 ut
1171 1205 1300 1282 credit.
1315 1203 1440 1311 Aquo-
1450 1223 1645 1310 receptore

223 1350 300 1454 ipse
316 1345 434 1436 testis,
451 1343 516 1447 qui
535 1340 657 1419 fuerat
673 1339 909 1447 portenarius
925 1338 1014 1414 dicti
1033 1337 1151 1414 Castri
1166 1335 1374 1443 Peregrini,-
1394 1336 1506 1442 peciit
1528 1337 1646 1415 socie

222 1473 513 1562 tetemordinis3
533 1500 607 1576 qua
631 1497 818 1558 concessa,
839 1468 929 1547 fecit
952 1495 1040 1545 eum
1064 1494 1196 1545 vovere
1222 1482 1261 1543 et
1272 1465 1402 1572 jurare
1421 1466 1643 1558 castitatem,

223 1604 501 1694 obedienciam,
521 1603 643 1680 vivere
658 1601 739 1677 sine
752 1599 925 1706 proprio,
940 1625 1087 1688 servare
1100 1596 1221 1674 bonos
1239 1620 1331 1674 usus
1348 1597 1411 1702 qui
1433 1614 1523 1673 tunc
1540 1613 1645 1672 erant

223 1737 259 1811 in
279 1735 413 1814 ordine
429 1732 545 1839 etqui
563 1733 603 1808 in
617 1749 811 1837 posterum
827 1731 1126 1834 imponerentur,
1147 1755 1225 1835 non
1244 1726 1407 1804 revelare
1428 1744 1569 1804 secreta
1587 1755 1647 1804 cs·

223 1863 463 1970 pituliorum,
486 1861 534 1937 de
552 1861 670 1938 modo
693 1859 923 1967 recepcionis
947 1859 985 1934 in
1007 1857 1156 1965 speciali
1177 1886 1255 1934 non
1278 1857 1404 1935 habita
1426 1858 1644 1942 mensione.

223 2020 299 2073 non
311 1993 504 2071 dimittere
517 1992 691 2069 ordinem
703 2019 773 2097 pro
789 1989 881 2078 alio,
903 2006 941 2067 et
952 1989 1060 2096 quod
1074 1989 1283 2094 acquireret
1296 2015 1411 2094 super
1425 1989 1646 2066 Sarracenos

223 2123 526 2229 quibuscumque
546 2121 670 2199 modis
689 2137 833 2226 possen
857 2135 897 2196 et
916 2119 1095 2224 imposito
1120 2118 1190 2195 sibi
1218 2117 1418 2207 mantello,
1443 2116 1565 2195 dictus
1589 2146 1648 2194 re-

223 2268 351 2356 ceptor
366 2251 438 2328 fuit
455 2249 640 2328 osculatus
654 2251 777 2355 ipsum
793 2266 926 2326 testem
940 2249 977 2323 in
996 2247 1174 2324 umbilico
1189 2275 1302 2353 super
1320 2264 1450 2324 vestes.
1472 2248 1647 2353 Postque

223 2379 342 2457 dictus
352 2396 523 2487 receptor
539 2380 706 2486 precepit
719 2380 753 2455 ei
768 2378 874 2484 quod
889 2377 1091 2484 abnegaret
1104 2378 1260 2455 Jhesum
1280 2377 1491 2466 Christum,
1510 2395 1548 2454 et
1564 2379 1646 2482 ipso

222 2527 316 2588 teste
332 2509 586 2617 respondente
604 2510 766 2617 qualiter
779 2509 982 2617 abnegaret
995 2508 1197 2585 domiuum
1210 2507 1335 2586 Deum
1352 2524 1536 2596 nostrum,
1554 2508 1647 2584 dixit

223 2639 257 2716 ei
268 2640 385 2746 quod,
397 2668 529 2748 exque
539 2639 713 2749 alligatus
722 2655 800 2716 eret
809 2638 946 2728 ordini,
959 2637 1141 2742 oporteba
1150 2654 1255 2714 teum
1268 2637 1342 2713 hoc
1353 2636 1493 2727 lacere,
1509 2656 1546 2716 et
1555 2656 1651 2716 tuuc‘

223 2770 300 2873 ipse
312 2769 418 2846 testis
432 2768 626 2876 abnegavit
642 2797 723 2858 ore,
739 2792 817 2844 nou
832 2768 958 2844 oorde.
971 2767 1119 2844 Deinde
1135 2766 1244 2843 allata
1256 2766 1374 2843 nescit
1391 2795 1458 2871 per
1471 2797 1587 2874 quem
1600 2798 1645 2845 ex

222 2897 427 2976 astantibus
446 2900 608 3004 quadam
625 2926 735 2975 cruce
752 2897 958 2986 metallina,
975 2896 1014 2971 in
1025 2924 1101 3001 qua
1110 2912 1189 2972 erat
1197 2924 1330 3002 ymago
1343 2896 1537 2984 Crucifixi‚
1560 2924 1645 3002 pre*

222 3029 318 3134 cepit
338 3029 373 3104 ei
392 3028 498 3134 quod
512 3045 668 3133 spueret
680 3055 795 3132 super
810 3055 913 3119 eam,
935 3044 973 3103 et
995 3027 1073 3132 ipse
1096 3025 1203 3103 testis
1223 3027 1325 3131 spuit
1344 3055 1421 3104 non
1442 3055 1562 3132 supra
1577 3030 1645 3106 sed

216 3157 332 3263 juxta
351 3158 599 3235 Postmodum
620 3157 714 3234 dixit
732 3157 767 3233 ei
787 3155 893 3263 quod
904 3154 1090 3235 tratribus
1113 3156 1256 3234 ordinis
1275 3174 1421 3262 poterat
1448 3160 1645 3237 carnaliter

222 3288 471 3376 commisceri,
483 3305 522 3364 et
536 3287 604 3392 ipsi
624 3315 710 3363 cum
729 3315 792 3376 eo,
806 3286 880 3364 boc
896 3303 1022 3363 tamen
1039 3313 1116 3363 non
1129 3285 1233 3373 lecit,
1251 3315 1321 3364 nec
1334 3287 1408 3363 fuit
1420 3291 1642 3393 requisitus,

221 3445 289 3494 neo
301 3416 428 3496 credit
438 3417 544 3524 quod
559 3417 598 3493 in
613 3417 746 3494 ordine
764 3418 885 3495 lieret
903 3420 951 3494 Et
965 3446 1033 3523 per
1049 3419 1214 3495 eundem
1232 3420 1391 3496 modain
1403 3421 1496 3498 vidit
1508 3424 1641 3528 recipi,

221 3547 258 3621 in
272 3545 439 3651 quadem
457 3573 604 3623 camera
624 3547 761 3627 ἀοωιιι
782 3547 931 3653 Templi
959 3548 1006 3625 de
1019 3549 1184 3625 lussiaco
1205 3549 1447 3629 bituricensis
1467 3552 1641 3640 diocesis,

220 3693 314 3752 emt·
331 3675 476 3753 circiter
502 3703 525 3752 x
550 3677 655 3763 anai,
685 3676 837 3753 fratrem
864 3678 1016 3753 Petrum
1041 3678 1258 3784 Bexgerium
1283 3678 1381 3755 dicte
1406 3682 1643 3759 Bituriceusis

221 3804 395 3893 diocesis,
431 3831 501 3911 per
532 3804 684 3883 fratrem
709 3805 927 3885 Guidonem
952 3806 1129 3914 Delphini
1153 3806 1335 3897 militem,
1363 3826 1499 3887 testem
1532 3842 1642 3918 supra

221 3935 486 4026 examinatum,
503 3953 677 4043 presente
701 3935 815 4012 fratre
843 3935 1035 4042 Rsynaldo
1060 3937 1108 4014 de
1131 3938 1279 4016 Bordas
1303 3957 1522 4044 preceptore
1550 3959 1644 4020 tunc

221 4064 318 4141 dicte
331 4065 487 4157 donnas
513 4068 580 4145 sed
599 4067 670 4144 alia
690 4067 817 4144 illicita
835 4093 915 4145 non
933 4067 1218 4146 intervenerunt
1235 4070 1279 4145 in
1291 4069 1399 4146 dietis
1413 4071 1642 4177 recepcioni-

219 4192 373 4271 bosnec
388 4213 488 4300 post,
504 4196 611 4302 quod
627 4198 706 4302 ipse
719 4196 881 4288 sciverit,
896 4225 965 4273 nec
978 4197 1107 4304 plures
1121 4198 1214 4274 vidit
1225 4199 1357 4304 recipi;
1375 4201 1495 4276 credit
1514 4218 1640 4278 tamen

219 4323 323 4429 quod
336 4326 589 4403 communiter
604 4343 645 4404 et
658 4327 801 4434 ubique
828 4328 1093 4433 reciperentur.
1107 4328 1320 4405 secundum
1340 4330 1500 4406 modum
1515 4333 1642 4436 predi·

219 4467 321 4529 ctum
334 4450 582 4530 conlassatum
603 4483 672 4560 per
689 4483 794 4532 eum.
816 4458 924 4549 Item,
946 4456 1040 4534 dixit
1053 4459 1159 4562 quod
1178 4458 1257 4563 ipse
1273 4458 1371 4537 bene
1384 4458 1562 4537 credebat
1579 4476 1642 4537 eo-

218 4579 427 4658 clesiasticis
440 4586 693 4673 sacramentis,
713 4585 869 4663 credens
881 4587 988 4693 quod
1007 4586 1070 4663 alii
1085 4588 1222 4665 eodem
1239 4589 1356 4666 modo
1376 4590 1588 4677 crederent,
1603 4608 1641 4668 et

218 4711 321 4814 quod
341 4737 475 4792 eorum
492 4714 703 4793 sacerdotes
728 4715 856 4792 debite
868 4714 1123 4795 celebrarent.
1139 4717 1382 4796 Clandestine
1407 4719 1640 4825 recipieban-

217 4855 289 4928 tur,
308 4840 433 4920 'nullis
462 4844 698 4948 presentibus
725 4845 807 4922 nisi.
824 4843 1002 4924 fratribus
1026 4846 1185 4939 ordinis,
1214 4877 1257 4924 ex
1281 4877 1360 4954 quo
1389 4850 1512 4926 eredit
1531 4852 1639 4955 quod
