4236 5948
632 516 825 611 procis
852 537 948 609 ons
975 535 1272 611 cruentans.
1589 539 1658 611 reo

241 679 276 755 in
306 674 448 784 quibus
485 674 604 752 extitit
641 692 910 766 commoratus,
941 677 1033 755 vidit
1068 676 1292 755 elemosinas
1312 694 1349 753 et
1368 675 1660 784 hospitalitatem

241 805 506 884 convenienter
531 805 614 881 fieri
643 823 680 883 et
704 806 856 897 servari,
891 823 928 883 et
956 807 1079 885 dictus
1107 824 1279 915 receptor
1301 806 1469 915 precepit
1495 807 1529 884 ei
1557 807 1662 914 quod

241 951 473 1015 conservaret
493 935 716 1013 elemosinas
735 953 773 1013 et
789 936 889 1013 bona
908 937 1069 1029 ordinis3
1092 954 1131 1014 et
1149 936 1394 1015 inhibebatur
1411 936 1463 1030 ei,
1482 937 1552 1015 sub
1565 937 1664 1044 peri-

240 1066 324 1144 culo
344 1066 469 1142 anime
490 1093 574 1156 sue,
592 1066 695 1171 quod
713 1093 789 1142 non
805 1066 1016 1172 acquireret
1031 1065 1198 1145 indebite
1215 1067 1353 1146 ordini.
1374 1068 1416 1144 In
1434 1064 1531 1143 dicta
1547 1067 1662 1144 domo

241 1200 374 1277 Sancte
394 1195 541 1272 Eulalie
562 1196 657 1273 vidit
682 1195 753 1272 tria
773 1196 831 1272 vel
852 1213 1017 1302 quatuor
1034 1197 1225 1304 capitulis,
1252 1197 1365 1290 clam,
1381 1197 1496 1275 nullis
1510 1225 1664 1303 presen-

240 1328 343 1404 tibus
363 1327 436 1404 nisi
457 1325 635 1403 fratribus
652 1326 815 1415 ordinis,
837 1326 885 1402 de
910 1327 972 1403 die
992 1329 1133 1417 teneri3
1157 1345 1194 1404 et
1214 1329 1357 1405 audivit
1377 1327 1452 1406 dici
1472 1329 1578 1435 quod
1599 1358 1664 1437 ge-

242 1456 380 1534 neralia
397 1456 573 1564 capitolia
586 1455 792 1562 aliquando
812 1456 1089 1535 incohabantur
1101 1459 1147 1534 de
1166 1477 1293 1548 nocte,
1312 1475 1348 1535 et
1362 1457 1664 1536 terminabantur

242 1590 281 1664 in
303 1582 438 1665 terciis.
461 1587 592 1665 Credit
614 1587 720 1692 quod
740 1588 911 1664 ordinate
932 1616 999 1693 per
1017 1588 1235 1696 Magistrum
1260 1619 1346 1665 cum
1368 1606 1554 1666 conventu
1574 1587 1665 1667 luis-

241 1736 324 1798 sent
347 1735 487 1797 servata
516 1719 556 1792 in
581 1733 663 1794 toto
690 1716 841 1804 ordine,
865 1735 993 1793 contra
1021 1746 1136 1823 quern
1160 1747 1260 1794 nunc
1286 1719 1441 1825 grandia
1465 1717 1658 1807 scandala,

243 1849 404 1957 suspicio
425 1866 462 1925 et
480 1847 632 1924 infamia
652 1864 741 1924 sunt
761 1864 904 1936 exorta,
933 1864 970 1924 et
990 1848 1130 1924 audivit
1151 1848 1224 1924 dici
1244 1877 1423 1955 magnum
1443 1849 1664 1957 Magistrum

245 1996 280 2056 et
301 1979 395 2055 alios
411 1978 534 2083 aliqua
554 1996 682 2055 contra
702 1979 827 2084 ipsum
849 1978 1023 2055 ordinem
1039 1977 1154 2056 fuisse
1171 1977 1377 2068 confessos;
1395 1979 1443 2055 ad
1461 1982 1568 2088 cujus
1583 1979 1664 2057 del·

243 2107 452 2187 sensionem
475 2139 513 2186 se
532 2137 609 2185 non
630 2108 832 2186 obtulerat.

300 2240 516 2347 Requisitus
528 2241 558 2316 si
571 2240 624 2317 sic
638 2241 869 2348 deposuerat
883 2269 1013 2346 prece,
1028 2257 1218 2348 precepto,
1231 2242 1386 2328 timore,
1401 2267 1545 2328 amore,
1562 2241 1663 2328 odio,

244 2372 301 2449 vel
314 2370 513 2479 temporali
531 2372 693 2447 comodo
714 2369 845 2448 habito
866 2370 925 2449 vel
947 2370 1140 2459 habendo,
1157 2371 1353 2476 respondit
1367 2370 1470 2476 quod
1485 2399 1579 2458 non,
1599 2371 1666 2449 sed

245 2530 313 2607 pro
335 2502 488 2578 veritate
512 2500 692 2587 dicenda,
720 2499 780 2576 cui
805 2497 879 2576 luit
903 2499 1118 2607 injunctum
1141 2500 1246 2607 quod
1268 2527 1345 2576 non
1367 2498 1549 2576 revelaret
1571 2500 1666 2576 banc

246 2661 351 2711 suam
374 2631 674 2738 deposicionem,
691 2656 890 2735 quousque
909 2630 1168 2736 attestacioncs
1187 2628 1328 2706 suerint
1341 2627 1542 2735 publicate.

299 2898 431 2972 Frater
452 2895 654 2973 Girbertus
681 2893 829 3001 Rogerii
851 2893 1028 2981 serviens,
1058 2910 1257 2999 preceptor
1285 2892 1423 2968 domus
1449 2892 1599 2999 Templi
1619 2894 1668 2970 de

246 3026 279 3102 la
299 3025 455 3133 Glayola
479 3024 733 3102 Ruthenensis
759 3022 938 3111 diocesis,
960 3023 1065 3100 testis
1091 3049 1201 3128 supra
1225 3023 1394 3129 juratus,
1423 3022 1668 3132 quadraginta

247 3157 417 3262 quinque
439 3183 626 3231 annorum
644 3152 703 3230 vel
724 3153 835 3240 circa,
865 3151 1088 3229 mantellum
1113 3167 1151 3228 et
1173 3151 1328 3229 barbam
1347 3151 1551 3239 defferens,
1580 3181 1667 3230 cum

247 3312 324 3392 quo
354 3284 578 3390 inquisitum
603 3283 744 3371 luerat,
777 3281 973 3361 absolutus
1003 3299 1041 3359 et
1071 3282 1333 3359 reconciliatus
1367 3310 1436 3388 per
1466 3281 1668 3361 dominum

115 3448 118 3454 ·
248 3415 465 3520 episcopum
493 3415 805 3503 Rutbenensem,
832 3431 869 3490 et
895 3431 1066 3519 receptus
1096 3413 1267 3490 extiterat
1291 3412 1331 3488 in
1359 3411 1500 3518 capella
1530 3413 1669 3492 domus

247 3543 397 3650 Templi
420 3544 467 3619 de
485 3544 518 3619 la
534 3543 682 3622 Drulba
697 3544 949 3622 Ruthenensis
969 3543 1144 3631 diocesis,
1168 3543 1263 3621 circa
1276 3543 1416 3622 senum
1431 3542 1531 3620 beati
1557 3544 1669 3623 Blasii

248 3674 419 3777 proximo
435 3672 657 3780 preteritum
674 3671 830 3749 fuerunt
846 3674 993 3750 circiter
1012 3700 1098 3752 xvut
1115 3674 1221 3759 anni,
1238 3701 1306 3779 per
1317 3673 1468 3751 fratrem
1488 3674 1669 3751 Poncium

250 3802 297 3879 de
327 3804 462 3879 Rroeto
490 3803 652 3880 militem
683 3802 894 3908 quondam,
916 3803 1156 3910 presentibus
1181 3803 1359 3881 fratribus
1383 3802 1594 3882 Guillelmo
1622 3804 1670 3882 de

167 3969 181 3981 -
247 3930 400 4010 Boculis
412 3930 637 4038 presbitero,
659 3932 836 4009 Ratherio
857 3931 905 4008 de
922 3932 1059 4010 Sancto
1072 3932 1277 4011 Vincencio
1293 3931 1430 4026 milite,
1450 3932 1668 4025 deffunctis,
1767 3945 1771 3955 '

198 4088 203 4095 ·
252 4079 291 4137 ut
306 4062 442 4154 credit,
456 4079 494 4139 et
508 4063 660 4141 Othone
672 4061 872 4140 Samniada
888 4061 1082 4154 serviente,
1102 4062 1262 4140 diocesis
1274 4061 1536 4153 Rutbeuensis,
1553 4091 1677 4168 quem

251 4190 369 4269 credit
391 4192 534 4284 vivere,
568 4192 660 4271 alios
687 4220 765 4270 non
786 4191 879 4269 vidit
903 4193 1018 4298 recipi
1046 4222 1116 4269 nec
1140 4191 1311 4269 interfuit
1331 4191 1503 4298 capitulis
1523 4219 1668 4269 eorum.

251 4322 371 4400 Lectis
387 4339 512 4399 autem
530 4340 568 4398 et
582 4323 783 4430 diligenter
800 4322 976 4430 expositis
988 4323 1059 4399 sibi
1076 4324 1254 4400 omnibus
1267 4322 1471 4432 etsingulis
1487 4321 1669 4410 articulis,
1727 4305 1732 4316 ’

249 4455 521 4558 protestacione
541 4455 722 4559 premissa
739 4453 845 4560 quod
855 4481 932 4530 non
943 4454 1107 4530 intendit
1120 4454 1297 4531 recedere
1316 4452 1590 4558 adeposicione
1605 4481 1673 4559 per

235 4571 236 4574 ¹
250 4611 337 4659 eum
348 4582 441 4660 sacta
453 4612 578 4660 coram
589 4585 690 4662 dicto
703 4585 860 4662 domino
872 4584 1046 4690 episcopo
1058 4583 1509 4690 Rutbeuensi,respondit
1519 4583 1622 4690 quod
1633 4585 1673 4662 in

251 4712 348 4790 dicta
371 4743 438 4791 sua
453 4715 673 4820 recepcione
696 4713 754 4791 vel
774 4732 858 4820 post
881 4743 960 4791 non
978 4714 1228 4790 intervenerat
1249 4713 1394 4820 aliquid
1419 4714 1595 4792 illicitum
1615 4716 1673 4793 vel

250 4843 514 4935 inhonestum,
543 4844 613 4920 nisi
636 4846 708 4922 hoc
734 4845 912 4922 duntaxat
931 4845 1036 4951 quod
1058 4843 1201 4920 dictum
1224 4860 1458 4952 receptorem
1479 4874 1607 4932 suum,
1624 4845 1672 4923 de

336 4980 438 5043 enoris
460 5002 513 5043 nes
534 5002 705 5044 rennuens.
718 5003 804 5043 -ιι,
1487 5002 1523 5043 aa
