4236 5948
730 533 926 627 rnocrs
951 551 1046 624 ons
1073 554 1370 627 ruurmnns.
1688 559 1760 630 375

344 698 418 775 sibi
446 698 484 772 in
510 712 651 771 secreto
670 693 773 798 quod
794 694 824 772 si
851 694 952 771 calor
972 693 1147 771 naturalis
1172 712 1339 773 moveret
1359 723 1445 770 eum
1467 695 1513 769 ad
1529 696 1762 772 incontinen-

344 830 454 917 ciam,
474 825 576 932 quod
593 826 671 930 ipse
693 824 763 899 iret
782 824 829 901 ad
850 822 978 900 fratres
996 825 1155 913 ordinis,
1177 826 1263 930 quia
1283 825 1393 903 multi
1416 842 1520 902 erant
1540 825 1593 901 ibi
1605 826 1761 931 juvenes

346 985 431 1036 cum
447 955 585 1063 quihus
603 970 749 1060 poterat
764 953 977 1061 extinguere
997 952 1194 1030 libidinem
1214 984 1335 1041 suam,
1358 972 1395 1031 et
1409 956 1513 1060 quod
1526 956 1698 1032 similiter
1711 986 1763 1031 re-

345 1089 485 1194 ciperet
501 1114 565 1162 eos
585 1084 733 1172 adhoc,
752 1085 781 1160 si
801 1085 1036 1190 requirerent
1055 1113 1142 1161 cum
1162 1114 1274 1190 super
1290 1085 1378 1176 hoc;
1391 1086 1458 1162 sed
1477 1087 1555 1191 ipse
1569 1115 1761 1193 nunquam

343 1219 446 1306 lecit,
458 1245 527 1293 nec
543 1215 614 1292 suit
631 1244 745 1321 super
758 1216 831 1292 hoc
845 1214 1060 1320 requisitus,
1077 1231 1119 1291 ut
1133 1215 1235 1291 dixit.
1252 1216 1465 1321 Requisitus
1481 1234 1608 1293 utrum
1621 1218 1763 1323 aliquos

344 1346 472 1424 fratres
503 1345 648 1433 feccrit,
680 1345 771 1420 dixit
800 1374 867 1450 per
886 1345 1141 1450 juramentum
1169 1375 1278 1421 suum
1305 1346 1409 1451 quod
1435 1373 1522 1422 non.
1550 1347 1762 1450 Requisitus

343 1494 470 1555 utrum
487 1476 605 1552 credit
617 1475 721 1581 quod
733 1474 865 1551 omnes
885 1475 950 1579 qui
972 1475 1010 1552 in
1032 1473 1132 1552 dicto
1148 1475 1280 1552 ordine
1299 1476 1527 1581 recipiuntur
1539 1476 1763 1581 recipiantur

343 1607 531 1714 perillum
547 1607 722 1693 modum,
738 1606 828 1682 dixit
846 1607 951 1713 quod
964 1605 1094 1683 credit.
1109 1606 1358 1712 Interrogatus
1379 1623 1505 1683 utrum
1520 1608 1571 1695 vi,
1588 1606 1645 1682 vel
1660 1626 1763 1684 metu

344 1740 499 1815 carceris
519 1767 584 1815 seu
604 1755 898 1824 tormentorum,
919 1754 981 1813 aut
998 1737 1122 1843 aliqua
1144 1736 1190 1813 de
1211 1766 1335 1826 causa,
1358 1738 1520 1843 aliquam
1544 1739 1675 1814 dixerit
1695 1737 1763 1812 lal-

344 1869 488 1944 sitatem
515 1869 572 1944 vel
600 1867 844 1943 immiscuerit
873 1869 911 1942 in
933 1867 1171 1973 deposicione
1197 1897 1278 1956 sua,
1303 1868 1395 1944 dixit
1418 1897 1484 1974 per
1504 1871 1760 1975 juramentum

342 2025 453 2075 suum
473 1999 578 2103 quod
598 2027 693 2087 n0n3
715 1999 832 2074 immo
849 1997 940 2074 dixit
958 2027 1090 2102 puram
1107 2015 1144 2073 et
1163 2027 1303 2074 meram
1320 1998 1521 2075 veritatem.

399 2260 491 2334 Item
505 2258 618 2334 frater
629 2258 812 2334 Henricns
833 2257 879 2334 de
897 2258 1068 2365 Hercigni
1086 2258 1244 2335 diocesis
1257 2260 1531 2360 Landuuensis‚
1552 2260 1657 2335 etatis
1673 2289 1763 2364 qua-

344 2388 509 2494 draginta
534 2416 716 2465 aunorum
738 2386 795 2463 vel
822 2388 932 2476 circa,
953 2389 1100 2495 juratus
1122 2389 1255 2465 eodem
1282 2389 1397 2465 modo
1419 2389 1465 2465 dc
1494 2418 1533 2464 se
1556 2408 1592 2465 et
1620 2389 1701 2465 aliis
1725 2391 1761 2464 in

343 2546 449 2595 causa
470 2517 558 2593 [idei
578 2517 700 2595 dicere
716 2519 923 2605 veritatem,
942 2535 978 2594 et
997 2517 1245 2627 iuterrogatus
1258 2519 1306 2593 de
1321 2536 1491 2623 tempore
1513 2537 1549 2594 ct
1565 2519 1679 2595 modo
1696 2546 1760 2593 sue
1884 2546 1892 2566 ·

342 2649 586 2753 recepcionis,
603 2649 693 2725 dixit
707 2678 774 2754 per
788 2649 1044 2754 juramentum
1065 2678 1175 2724 suum
1190 2650 1293 2753 quod
1306 2667 1478 2753 receptus
1498 2648 1569 2725 luit
1586 2650 1647 2725 die
1664 2650 1761 2725 lovis

314 2757 318 2764 Ι
342 2795 425 2854 aute
442 2779 577 2855 instans
597 2778 733 2856 festum
752 2777 1027 2855 Purificacionis
1046 2778 1153 2854 beate
1174 2779 1289 2855 Marie
1305 2779 1465 2884 Virginis
1481 2779 1703 2865 critarum,
1722 2779 1759 2853 in

343 2908 455 2986 domo
470 2908 516 2985 de
534 2911 787 2997 Seraincourt,
807 2938 874 3014 per
893 2908 1044 2986 l'ratrem
1064 2909 1271 2985 lohanncm
1295 2922 1553 3015 preceptorem
1574 2909 1670 2985 dicte
1695 2910 1761 2985 do-

342 3067 441 3129 mus,
469 3040 704 3143 presentibus
733 3038 841 3116 fratre
869 3039 1033 3116 Roberto
1066 3038 1238 3143 bergerio
1269 3039 1366 3114 dicte
1396 3039 1546 3125 domus,
1579 3056 1617 3115 et
1647 3033 1758 3114 fratre

342 3169 552 3247 Christiano
578 3170 687 3246 fratre
708 3170 806 3247 dicte
823 3171 973 3258 domus,
998 3187 1035 3247 et
1054 3170 1279 3275 quibusdam
1301 3170 1381 3247 aliis
1403 3170 1449 3246 de
1466 3198 1625 3276 quorum
1643 3172 1760 3246 nomi·

343 3299 454 3377 nibus
473 3330 548 3378 non
566 3301 704 3378 recolit.
731 3303 776 3377 Et
797 3302 888 3378 dixit
905 3329 973 3407 per
987 3302 1243 3408 juramentum
1265 3330 1375 3378 suum
1395 3300 1497 3408 quod
1518 3301 1653 3377 multas
1673 3330 1759 3405 pro-

341 3431 536 3509 missiones
555 3432 642 3509 fecit
663 3432 710 3507 de
736 3435 881 3510 statutis
904 3450 942 3509 et
969 3432 1120 3511 secretis
1146 3433 1234 3510 dicti
1265 3433 1405 3510 ordinis
1434 3433 1690 3523 observandis,
1723 3450 1760 3508 et

341 3560 455 3636 nichil
474 3561 577 3637 aliud
593 3561 832 3638 inhonestum
852 3563 923 3638 fuit
938 3562 1010 3638 sibi
1025 3563 1230 3668 injunctum
1249 3563 1305 3638 vel
1319 3563 1480 3652 dictum;
1497 3582 1534 3640 et
1549 3564 1639 3638 dixit
1655 3565 1757 3668 quod

341 3690 456 3765 nichil
476 3691 715 3766 inhonestum
735 3690 874 3767 sciehat
892 3693 930 3767 in
947 3691 1047 3769 dicto
1068 3694 1209 3770 ordine.

397 3954 489 4026 ltem
510 3976 622 4037 anno,
650 3949 852 4039 indicione,
874 3978 1017 4040 mense,
1036 3938 1096 4027 die
1113 3969 1150 4027 et
1166 3951 1382 4056 pontificatu
1403 3954 1593 4057 predictis,
1616 3955 1655 4027 in
1674 3954 1761 4029 reli·

342 4081 435 4186 giosi
455 4081 522 4156 viri
543 4079 663 4156 fratris
683 4079 822 4156 Nicolai
844 4081 891 4156 de
911 4078 1107 4157 Anessiaco
1127 4081 1369 4157 commissarii
1392 4082 1548 4188 predicti
1569 4083 1760 4186 inquisito-

342 4210 393 4284 ris
414 4209 577 4285 heretice
598 4209 781 4314 pravitatis
801 4209 1015 4288 auctoritate
1031 4209 1231 4316 apostolica
1251 4211 1432 4316 deputati,
1466 4229 1634 4289 nostrum
1656 4229 1760 4286 nota-

343 4342 484 4416 riorum
503 4340 740 4445 publicorum
762 4357 798 4417 et
823 4340 1139 4448 infrascriptorum
1152 4343 1344 4448 presencia
1365 4342 1609 4447 personaliter
1624 4341 1759 4417 consti-

341 4487 445 4547 tutus
478 4469 590 4545 frater
618 4469 835 4575 Radulphus
861 4471 907 4548 de
932 4471 1155 4549 Taverniaco
1182 4489 1306 4549 custos
1332 4471 1467 4549 domus
1496 4473 1541 4547 de
1569 4470 1664 4549 Villa
1688 4471 1760 4547 Dei

337 4601 441 4704 juxta
460 4600 598 4676 Malum
614 4603 829 4705 Repastum,
849 4603 1007 4679 diocesis
1020 4602 1272 4691 Carnotensis,
1296 4604 1400 4679 etatis
1416 4602 1682 4708 quinquaginta
1697 4629 1758 4677 sex

343 4758 524 4806 annorum
546 4730 602 4805 vel
619 4732 728 4819 circa,
744 4733 890 4837 juratus
911 4732 1044 4810 eodem
1066 4734 1180 4810 modo
1201 4733 1247 4810 de
1270 4763 1308 4809 se
1326 4752 1362 4809 et
1381 4732 1462 4809 aliis
1481 4733 1520 4808 in
1541 4760 1648 4808 causa
1669 4729 1758 4806 fidei

344 4859 467 4936 dicere
482 4861 690 4950 veritatem,
709 4878 745 4937 et
756 4863 1002 4969 interrogatus
1015 4864 1061 4939 de
1072 4882 1241 4970 tempore
1258 4881 1295 4941 et
1305 4864 1419 4939 modo
1436 4892 1500 4940 sue
1511 4863 1758 4968 recepcionis‚
