4236 5948
350 551 422 621 sio
735 526 931 618 eneces
959 544 1052 615 nus
1082 542 1380 614 rnurnmns

348 688 408 762 alii
423 684 610 762 similiter.
623 685 833 790 Requisitus
844 701 968 760 utrum
986 685 1018 758 vi
1029 744 1037 772 ,
1047 682 1104 758 vel
1119 702 1222 759 metu
1235 699 1509 761 tormentorum
1522 700 1584 760 aut
1597 685 1768 771 carceris,

348 815 470 922 aliqua
485 813 555 889 alia
569 843 687 900 causa,
705 815 742 889 in
757 843 820 891 sua
838 814 1079 919 deposicione
1098 813 1231 889 dixerit
1252 812 1466 901 salsitatem,
1485 812 1576 889 dixit
1592 842 1659 920 per
1674 814 1773 921 jura-

347 961 516 1021 mentum
523 972 633 1019 suum
645 943 746 1048 quod
757 973 850 1032 non,
864 946 981 1020 immo
998 971 1127 1047 puram
1142 961 1179 1019 et
1189 944 1554 1048 meramrecognovit
1565 943 1769 1020 veritatem.

404 1078 491 1153 Acta
512 1096 599 1152 sunt
619 1077 687 1152 hec
707 1105 819 1165 anno,
845 1078 1045 1163 indicione,
1069 1102 1212 1163 mense,
1234 1074 1469 1181 pontificatu,
1487 1075 1570 1151 loco
1587 1093 1624 1152 et
1639 1074 1771 1152 diebus

349 1208 540 1313 predictis,
567 1223 738 1313 presente
771 1207 947 1313 religioso
982 1205 1092 1282 fratre
1120 1204 1323 1312 Reginaldo
1350 1204 1395 1280 de
1421 1203 1598 1281 Credolio
1629 1204 1772 1281 ordinis

349 1337 642 1425 Predicatorum,
672 1337 862 1415 nobilibus
887 1337 973 1413 viris
999 1336 1154 1412 domino
1183 1338 1340 1443 Hugone
1367 1336 1414 1411 de
1438 1334 1539 1411 Cella
1569 1335 1704 1423 milite,
1731 1363 1772 1409 ac

349 1467 549 1544 Guillelmo
571 1467 616 1542 de
638 1468 812 1574 Choques
838 1469 980 1545 civitate
1013 1467 1225 1553 Parisiensi‚
1247 1483 1283 1543 et
1303 1466 1474 1570 pluribus
1498 1464 1578 1540 aliis
1597 1465 1769 1552 testibus,

348 1599 394 1673 ad
414 1599 610 1705 premissa,
634 1598 742 1675 dictis
763 1599 895 1676 diebus
914 1599 1086 1674 vicesima
1112 1615 1256 1704 quarta,
1275 1597 1446 1672 vicesima
1467 1596 1594 1702 quinta
1616 1614 1653 1671 et
1675 1597 1771 1673 vice-

347 1729 438 1803 sima
460 1746 558 1805 sexta
579 1728 740 1805 octobris
761 1745 854 1817 acta,
871 1729 1006 1805 vocatis
1031 1727 1238 1832 specialiter
1256 1743 1294 1802 et
1314 1728 1458 1831 rogatis.

402 1992 448 2066 Et
465 2020 534 2097 ego
551 1989 714 2065 Amisius
735 1989 782 2065 de
803 1990 1005 2066 Aureliano
1027 1989 1147 2065 dictus
1168 1989 1202 2063 le
1224 1989 1325 2065 Ratis
1327 2048 1336 2077 ,
1353 1988 1526 2076 clericus,
1544 2005 1769 2065 sacrosancte

347 2124 509 2196 Romane
536 2118 692 2195 ecclesie
719 2120 936 2195 auctoritate
963 2121 1128 2195 notarius
1148 2118 1336 2223 publicus,
1357 2118 1549 2223 premissis
1569 2116 1770 2194 consessio-

348 2250 460 2325 nibus
486 2265 523 2326 et
542 2249 715 2326 omnibus
735 2249 815 2324 aliis
841 2267 878 2324 et
899 2248 1068 2354 singulis,
1090 2265 1202 2354 prout
1220 2249 1258 2323 in
1281 2249 1443 2354 presenti
1467 2265 1563 2325 carta
1582 2277 1649 2324 seu
1667 2247 1769 2353 pecia

349 2395 385 2453 et
406 2380 443 2453 in
462 2378 748 2483 precedentibus
767 2379 871 2483 signo
891 2405 976 2453 meo
994 2378 1143 2483 signatis
1162 2377 1308 2481 plenius
1329 2378 1574 2466 continentur,
1596 2404 1768 2453 unacum

346 2509 604 2615 suprascriptis
622 2509 777 2585 testibus
798 2526 835 2584 et
852 2507 1037 2614 magistris
1056 2509 1224 2584 Johanne
1244 2507 1290 2584 de
1306 2509 1484 2596 Pruvino,
1503 2506 1686 2585 Gaulrido
1699 2510 1770 2585 En-

344 2638 476 2745 guelor
507 2641 607 2716 dicto
639 2639 803 2744 Chalop‚
840 2640 964 2715 Eveno
992 2639 1088 2715 Phili
1117 2656 1153 2715 et
1184 2639 1321 2716 Jacobo
1353 2638 1400 2716 de
1431 2640 1578 2717 Virtute
1611 2636 1768 2744 publicis

344 2770 513 2857 notariis,
535 2797 688 2875 presens
708 2771 875 2858 interlui,
899 2787 950 2860 et,
975 2771 1021 2846 de
1043 2769 1216 2847 mandato
1237 2770 1326 2847 dicti
1344 2768 1589 2876 inquisitoris,
1607 2768 1694 2844 huic
1715 2769 1769 2843 in·

344 2919 548 2978 strumento
570 2931 629 2977 me
651 2902 849 3007 subscripsi
866 2902 903 2976 in
921 2903 1177 2979 testimonium
1192 2902 1478 3007 premissorum,
1504 2899 1670 3005 illudque
1683 2928 1765 2976 meo

331 3034 447 3139 ,signo
468 3033 578 3109 solito
596 3033 733 3138 signavi
752 3050 910 3138 rogatus.

404 3295 446 3367 Et
469 3322 536 3399 ego
555 3292 756 3370 Gaufridus
774 3292 962 3398 Enguelor
983 3293 1103 3369 dictus
1128 3292 1288 3398 Chalop‚
1314 3293 1466 3369 clericus
1491 3290 1664 3369 Dolensis
1684 3291 1765 3367 dio-

344 3422 452 3508 cesis,
487 3421 685 3525 apostolica
720 3422 934 3498 auctoritate
969 3423 1135 3499 notarius
1164 3422 1350 3527 publicus,
1377 3422 1565 3527 premissis
1593 3420 1765 3497 omnibus

347 3568 384 3627 et
408 3551 559 3657 singulis
589 3551 695 3641 actis,
722 3551 817 3628 dicta
843 3552 903 3627 die
929 3568 1041 3629 ruitura
1067 3551 1246 3640 octobris,
1274 3548 1425 3658 presens
1450 3580 1522 3627 una
1547 3580 1634 3629 cum
1659 3549 1765 3626 dictis

346 3681 501 3758 testibus
522 3698 559 3758 et
577 3682 729 3759 notariis
749 3682 907 3788 publicis
926 3681 987 3758 hic
1007 3683 1237 3789 subscriptis,
1255 3710 1407 3788 presens
1421 3681 1590 3769 interlui,
1609 3683 1648 3757 in
1662 3680 1765 3759 testi-

345 3812 513 3888 monium
535 3814 800 3918 premissorum
819 3843 878 3890 me
900 3815 1118 3919 subscripsi,
1142 3832 1178 3891 et
1197 3815 1344 3919 signum
1360 3841 1488 3890 meum
1508 3814 1662 3918 apposui
1684 3838 1765 3888 con·

343 3959 492 4018 suetum
509 3961 658 4020 vocatus
679 3961 715 4020 et
735 3961 893 4050 rogatus.

398 4206 443 4280 Et
468 4235 536 4312 ego
564 4208 708 4283 Erenus
734 4208 840 4313 Phily
870 4208 916 4283 de
946 4209 1080 4285 Sancto
1114 4208 1256 4285 Nicasio
1288 4208 1442 4283 clericus
1476 4204 1764 4310 Corisopitensis

341 4335 516 4425 diocesis,
537 4337 738 4441 apostolica
758 4337 932 4442 publicus
953 4340 1167 4415 auctoritate
1184 4338 1365 4425 notarius,
1381 4337 1571 4441 premissis
1591 4330 1764 4411 omnibus

341 4482 377 4539 et
406 4466 574 4571 singulis,
605 4485 718 4573 prout
741 4468 779 4543 in
805 4471 964 4574 presenti
996 4487 1095 4546 carta
1123 4471 1217 4545 etin
1237 4466 1525 4574 precedentibus
1551 4466 1657 4574 signo
1679 4491 1762 4541 meo

340 4594 487 4698 signatis
500 4596 648 4700 plenius
660 4598 910 4689 continentur,
923 4630 996 4676 una
1008 4630 1093 4677 cum
1105 4600 1261 4677 testibus
1273 4597 1451 4704 predictis
1462 4593 1760 4702 acsuprascriptis

341 4725 508 4812 notariis,
526 4755 676 4831 presens
691 4729 858 4817 interfui,
876 4731 938 4806 hic
951 4758 1011 4806 me
1026 4730 1237 4836 subscripsi,
1254 4746 1291 4806 et
1309 4757 1480 4806 unacum
1496 4727 1609 4834 signis
1623 4741 1660 4802 et
1674 4723 1759 4801 sub-

339 4854 607 4960 scripcionibus
627 4858 793 4962 ipsorum
815 4860 1046 4937 notariorum
1066 4862 1215 4966 signum
1234 4887 1362 4934 meum
1382 4858 1535 4964 apposui
1552 4871 1713 4962 rogatus.
