4236 5948
598 514 793 607 ruocbs
820 534 915 606 nus
942 536 1242 608 ruurmuns.
1587 543 1635 613 85

211 675 290 753 lum
320 673 496 749 illicitum
518 671 575 748 vel
602 675 845 753 inhonestum
873 695 963 752 tunc
985 676 1041 752 vel
1065 695 1149 782 post
1171 676 1369 753 intervenit
1389 677 1425 751 in
1450 682 1638 785 recepcio-

211 807 322 884 nibus
343 805 575 911 supradictis.
596 807 643 882 Et
661 837 729 914 per
751 809 929 885 eumdem
951 809 1110 886 modum
1133 809 1226 888 vidit
1246 808 1360 914 recipi
1380 806 1511 886 fratres
1532 810 1639 889 Guil-

211 938 366 1015 lelmum
385 937 431 1012 de
441 935 585 1012 Madito
598 936 758 1014 militem
775 939 986 1043 quondam,
1001 938 1230 1016 Ademarum
1242 937 1385 1015 Balotel
1401 941 1637 1030 servientem,

211 1069 435 1157 dellunctos,
453 1066 566 1142 simul
587 1067 623 1141 in
644 1069 807 1175 quadam
830 1079 974 1144 camera
992 1070 1131 1148 domus
1144 1069 1293 1176 Templi
1323 1069 1368 1145 de
1398 1070 1561 1180 Vilagast
1578 1074 1639 1148 Pi-

210 1199 387 1278 ctavensis
413 1196 588 1285 diocesis,
621 1199 658 1272 in
684 1200 834 1277 instanti
864 1217 980 1277 estate
1012 1219 1124 1276 erunt
1150 1228 1228 1278 xuu
1250 1199 1335 1275 anni
1357 1198 1416 1274 vel
1435 1201 1549 1292 circa,
1571 1232 1640 1309 per

189 1404 191 1408 Α
210 1331 360 1408 fratrem
383 1328 617 1407 Gaulredum
639 1331 686 1406 de
707 1330 855 1408 Vilzero
880 1330 1041 1407 militem
1062 1332 1274 1437 quondam,
1299 1347 1391 1406 tunc
1410 1331 1637 1410 visitatorem

210 1463 296 1539 citra
327 1488 449 1547 mare,
493 1459 731 1564 presentibus
756 1450 967 1539 Guillelmo
994 1461 1041 1537 de
1070 1461 1178 1538 Blere
1217 1477 1308 1537 tnnc
1336 1480 1555 1567 preceptore
1590 1465 1637 1540 de

210 1589 432 1680 Cbausilho,
464 1591 529 1695 qui
562 1590 753 1667 detinetur
780 1592 881 1697 apud
907 1591 1124 1698 Caynonem
1152 1591 1375 1668 Pictavensis
1400 1592 1639 1693 diocesis-et

209 1721 371 1800 Geraldo
387 1721 579 1826 quondam
603 1721 636 1796 la
657 1721 823 1811 Vernha,
843 1741 880 1798 et
899 1720 1107 1799 Guillelmo
1123 1722 1374 1810 Chandelier,
1391 1723 1582 1828 predictis,
1601 1743 1638 1800 et

208 1853 436 1961 quibusdam
458 1852 540 1930 aliis
558 1854 605 1929 de
627 1883 791 1959 quorum
810 1854 1031 1931 nominibus
1051 1882 1127 1930 non
1150 1855 1380 1931 recordatur.
1400 1854 1504 1932 Vidit
1520 1855 1636 1931 eciam

208 1984 321 2090 recipi
343 1983 495 2058 fratrem
512 1983 723 2060 lohannem
755 1983 862 2060 Folhi
893 1984 1139 2070 servientem,
1165 1984 1212 2059 de
1227 1983 1345 2059 Podio
1365 1983 1506 2060 Revelli
1526 1985 1640 2061 Picta·

207 2115 327 2195 vensis
356 2113 531 2202 diocesis,
569 2115 634 2219 qui
669 2115 861 2191 detinetur
877 2115 1057 2203 Turonis,
1081 2115 1270 2191 dominica
1288 2115 1327 2189 in
1347 2116 1473 2191 Remis
1494 2116 1639 2221 palmo-

204 2275 290 2351 pum
311 2246 479 2352 proxima
501 2263 612 2321 erunt
629 2263 773 2352 septem
796 2247 883 2322 anni
904 2246 963 2331 vel
984 2246 1090 2335 circa,
1115 2247 1153 2320 in
1170 2245 1311 2351 capella
1332 2246 1469 2323 domus
1486 2246 1636 2353 Templi

209 2377 393 2453 de'Podio
411 2375 570 2465 Revelli,
592 2404 660 2482 per
680 2377 825 2453 dictum
848 2377 1000 2453 fratrem
1018 2376 1255 2454 Guillemum
1277 2377 1323 2454 de
1340 2377 1466 2464 Blere,
1487 2406 1638 2483 presen-

206 2507 308 2584 tibus
327 2505 506 2583 fratribus
523 2506 793 2584 bartholomeo
811 2508 857 2583 de
874 2507 994 2584 Pedio
1015 2506 1171 2594 Revelli,
1187 2523 1282 2582 teste
1303 2535 1413 2611 supra
1428 2509 1554 2614 jurato
1571 2510 1636 2584 sed

208 2637 378 2714 nondum
403 2637 629 2724 examinato,
654 2655 690 2714 et
715 2637 884 2714 lobanne
907 2637 1071 2714 Criando
1098 2638 1145 2714 de
1169 2655 1267 2713 terra
1286 2636 1501 2714 Vindocinii
1522 2667 1638 2743 quon·

209 2768 310 2855 dam,
340 2768 449 2875 cujus
475 2795 684 2875 cognomen
711 2769 872 2876 ignorat3
904 2768 1072 2872 plurium
1099 2765 1383 2872 recepcionihus
1408 2794 1484 2842 non
1505 2768 1639 2845 recolit

208 2928 244 2975 se
260 2899 399 3007 pluisse.
424 2899 639 3003 Requisitus
665 2899 695 2974 si
722 2927 760 2974 se
788 2896 978 2973 obtulerat
1001 2897 1223 2972 deffensioni
1251 2897 1413 2982 ordinis,
1441 2900 1637 3002 respondit

207 3031 309 3137 qnod
330 3057 429 3117 non,
459 3030 523 3106 sed
548 3029 647 3105 bene
676 3046 827 3104 venerat
847 3046 1001 3133 propter
1021 3027 1187 3134 predicta
1208 3055 1282 3103 una
1303 3056 1388 3102 cum
1415 3027 1496 3102 aliis
1516 3057 1635 3134 usque

206 3161 378 3237 Parisius.

262 3291 476 3396 Requisitus
487 3293 516 3368 si
534 3293 586 3368 sic
600 3292 825 3398 deposuerat
840 3322 967 3398 prece,
985 3311 1181 3408 precepto,
1199 3294 1353 3381 timore,
1369 3321 1512 3380 amore,
1528 3293 1633 3381 odie,

206 3420 262 3496 vel
277 3421 477 3528 temporali
499 3422 662 3499 comodo
683 3423 814 3499 habito
835 3423 893 3529 vel
914 3423 1102 3511 habende,
1126 3424 1321 3530 respondit
1336 3425 1438 3528 quod
1458 3450 1552 3513 non,
1569 3427 1636 3503 sed

206 3566 276 3658 pro
300 3554 454 3630 veritate
481 3554 659 3642 dicenda3
687 3554 745 3630 cui
775 3554 848 3629 fuit
873 3555 1086 3662 injunctum
1112 3556 1216 3661 quod
1242 3582 1319 3631 non
1341 3553 1522 3631 revelaret
1542 3556 1638 3631 banc

206 3713 309 3762 suam
334 3686 632 3791 deposicionem,
651 3714 851 3792 quousque
872 3688 1131 3763 attestaciones
1150 3685 1291 3762 fuerint
1310 3684 1513 3790 publicate.

260 3951 389 4025 Frater
402 3947 640 4027 Hunbaudus
656 3952 704 4026 de
717 3950 752 4026 la
767 3951 951 4057 Boyssada
973 3951 1154 4037 serviens,
1171 3950 1446 4032 Lemovicensis
1463 3952 1634 4038 diocesis,

206 4080 392 4158 adductus
408 4106 476 4186 pro
493 4098 589 4156 teste
603 4083 652 4157 ad
667 4080 898 4188 presenciam
918 4082 1143 4158 eorumdem
1161 4080 1407 4157 dominorum
1425 4083 1638 4158 commissa-

204 4210 364 4298 riorum,
382 4210 489 4288 tactis
506 4213 747 4288 sacrosanctis
762 4210 989 4318 Euangelus,
1007 4212 1146 4319 juravit
1164 4210 1288 4286 dicere
1306 4209 1498 4285 veritatem
1511 4210 1548 4284 in
1563 4210 1635 4288 isto

205 4343 378 4449 negocio,
407 4343 618 4419 secundum
645 4342 804 4419 sormam
827 4342 989 4419 aliorum
1011 4343 1164 4419 testium
1187 4342 1358 4447 superius
1384 4341 1634 4447 registratam‚

205 4473 409 4578 expositam
440 4490 478 4547 et
504 4473 764 4581 vulgaritatem
793 4475 940 4563 eidem3
970 4492 1007 4549 et
1034 4501 1108 4549 non
1132 4473 1373 4550 detinebatur
1398 4488 1540 4576 captus,
1568 4500 1638 4550 nec

203 4600 346 4679 serebat
365 4602 587 4680 mantellum
608 4605 752 4682 ordinis
773 4634 895 4711 neque
916 4604 1092 4688 barbam,
1115 4604 1202 4709 quia
1219 4621 1303 4708 post
1322 4605 1401 4710 ejus
1420 4604 1635 4709 capcionem

208 4735 420 4812 voluntarie
442 4737 564 4842 ipsum
594 4739 785 4815 dimiserat
809 4756 844 4814 et
870 4738 950 4814 radi
975 4735 1402 4825 feceratsibibarban13
1428 4763 1497 4814 xxv
1522 4764 1636 4812 anno·

204 4895 285 4942 rum
311 4866 368 4943 vel
393 4867 506 4957 circa,
536 4898 620 4946 cum
649 4899 724 4976 quo
753 4870 973 4975 inquisitum
999 4868 1118 4944 luerat
1143 4897 1210 4973 per
1231 4868 1362 4944 fratres
1383 4868 1636 4973 predicatores
