4236 5948
348 493 421 561 sm
539 486 542 491 ·
733 466 1376 560 raccnsnmrsummns.

343 647 384 709 ,et
403 626 628 735 quibusdam
648 627 727 704 aliis
747 627 794 703 de
818 653 980 731 quorum
1000 624 1216 702 nominihus
1238 651 1314 700 non
1343 623 1486 700 recolit
1512 624 1621 701 'Dixit
1651 625 1765 702 eciam

346 788 414 862 per
428 761 681 866 juramentum
704 785 814 834 suum
842 755 963 863 quod,
992 771 1078 861 post
1105 754 1240 831 multas
1265 755 1530 860 promissiones
1559 753 1673 831 laetas
1700 784 1767 861 per

348 917 434 965 eum
450 891 496 965 de
517 887 754 965 observandis
772 886 916 964 statutis
937 903 974 963 et
985 885 1135 962 secretis
1149 885 1309 972 ordinis,
1326 885 1480 990 quidam
1495 883 1607 961 frater
1620 903 1767 964 vocante

345 1019 456 1097 lrater
472 1019 657 1098 Galterius
677 1019 725 1096 de
745 1018 947 1095 Brahaneia
962 1017 1065 1093 duxit
1088 1043 1175 1092 eum
1192 1033 1296 1118 retro
1308 1015 1442 1102 altaro,
1459 1032 1515 1103 et,
1538 1033 1682 1093 ostensa
1693 1017 1766 1094 sibi

346 1151 505 1250 quadam
524 1178 631 1225 cruce
651 1150 691 1225 in
712 1176 785 1254 qua
803 1164 881 1224 erat
899 1174 1031 1252 ymago
1050 1145 1167 1222 Jhesu
1186 1145 1341 1234 Christi,
1371 1146 1485 1250 peciit
1504 1146 1551 1222 ah
1576 1174 1622 1222 eo
1640 1164 1766 1223 utrum

346 1277 515 1351 crederet
534 1276 572 1349 in
595 1301 640 1350 eo
661 1280 768 1380 cujus
786 1295 865 1356 orat
886 1305 1018 1385 ymago
1039 1277 1185 1382 depicta
1204 1276 1275 1364 ihi3
1298 1293 1335 1352 et
1359 1276 1552 1381 respondit
1571 1277 1676 1382 quod
1692 1277 1766 1365 sic;

346 1422 383 1479 et
400 1421 504 1490 tunc,
529 1402 656 1490 vellet,
686 1402 817 1491 nollet,
844 1402 934 1479 lecit
957 1429 1045 1478 eum
1074 1406 1176 1479 idem
1200 1405 1384 1506 recipiens
1409 1406 1588 1512 abnegare
1612 1405 1765 1485 Jhesum

345 1534 536 1611 Christum
557 1550 595 1610 et
614 1561 749 1638 spuere
768 1549 854 1611 ter:
874 1530 1048 1608 videlicet
1073 1531 1131 1607 bis
1159 1559 1270 1637 supra
1300 1559 1467 1619 crucem,
1499 1549 1537 1608 et
1555 1538 1671 1610 tercia
1689 1536 1766 1611 vice

345 1666 444 1769 spuit
468 1664 515 1740 ad
534 1680 688 1752 terram,
714 1662 858 1769 fingens
880 1690 1024 1768 spuere.
1040 1689 1155 1765 super
1174 1690 1337 1738 emnem.
1368 1663 1618 1767 Interrogatus
1640 1680 1766 1749 utrum

345 1793 407 1869 alii
423 1794 553 1871 fratres
567 1794 658 1871 dicti
669 1793 809 1872 ordinis
817 1793 1043 1899 recipiantur
1052 1791 1163 1869 simili
1180 1793 1312 1880 modo,
1326 1791 1419 1868 dixit
1425 1792 1530 1897 quod
1540 1793 1658 1870 credit
1664 1795 1767 1899 quod

345 1926 409 2000 sic.
430 1926 678 2031 Interrogatus
698 1950 813 2029 quare
832 1922 968 2012 credit,
990 1923 1083 1999 dixit
1102 1924 1205 2029 quod
1219 1922 1340 1999 credit
1357 1950 1426 2029 pro
1446 1950 1492 2000 eo
1506 1922 1610 2028 quod
1629 1923 1702 1999 Iuit
1717 1925 1766 2000 ita

344 2070 527 2158 receptus.
535 2055 784 2159 Interrogatus
794 2053 885 2159 quid
901 2052 974 2129 suit
987 2053 1058 2130 sihi
1073 2051 1215 2131 dictum
1230 2081 1317 2130 eum
1327 2053 1427 2130 vovit
1444 2053 1665 2141 castitatem,
1677 2052 1767 2128 dixit

344 2211 412 2288 per
431 2183 684 2287 juramentum
710 2158 822 2260 suum
841 2183 945 2288 quod
967 2182 1039 2259 fuit
1062 2182 1134 2260 sibi
1154 2183 1364 2289 injunctum
1384 2181 1493 2287 quod¹
1509 2183 1766 2260 commisceret

345 2340 385 2387 se
406 2341 492 2388 cum
508 2311 588 2388 aliis
606 2311 799 2402 fratribus,
820 2313 851 2390 si
871 2312 1070 2418 indigeret,
1090 2330 1127 2390 et
1147 2313 1219 2389 hoc
1243 2312 1345 2389 idem
1364 2314 1596 2417 permitteret
1615 2312 1709 2390 aliis.

279 2462 282 2469 '
401 2444 651 2548 Interrogatus
667 2461 793 2521 utrum
805 2444 857 2533 vi,
879 2444 937 2521 vel
950 2461 1055 2520 metu
1069 2462 1357 2531 tormentorum,
1373 2444 1545 2532 carceris,
1566 2461 1631 2520 aut
1644 2443 1764 2549 aliqua

344 2571 414 2646 alia
434 2600 557 2662 causa,
579 2572 618 2648 in
642 2601 706 2655 sua
727 2572 964 2679 deposicione
984 2573 1118 2650 dixerit
1143 2573 1356 2662 falsitatem,
1388 2573 1481 2649 dixit
1500 2601 1568 2678 per
1580 2574 1764 2679 juramen·

343 2718 425 2777 tum
444 2730 553 2779 suum
573 2704 678 2808 quod
695 2731 789 2792 non,
810 2705 927 2783 immo
950 2731 1084 2809 puram
1104 2722 1141 2781 et
1161 2732 1303 2780 meram
1322 2703 1458 2781 dixerit
1473 2704 1678 2780 veritatem.

400 2962 492 3038 Item
511 2960 625 3038 frater
643 2963 815 3040 Nicolaus
835 2963 882 3038 de
900 2963 1065 3068 Capella,
1093 2964 1198 3040 etatis
1220 2963 1487 3068 quinquaginta
1505 2989 1690 3039 annorum
1704 2961 1762 3038 -vol

344 3092 454 3179 circa,
476 3091 612 3168 ecdem
632 3092 748 3169 modo
763 3091 911 3199 juratus
924 3091 972 3168 de
988 3120 1028 3169 se
1046 3109 1084 3167 et
1099 3092 1180 3168 aliis
1195 3093 1234 3166 in
1255 3119 1361 3168 causa
1377 3091 1468 3167 fidei
1489 3090 1613 3168 dicere
1633 3091 1762 3167 verita·

343 3237 438 3304 tem',
458 3236 497 3294 et
515 3219 716 3324 requisitus
735 3220 782 3296 de
798 3238 967 3326 tempore
989 3238 1026 3297 et
1045 3221 1160 3297 modo
1183 3221 1411 3326 recepcionis
1430 3249 1496 3297 sue
1522 3222 1561 3296 in
1585 3221 1685 3297 dicto
1706 3248 1762 3297 on

344 3348 449 3434 dine,
483 3348 575 3424 dixit
597 3377 665 3454 per
684 3349 937 3453 juramentum
966 3378 1082 3462 suum·
1105 3350 1210 3455 quod
1233 3349 1306 3427 luit
1331 3367 1504 3455 receptus
1522 3351 1561 3424 in
1581 3350 1696 3428 domo
1716 3350 1761 3424 de

343 3475 446 3551 Bello
459 3477 550 3554 Visu
575 3477 801 3554 senonensis
821 3478 994 3567 diocesis,
1008 3478 1141 3583 ,viginti
1159 3479 1243 3555 anni
1259 3496 1349 3555 sunt
1368 3478 1498 3584 elapsi,
1519 3506 1588 3582 per
1609 3479 1759 3555 fratrem

342 3606 375 3680 J.
397 3604 446 3681 de
465 3606 592 3680 Turno
620 3623 712 3695 tune
733 3607 1287 3694 thesaurariumParisiensem,
1317 3609 1555 3712 presentibus
1587 3609 1761 3685 fratribus

342 3732 510 3812 Iohanne
527 3735 812 3815 dietoLeGrant
824 3739 871 3814 de
882 3736 1121 3843 Laigneville,
1135 3755 1172 3815 et
1183 3738 1409 3842 ‚quibusdam
1420 3738 1500 3816 aliis
1513 3739 1579 3844 qui
1595 3737 1759 3816 defuncti
1827 3789 1835 3809 .

342 3881 441 3940 sunt.
460 3865 562 3942 Dixit
575 3882 700 3942 tamen
719 3894 787 3970 per
800 3867 1056 3972 juramentum
1073 3896 1183 3944 suum
1204 3869 1324 3973 quod,
1345 3886 1430 3974 post
1447 3868 1588 3974 aliquas
1602 3869 1761 3974 promis-

342 3995 464 4069 siones
483 3994 595 4071 lactas
609 3995 657 4072 de
671 3997 815 4072 statutis
835 4012 872 4072 et
883 3997 1032 4073 secretis
1048 3998 1137 4073 dicti
1153 3999 1292 4074 ordinis
1306 3998 1558 4087 observandis,
1573 3997 1643 4076 fuit
1656 4025 1760 4074 man-

340 4123 471 4201 tellum
499 4122 570 4201 sibi
598 4125 765 4230 positum
793 4124 842 4201 ad
869 4126 1021 4215 collum,
1049 4143 1086 4203 et
1109 4127 1290 4232 recipiens
1317 4128 1482 4206 ostendit
1510 4127 1582 4204 sibi
1614 4155 1760 4203 crucem

340 4253 544 4359 quamdam
565 4253 603 4328 in
622 4282 696 4359 qua
720 4272 798 4330 erat
815 4283 950 4362 ymago
969 4257 1085 4333 Jhesu
1101 4255 1240 4332 Christi
1260 4256 1441 4344 crucifixi,
1465 4273 1502 4333 et
1521 4256 1635 4363 peciit
1649 4255 1695 4332 ab
1716 4282 1760 4331 eo

341 4401 468 4461 utrum
484 4384 654 4461 crederet
663 4384 701 4460 in
718 4413 763 4462 eo
784 4384 889 4491 cujus
900 4414 1032 4493 ymago
1045 4387 1098 4465 ibi
1114 4403 1207 4476 erat3
1226 4404 1264 4463 et
1276 4388 1356 4493 ipse
1371 4387 1564 4492 respondit
1577 4384 1682 4492 quod
1696 4385 1758 4462 sic.

341 4513 388 4588 Et
397 4530 486 4589 tunc
500 4512 571 4590 fuit
591 4514 802 4620 compulsus
817 4543 884 4621 per
900 4545 1006 4606 eum,
1023 4535 1067 4593 ut
1086 4517 1195 4604 dixit,
1210 4517 1390 4625 abnegare
1402 4515 1556 4593 Jhesum
1569 4516 1760 4593 Christum

343 4656 380 4716 et
405 4670 535 4746 spuere
562 4659 630 4719 ter.
660 4643 763 4720 Dixit
782 4645 898 4721 eciam
916 4676 984 4751 per
998 4646 1254 4754 juramentum
1274 4646 1379 4753 quod
1398 4646 1583 4723 osculatus
1609 4645 1681 4724 luit
1704 4645 1761 4720 di·

343 4787 443 4849 ctum
460 4791 691 4878 receptorem
711 4777 750 4850 in
770 4775 949 4855 umbilico
963 4796 1001 4854 et
1020 4779 1059 4854 in
1081 4805 1158 4855 ore.
1170 4779 1272 4855 Dixit
1288 4779 1405 4855 eciam
1421 4806 1490 4883 per
1504 4778 1760 4882 juramentum
