4236 5948
671 547 994 639 processus
1021 550 1324 642 annotinas.
1622 662 1631 669 ,.
1665 573 1713 645 sr

283 705 547 785 nesciebatnec
557 705 750 785 audiverat
766 709 857 797 dici,
880 708 947 784 sed
964 707 1142 787 credebat
1159 710 1264 816 quod
1277 709 1330 787 eis
1340 710 1599 819 preciperetur
1609 712 1715 821 quod

283 838 545 916 conculcarent
569 866 719 915 crucem
742 856 780 916 et
805 858 986 946 spuerent
1010 870 1122 948 snpra
1148 870 1246 930 eam,
1273 842 1437 921 sednon
1467 846 1586 922 credit
1610 846 1716 952 quod

283 968 444 1048 lacerent
467 969 702 1076 spuicionern
726 989 765 1048 et
782 972 1112 1049 conculcacionem
1131 972 1330 1081 predictas.
1357 976 1468 1067 Item,
1496 975 1590 1053 dixit
1610 977 1716 1083 quod

281 1101 356 1207 ipse
367 1102 466 1180 bene
480 1101 658 1179 credebat
668 1102 925 1181 ecclesiasticis
940 1105 1198 1192 sacramentis,
1213 1121 1251 1182 et
1261 1105 1382 1183 credit
1392 1106 1497 1212 quod
1508 1106 1571 1183 alii
1582 1107 1715 1187 fratres

282 1233 424 1311 ordinis
438 1233 537 1312 bene
553 1235 772 1328 crederent,
794 1266 963 1315 asserens
980 1238 1086 1343 quod
1105 1237 1267 1316 existens
1287 1238 1327 1315 in
1347 1239 1481 1318 ordine
1499 1240 1713 1319 secundum

280 1363 436 1443 formam
446 1365 612 1443 Ecclesie
623 1366 847 1460 celebrabat,
862 1387 900 1446 et
909 1368 1031 1446 credit
1044 1369 1151 1476 quod
1161 1368 1224 1445 alii
1236 1368 1436 1476 presbiteri
1451 1371 1595 1449 ordinis
1610 1371 1712 1451 idem

279 1495 454 1588 lacerent,
468 1525 540 1575 nec
555 1497 699 1574 audivit
711 1498 765 1575 eis
780 1500 921 1607 precipi
939 1499 1043 1607 quod
1058 1501 1171 1578 verba
1184 1501 1337 1579 canonis
1353 1499 1610 1581 obmitterent.
1628 1504 1714 1584 Sta·

276 1629 344 1705 tim
359 1657 429 1735 pro
438 1625 616 1736 professis
626 1628 876 1707 habebantur.
893 1631 1136 1710 Clandestine
1146 1631 1437 1736 recipiebantur,
1451 1662 1582 1740 exquo
1593 1635 1715 1713 credit

273 1761 382 1866 quod
397 1779 495 1839 esset
507 1761 603 1838 mala
617 1761 782 1868 suspicio
796 1781 926 1841 eontra
941 1789 1019 1843 eos.
1035 1762 1214 1844 Cordulis
1226 1763 1474 1872 cingebantur
1486 1794 1580 1872 quas
1594 1795 1715 1845 sume·
1820 1866 1823 1872 Ι

269 1890 367 1968 bant
380 1893 483 1970 unde
498 1892 687 1971 volebant.
705 1894 954 1973 Inhibebatur
967 1895 1021 1972 eis
1034 1896 1141 2002 quod
1153 1922 1231 1972 non
1247 1895 1457 1975 revelarent
1466 1915 1609 1975 secreta
1622 1900 1715 2006 capi·

265 2024 464 2112 tulorum,
481 2041 519 2102 et
530 2025 596 2131 qui
608 2024 853 2114 revelassent,
870 2023 1029 2103 luissent
1043 2025 1183 2134 puniti,
1198 2027 1318 2104 nescit
1332 2025 1506 2133 qualiter.
1523 2027 1579 2105 De
1595 2027 1712 2107 modo

264 2155 508 2263 recepcionis
520 2184 597 2233 non
607 2155 811 2233 revelando
820 2185 897 2234 non
908 2156 1052 2234 audivit
1063 2156 1144 2234 lieri
1157 2157 1432 2236 inhibioionem
1443 2156 1659 2263 specialem.
1671 2159 1711 2239 Si

265 2304 382 2365 erant
396 2286 513 2395 aliqui
526 2287 591 2394 qui
606 2287 745 2367 scirent
756 2316 918 2379 errores,
931 2285 1090 2365 fuerunt
1104 2288 1340 2397 negligentes
1355 2289 1444 2397 quia
1458 2317 1536 2367 non
1550 2318 1713 2370 correxe

261 2437 366 2497 runt
384 2447 450 2499 eos
471 2448 541 2497 nec
559 2419 882 2498 denunciaverunt
901 2419 1079 2501 Ecclesie.
1102 2421 1338 2499 Elemosinas
1356 2439 1396 2499 et
1416 2421 1712 2529 hospitalitatem

261 2550 368 2627 vidit
378 2550 736 2629 convenienterfieri
749 2568 787 2628 et
797 2552 933 2631 servari
944 2552 984 2628 in
994 2551 1175 2630 domibus
1186 2552 1333 2631 ordinis
1342 2553 1382 2630 in
1392 2553 1535 2660 quibus
1545 2553 1618 2631 suit
1629 2583 1713 2633 con·

261 2701 450 2760 versatus.
470 2683 576 2760 Clam
587 2684 812 2783 tenebantur
823 2684 1011 2790 capitulia,
1021 2685 1118 2761 sicut
1130 2685 1273 2763 audivit
1282 2685 1369 2762 dici.
1384 2684 1453 2762 llla
1462 2714 1538 2793 que
1551 2685 1714 2765 ordinas-

261 2830 331 2891 set
349 2815 527 2922 Magister
545 2845 634 2892 cum
655 2832 842 2892 conventu
856 2843 926 2892 suo
942 2795 1124 2894 servasset
1137 2831 1241 2892 totus
1261 2816 1357 2893 ordo
1371 2817 1401 2893 si
1419 2835 1544 2893 essent
1556 2817 1656 2895 bona
1675 2836 1713 2897 et

251 2947 383 3050 justa,
395 2944 505 3023 aliter
513 2973 603 3033 non,
613 2946 709 3023 sicut
718 2945 849 3046 credit.
858 2944 1023 3024 Grandia
1031 2943 1215 3031 scandala,
1229 2945 1394 3051 suspicio
1403 2943 1711 3026 etinfamianunc

263 3096 404 3158 eontra
419 3077 595 3156 ordinem
609 3094 698 3154 sunt
710 3094 847 3154 exorta.
864 3076 1019 3155 Audivit
1035 3075 1109 3152 dici
1120 3103 1301 3184 magnum
1316 3077 1539 3184 Magistrum
1553 3095 1592 3154 et
1603 3105 1712 3186 qnos

267 3210 362 3287 dam
373 3209 467 3287 alios
478 3207 625 3315 aliquos
637 3236 793 3297 errores,
808 3208 1043 3314 nescitquos,
1057 3224 1186 3284 contra
1196 3207 1371 3284 ordinem
1382 3206 1497 3285 fuisse
1508 3207 1707 3297 confessos.

330 3310 548 3449 Requisitus
564 3342 594 3418 si
612 3342 665 3418 sic
681 3341 908 3448 deposuerat
917 3369 1046 3447 prece,
1059 3356 1255 3448 precepto,
1267 3340 1422 3430 timore,
1439 3367 1583 3432 amore,
1601 3340 1708 3432 odio,

262 3473 335 3552 vel
352 3473 553 3581 temporali
570 3475 733 3552 comodo
749 3473 880 3552 habito
895 3473 954 3551 vel
975 3472 1169 3561 babendo,
1190 3473 1388 3579 respondit
1403 3472 1510 3578 quod
1526 3500 1621 3561 non,
1643 3474 1711 3552 sed

267 3605 516 3711 proceritate
543 3605 719 3694 dicenda3
749 3606 809 3683 cui
836 3605 909 3684 luit
934 3604 1147 3712 injunctum
1173 3604 1280 3711 quod
1304 3631 1383 3681 non
1407 3603 1711 3701 revelaret'hanc

265 3766 381 3815 suam
394 3737 678 3844 deposicionem
698 3764 900 3844 quousque
917 3735 1180 3814 attestaciones
1199 3734 1341 3812 fuerint
1361 3734 1569 3841 publicate3
1592 3751 1630 3812 et
1650 3735 1711 3813 ob

266 3869 413 3948 tulerat
431 3897 472 3947 se
493 3868 719 3946 deffensioni
741 3868 830 3945 dicti
852 3867 997 3945 ordinis
1017 3895 1199 3944 unacum
1220 3865 1313 3948 aliis.

331 4138 459 4214 Frater
476 4137 666 4225 lohannes
684 4136 732 4214 de
748 4134 956 4242 Fregevilla
975 4133 1139 4210 serviens
1158 4130 1388 4211 Senonensis
1408 4130 1583 4217 diocesis,
1603 4129 1709 4207 testis

274 4295 386 4374 supra
395 4269 563 4377 juratus,
586 4267 764 4376 agricola,
785 4264 1062 4374 quinquaginta
1080 4265 1252 4372 quinque
1268 4290 1456 4341 annorum
1476 4260 1535 4338 vel
1554 4260 1667 4347 circa,
1688 4288 1709 4335 a

276 4425 352 4501 quo
367 4398 593 4477 mantellum
607 4414 823 4475 amoverant
838 4395 893 4475 illi
910 4395 976 4502 qni
989 4412 1170 4501 ceperunt
1186 4424 1274 4472 eum
1292 4411 1330 4471 et
1344 4407 1594 4498 preceperunt
1604 4392 1709 4498 quod

274 4530 354 4606 radi
380 4528 522 4608 laceret
542 4529 614 4609 sibi
635 4524 811 4618 barbam,
841 4557 927 4606 cum
945 4556 1023 4635 quo
1046 4527 1271 4633 inquisitum
1295 4512 1432 4615 fuerat,
1457 4521 1654 4603 absolutus
1672 4541 1710 4601 et

279 4660 537 4741 reconciliatus
558 4662 719 4740 Senonis
730 4690 799 4769 per
812 4660 1014 4737 dominum
1031 4658 1251 4765 episcopum
1270 4654 1599 4743 Aurelianensem,
1617 4655 1708 4733 sede

281 4791 496 4873 Senonense
528 4811 694 4884 vacante,
729 4792 836 4872 lectis
864 4809 901 4870 et
932 4791 1132 4899 diligenter
1159 4788 1336 4895 expositis
1367 4786 1439 4865 sibi
1467 4786 1646 4864 omnibus
1671 4801 1709 4864 et

281 4923 434 5031 singulis
457 4925 643 5017 articulis,
671 4924 868 5031 respondit
891 4924 997 5031 quod
1016 4933 1212 5028 nunquam
1239 4921 1382 5001 viderat
1404 4920 1569 5027 aliquem
1590 4917 1705 4994 alium
