4236 5948
730 549 927 641 esoces
953 568 1049 639 uns
1075 568 1372 642 retinemus.
1691 569 1764 642 tes

344 711 468 815 tingit,
492 710 579 785 alias
599 708 771 785 cordulae
790 710 978 814 rccipiunt
996 707 1168 814 ejusdem
1177 707 1420 814 longitudinis
1435 706 1493 783 vel
1505 705 1654 784 alterius
1673 709 1767 785 sicut

344 840 479 943 placet3
501 868 570 916 nec
592 840 644 916 eis
663 838 945 947 preceptum·fit
964 837 1152 944 abaliquo
1170 838 1209 913 in
1227 839 1327 915 dicto
1348 837 1479 914 ordine
1495 836 1710 942 presidente
1725 859 1768 917 ut

344 971 390 1045 ad
406 988 543 1048 certam
561 971 834 1077 longitudinem
852 971 909 1047 vel
928 998 1141 1046 mensuram
1161 986 1313 1074 portent
1332 967 1504 1044 cordulas
1523 969 1736 1047 antedictas.

400 1100 557 1177 Addidit
576 1128 726 1206 quoque
750 1119 787 1177 et
814 1100 904 1175 dixit
926 1100 1030 1204 quod
1050 1098 1110 1174 illa
1132 1128 1205 1204 que
1227 1116 1388 1204 aguntur
1407 1115 1444 1173 et
1458 1095 1554 1173 fiunt
1573 1098 1613 1174 in
1634 1127 1767 1183 eorum

344 1229 516 1334 capitulis
535 1230 674 1307 debent
689 1247 726 1306 et
739 1248 916 1307 tenentur
936 1230 974 1304 in
994 1246 1138 1307 secreto
1158 1229 1312 1316 habere,
1336 1245 1463 1304 tenere
1484 1244 1521 1303 et
1537 1229 1678 1303 nemini
1698 1259 1766 1335 pu

344 1360 498 1436 blicare·
490 1388 643 1464 3penam
659 1378 788 1436 autem
808 1360 871 1465 qui
894 1376 1021 1436 contra
1035 1359 1190 1446 faceret,
1206 1359 1425 1448 sustineret,
1447 1357 1535 1463 quia
1556 1357 1768 1435 amitterent

344 1489 500 1564 comoda
522 1489 656 1565 domus
674 1488 833 1594 Templi.
896 1519 899 1523 ’

400 1621 491 1693 Item
514 1620 605 1695 dixit
623 1620 727 1723 quod
747 1619 795 1695 de
816 1620 888 1695 hiis
910 1648 983 1725 que
1004 1637 1082 1697 acta
1101 1636 1190 1696 sunt
1209 1617 1284 1694 sive
1306 1618 1433 1694 dicta
1422 1646 1461 1693 m
1481 1552 1701 1723 capitulis
1669 1645 1767 1723 ejus·

344 1746 431 1821 dem
452 1748 594 1824 ordinis
614 1776 689 1824 non
716 1750 803 1825 licet
829 1750 1002 1855 cuiquam
1030 1777 1162 1827 eorum
1186 1748 1292 1854 ioqui
1315 1747 1483 1852 personis
1510 1745 1591 1824 aliis
1614 1777 1767 1853 prorsus

344 1879 543 1965 extraneis,
571 1907 640 1954 nec
667 1879 736 1954 nisi
762 1879 1010 1957 confratribus
1034 1881 1099 1984 qui
1126 1879 1233 1955 dictis
1257 1878 1425 1983 capitulis
1450 1877 1651 1959 affuerunt.
1678 1878 1767 1955 Plus

344 2006 459 2081 eciam
478 2006 579 2082 idem
601 2006 713 2083 frater
737 2009 829 2084 dixit
849 2009 951 2112 quod
971 2008 1102 2085 fratres
1122 2008 1211 2084 dicti
1232 2009 1372 2084 ordinis
1393 2037 1458 2084 sua
1478 2027 1634 2113 possunt
1652 2008 1767 2084 confi-

343 2136 412 2211 teri
432 2153 580 2240 peccata
605 2133 780 2220 fratribus
801 2136 969 2243 ejusdem
989 2137 1135 2213 ordinis
1157 2137 1376 2241 presbiteris
1401 2136 1619 2242 capellanis‚·
1635 2137 1766 2242 eisque

346 2263 620 2351 deficientibus,
634 2283 799 2368 'possunt
823 2265 980 2342 licenter
1004 2266 1107 2342 adire
1130 2266 1324 2374 religiosos
1349 2265 1536 2370 quoslibet
1559 2266 1767 2344 sacerdotes

344 2392 545 2498 approbate
565 2394 771 2499 religionis,
793 2395 850 2470 vel
869 2395 899 2470 si
920 2395 1066 2484 malint,
1090 2395 1271 2472 seculares
1291 2395 1382 2471 alios
1396 2395 1605 2472 sacerdotes
1625 2395 1767 2473 ordinis

343 2524 621 2628 presbiteralem
637 2523 898 2599 execucionem
910 2522 1106 2610 habentes,
1120 2523 1260 2627 quibus
1274 2552 1338 2599 sna
1353 2523 1597 2603 confiteantur
1603 2543 1763 2628 peccatu,

345 2671 382 2729 et
397 2653 442 2728 ab
463 2653 526 2739 eis
538 2651 584 2728 de
603 2680 686 2728 vere
703 2651 879 2729 confessis
898 2652 1077 2756 recipiant
1093 2651 1323 2756 penitenciae
1341 2649 1533 2728 salutares.
1547 2650 1606 2728 Ad
1621 2681 1664 2728 ea
1679 2681 1765 2736 vero

343 2811 417 2888 que
433 2786 472 2859 in
487 2783 650 2859 articulis
667 2783 906 2859 continentur
925 2782 1030 2888 quod
1045 2782 1204 2887 majores
1221 2800 1259 2858 et
1273 2781 1504 2885 presidentes
1519 2783 1661 2859 ordinis
1674 2784 1765 2861 dicti

342 2912 489 3016 Templi
519 2912 677 2988 scientes
698 2912 818 2986 dictos
844 2938 991 2987 errores
1010 2910 1068 2987 vel
1095 2910 1239 3016 aliquos
1259 2910 1306 2986 de
1333 2910 1475 2987 eisdem
1504 2939 1582 2987 esse
1604 2912 1765 2990 indicto

342 3042 475 3118 ordine
496 3041 553 3118 vel
572 3041 705 3129 fuisse,
727 3041 903 3146 ipsosque
924 3039 1055 3116 fratres
1082 3068 1204 3115 errare
1224 3041 1382 3144 graviter
1400 3040 1439 3117 in
1459 3039 1603 3117 eisdem
1625 3069 1765 3148 eosque

342 3170 526 3275 corrigere
555 3190 695 3246 temere
727 3169 956 3276 negligentes
986 3198 1055 3245 nec
1082 3169 1151 3245 Dei
1170 3169 1339 3249 Ecclesia
1370 3169 1545 3250 nunciare
1573 3190 1761 3261 curarunt,

232 3284 238 3296 ’
340 3299 535 3404 respondit
547 3316 584 3375 et
598 3298 690 3374 dixit
704 3299 892 3404 predictos
905 3327 1050 3375 errores
1063 3327 1246 3404 nusquam
1259 3300 1297 3375 in
1309 3298 1408 3375 dicto
1423 3299 1554 3376 ordine
1569 3300 1763 3377 exordium

341 3428 531 3516 habuisse,
546 3457 616 3505 nec
629 3458 787 3534 usquam
803 3429 898 3505 de
866 3457 921 3506 ers
932 3429 1159 3507 mentionem
1175 3428 1338 3535 aliquam
1351 3427 1510 3505 credidit
1523 3427 1763 3544 factumesse3

342 3575 379 3632 et
399 3558 537 3634 idcirco
556 3587 624 3634 nec
643 3557 747 3634 locus
767 3560 992 3635 correccioni
1020 3559 1093 3634 fuit
1114 3559 1300 3636 dictorum
1320 3587 1506 3648 errorum,
1529 3586 1598 3637 nec
1621 3559 1766 3643 denun·
1797 3539 1801 3545 ¹

342 3686 497 3761 ciacioni
518 3705 640 3761 sancte
661 3687 730 3762 Dei
751 3687 912 3765 Ecclesie
939 3687 1106 3764 faciende
1129 3689 1175 3764 de
1200 3687 1286 3764 illis
1306 3688 1395 3764 Plus
1414 3688 1559 3765 addidit
1578 3705 1616 3765 et
1629 3690 1765 3795 adjecit

342 3843 476 3893 senon
497 3815 649 3892 credere
668 3815 798 3892 fratres
817 3817 884 3923 qui
905 3817 1097 3922 injudicio
1119 3836 1156 3894 et
1177 3835 1277 3893 extra
1302 3845 1445 3894 errores
1465 3818 1652 3922 predictos
1676 3847 1763 3895 con-

343 3944 427 4022 fessi
448 3964 534 4022 sunt
552 3945 741 4022 veritatem
767 3945 920 4037 dixisse,
942 3975 1012 4023 nec
1042 3947 1162 4024 credit
1181 3947 1311 4023 fratres
1332 3947 1424 4031 alios
1449 3948 1537 4023 dicti
1559 3948 1700 4026 ordinis
1725 3951 1763 4025 in

266 4105 276 4122 ·
342 4075 518 4178 predictis
534 4075 723 4152 erroribus
744 4074 956 4181 deliquisse.

398 4203 456 4279 Ad
470 4203 609 4294 lxxruu,
631 4204 768 4281 lxxxuu
790 4222 825 4280 et
844 4205 949 4282 lxxxv
970 4205 1144 4282 articulos
1158 4205 1349 4296 inclusive,
1371 4205 1569 4309 diligenter
1582 4205 1763 4309 etsigilla-

342 4333 410 4409 tim
441 4332 705 4440 interrogatus,
737 4336 967 4440 respondens
989 4336 1081 4411 dixit
1107 4364 1147 4412 se
1173 4337 1325 4412 credere
1352 4335 1539 4441 predictos
1561 4334 1699 4413 milites
1727 4354 1763 4409 et
1833 4424 1837 4429 ᾗ

216 4510 217 4513 =
343 4461 434 4539 alios
458 4462 588 4540 fratres
610 4464 698 4542 dicti
720 4465 863 4541 ordinis
885 4495 1009 4543 coram
1033 4465 1187 4542 domino
1210 4483 1338 4543 nostro
1359 4492 1506 4547 summo
1531 4461 1705 4569 pontifice
1725 4480 1763 4541 ct
1846 4455 1868 4473 ”

342 4620 467 4668 coram
487 4593 647 4670 dominis
675 4594 924 4672 cardinalibus
951 4614 987 4671 et
1012 4594 1050 4670 in
1071 4595 1149 4701 ejus
1177 4596 1394 4672 consistorio
1420 4625 1486 4701 per
1505 4595 1761 4701 juramentum

342 4720 455 4799 fuisse
479 4723 665 4800 confessos
691 4753 835 4802 errores
859 4727 907 4802 dc
927 4727 1064 4831 quibus
1085 4726 1123 4802 in
1143 4726 1302 4804 articulis
1321 4728 1498 4831 predictis
1516 4729 1650 4836 agitur,
1667 4727 1761 4804 falso

343 4852 456 4931 modo
471 4871 594 4939 tamen
610 4872 648 4930 et
655 4873 786 4931 contre
799 4857 922 4934 Deum
941 4873 979 4933 et
992 4884 1117 4934 veram
1125 4856 1328 4964 justiciam,
1351 4887 1438 4958 oum
1455 4858 1495 4936 in
1508 4859 1612 4937 dicto
1627 4858 1766 4942 ordine,
