4236 5948
496 535 569 606 sss
888 507 1081 599 monus
1113 525 1207 596 nus
1233 524 1530 595 rnurnmns.

496 691 589 749 ctam
603 668 879 748 domumDixit
890 668 1006 743 eciam
1015 666 1342 773 perjuramentum
1351 694 1459 742 suurn
1473 665 1573 770 quod
1583 727 1591 753 ,
1602 664 1919 771 postmultaspro

498 804 694 879 missiones
715 800 761 875 de
783 798 1019 875 observandis
1035 796 1181 872 statutis
1195 813 1232 872 et
1250 796 1400 872 secretis
1417 795 1504 870 dicti
1522 794 1719 871 ordinisah
1730 795 1916 887 eofactas,

498 936 619 1011 dictus
644 931 827 1035 recipiens
852 929 1010 1005 existens
1032 929 1069 1002 in
1090 926 1251 1033 quadam
1272 954 1414 1002 camera
1439 927 1476 1000 in
1496 954 1569 1031 qua
1583 925 1731 1031 jacebat
1748 925 1919 1004 infirmus

496 1065 534 1139 in
557 1064 668 1153 lecto,
690 1077 888 1167 postquam
908 1059 1041 1135 habuit
1069 1057 1287 1134 mantellum
1308 1058 1354 1132 ad
1373 1056 1530 1145 collum,
1551 1054 1714 1132 ostendit
1733 1056 1803 1134 sihi
1825 1056 1921 1163 figu-

496 1223 573 1268 ram
592 1193 706 1268 Jhesu
719 1190 856 1267 Christi
876 1189 1060 1293 depictam
1074 1190 1111 1263 in
1125 1188 1288 1294 quodam
1305 1186 1460 1274 missali,
1473 1202 1511 1262 et
1522 1186 1651 1290 petivit
1663 1185 1709 1262 ab
1725 1215 1771 1264 eo
1791 1204 1919 1264 utrum

497 1323 665 1397 crederet
681 1321 719 1395 in
737 1348 824 1396 eum
841 1320 947 1425 cujus
966 1319 1084 1425 figura
1101 1335 1180 1393 erat
1199 1318 1251 1394 ibi
1266 1317 1429 1421 depicta,
1447 1317 1511 1422 qui
1528 1317 1720 1423 respondit
1732 1318 1838 1423 quod
1853 1320 1916 1394 sic.

496 1454 603 1527 Tunc
619 1451 784 1556 precepit
804 1449 908 1554 quod
928 1466 1077 1553 spueret
1096 1477 1224 1554 supra;
1246 1449 1311 1553 qui
1333 1447 1554 1523 contradixit
1573 1465 1753 1553 quantum
1767 1449 1916 1555 potuit:

496 1599 620 1656 tamen
644 1582 735 1655 dixit
754 1581 857 1685 qnod
877 1580 957 1683 ipse
977 1579 1128 1668 laceret,
1158 1578 1214 1654 vel
1236 1577 1407 1682 compelli
1428 1577 1566 1653 laceret
1593 1606 1679 1654 eum
1706 1579 1753 1654 ad
1773 1577 1846 1654 hoc
1866 1578 1919 1654 la-

496 1711 690 1801 ciendum3
713 1727 750 1785 et
769 1728 859 1785 tunc
882 1709 1018 1784 invitus
1039 1709 1139 1813 spuit
1157 1737 1267 1813 supra
1286 1736 1435 1784 crucem
1451 1724 1489 1783 et
1503 1709 1729 1819 ymaginem,
1753 1725 1790 1783 et
1806 1707 1919 1784 abne-

496 1842 593 1947 gavit
606 1839 722 1917 semel
735 1840 889 1915 Jhesum
909 1838 1117 1931 Christum,
1131 1867 1195 1915 ore
1210 1840 1491 1924 tantummodo,
1511 1856 1548 1914 et
1564 1866 1641 1914 non
1659 1838 1785 1914 corde.
1800 1840 1919 1914 luter-

496 1988 643 2077 rogatus
666 1972 712 2046 de
743 1970 821 2046 aliis
850 1968 1028 2056 articulis,
1056 1952 1148 2045 dixit
1178 1997 1247 2074 per
1265 1971 1519 2076 juramentum
1545 1997 1655 2044 suum
1679 1968 1785 2073 quod
1804 1968 1920 2044 nichil

497 2100 599 2176 aliud
622 2100 693 2176 luit
713 2100 783 2175 sihi
805 2100 963 2186 dietum,
991 2117 1028 2175 et
1043 2100 1283 2204 creditquod
1303 2102 1374 2176 hoc
1393 2100 1464 2176 fuit
1485 2098 1546 2176 illa
1566 2098 1715 2176 racione
1736 2101 1824 2205 quia
1844 2117 1920 2175 tam

496 2232 683 2308 resisteret
697 2233 736 2305 in
751 2230 921 2308 faciendo
942 2231 1232 2337 abnegacionem
1253 2249 1289 2307 et
1305 2233 1553 2337 spuicionem;
1574 2232 1679 2337 quod
1695 2231 1816 2307 dictus
1831 2231 1921 2307 reci·

496 2364 601 2466 piens
622 2380 700 2439 erat
722 2378 824 2437 totus
843 2361 1027 2438 fastiditus
1057 2380 1094 2437 et
1117 2378 1218 2438 totus
1239 2362 1356 2439 lessus
1381 2381 1456 2438 tam
1486 2379 1638 2468 propter
1663 2360 1919 2438 infirmitatem

497 2521 608 2597 quam
623 2508 775 2598 propter
793 2492 1044 2567 resistenciam
1064 2520 1178 2598 quam
1198 2491 1351 2582 lecerat3
1367 2510 1404 2569 et
1418 2492 1584 2598 precepit
1596 2493 1700 2597 quod
1720 2492 1921 2568 duceretur

495 2624 543 2698 ad
559 2622 761 2729 quamdam
784 2623 938 2698 domum
959 2623 1060 2713 Brie,
1084 2639 1121 2698 et
1140 2623 1244 2728 quod
1260 2623 1329 2699 sibi
1351 2625 1551 2699 instrueret
1573 2652 1659 2699 eum
1679 2621 1766 2699 alias
1781 2622 1819 2697 in
1834 2651 1920 2728 pre·

496 2754 613 2860 ceptis
633 2770 670 2829 et
690 2754 835 2829 statutis
855 2753 1009 2829 ordinis.
1033 2753 1247 2859 Requisitus
1267 2771 1393 2829 utrum
1420 2753 1480 2829 alii
1502 2753 1632 2830 fratres
1657 2753 1728 2830 hoc
1748 2753 1920 2829 audirent

497 2901 533 2959 et
553 2884 737 2970 viderent,
762 2881 853 2958 dixit
872 2883 976 2988 quod
994 2882 1092 2958 hene
1113 2898 1285 2988 poterant
1304 2884 1448 2970 audire,
1472 2882 1558 2987 quia
1580 2897 1685 2958 erant
1708 2882 1746 2956 in
1773 2909 1919 2958 camera

495 3013 561 3090 ubi
583 3013 654 3090 hoc
674 3013 745 3089 fuit
763 3012 902 3089 factum
923 3032 959 3089 et
980 3012 1135 3089 dictum.

551 3146 802 3251 Interrogatus
829 3161 957 3219 utrum
981 3143 1031 3230 vi,
1059 3143 1115 3218 vel
1141 3159 1245 3219 metu
1266 3143 1421 3219 carceris
1445 3171 1512 3218 seu
1530 3157 1825 3227 tormentorum,
1854 3158 1919 3218 aut

496 3274 565 3351 alia
585 3275 632 3350 de
654 3302 779 3360 causa,
807 3274 969 3380 aliquam
990 3274 1125 3349 dixerit
1143 3272 1338 3350 salsitatem
1360 3273 1418 3349 vel
1442 3272 1686 3350 immiscuerit
1708 3272 1746 3348 in
1770 3272 1919 3376 deposi-

497 3406 603 3480 cione
635 3433 715 3489 sua,
739 3404 830 3478 dixit
853 3433 921 3508 per
942 3407 1197 3510 juramentum
1218 3433 1325 3480 suum
1348 3403 1451 3509 quod
1475 3432 1568 3493 non3
1591 3405 1707 3481 immo
1727 3431 1862 3507 puram
1882 3419 1919 3478 et

497 3560 638 3607 meram
656 3533 797 3607 dixerat
812 3533 1014 3608 veritatem.

552 3794 644 3867 ltem
659 3793 772 3867 irater
791 3791 978 3869 Gerardus
1003 3792 1050 3868 de
1070 3793 1198 3881 Gelos,
1221 3795 1326 3869 etatis
1345 3794 1613 3899 quinquaginta
1634 3820 1833 3877 annorum,
1858 3794 1919 3897 ju-

496 3939 596 3999 ratus
618 3921 752 3998 eodem
776 3922 891 3997 modo
917 3923 964 3997 de
989 3951 1028 3998 se
1049 3940 1086 3998 et
1101 3923 1181 3997 aliis
1197 3923 1235 3996 in
1250 3951 1358 3998 causa
1374 3923 1463 3998 fidei
1490 3923 1614 3998 dicere
1642 3921 1852 4008 veritatem,
1883 3938 1919 3995 ct
1975 3940 1977 3945 ’

496 4054 745 4158 interrogatus
762 4053 808 4127 de
823 4068 991 4156 tempore
1008 4070 1045 4127 et
1060 4052 1176 4129 modo
1192 4080 1257 4127 sue
1272 4053 1517 4158 recepcionis,
1538 4052 1629 4127 dixit
1644 4077 1712 4155 per
1723 4051 1918 4156 juramen-

496 4202 575 4259 tum
598 4211 708 4260 sumn
724 4181 827 4287 quod
838 4181 909 4258 fuit
919 4199 1090 4287 receptus
1105 4184 1143 4257 in
1160 4183 1274 4260 domo
1296 4184 1342 4260 de
1358 4183 1558 4259 Aureliano
1572 4180 1801 4287 perfratrem
1812 4179 1919 4258 Guil-

494 4313 649 4390 lelmum
675 4313 721 4388 de
741 4312 904 4416 Stampis
931 4330 1188 4418 preceptorem
1215 4314 1377 4390 baillivis
1404 4314 1450 4389 de
1476 4312 1651 4418 Stampis,
1677 4325 1804 4388 xx11u0‘
1828 4310 1917 4385 anni

494 4444 552 4519 vel
571 4444 681 4531 circa,
707 4441 943 4547 presentibus
962 4443 1138 4519 fratribus
1158 4445 1268 4520 Petro
1290 4444 1337 4519 de
1358 4443 1528 4521 Galeaet
1546 4442 1658 4517 fratre
1678 4443 1849 4517 lohanne
1872 4439 1917 4515 de

496 4576 628 4679 Magno
651 4577 778 4650 Ponte.
800 4574 901 4650 Dixit
916 4574 1032 4650 eciam
1053 4603 1120 4679 per
1130 4575 1387 4680 juramentum
1408 4603 1517 4651 suum
1538 4573 1657 4679 quod,
1679 4587 1766 4677 post
1782 4571 1918 4647 multas
1981 4574 1982 4578 ’

496 4703 758 4806 promissiones
774 4703 881 4780 abeo
897 4703 1008 4779 lactas
1024 4704 1070 4780 de
1088 4704 1327 4782 observandis
1347 4705 1493 4781 statutis
1509 4721 1548 4780 et
1570 4703 1722 4779 secretis
1746 4701 1835 4777 dicti
1856 4728 1918 4778 or·

497 4833 611 4920 dinis,
635 4832 755 4910 dictus
775 4835 959 4938 recipiens
989 4834 1152 4913 ostendit
1171 4837 1240 4913 sihi
1268 4835 1471 4943 quamdam
1500 4862 1647 4911 crucem
1667 4834 1705 4909 in
1724 4834 1917 4937 presencia
