4236 5948
349 539 423 609 202
727 514 923 602 PROCES
956 528 1051 599 DES
1082 526 1387 601 TEMPLIERS.

347 673 631 783 recepcionibus
651 672 806 749 fratrum
827 669 970 748 ordinis
990 668 1048 745 vel
1068 685 1153 773 post
1172 686 1296 746 essent
1315 670 1570 746 communiter
1590 690 1679 750 nota
1699 674 1774 752 fra·

346 808 466 884 trihus
492 805 635 885 ordinis
660 821 746 879 ante
767 829 899 877 eorum
925 799 1156 906 capcionem,
1184 799 1251 876 sed
1277 827 1353 876 non
1379 802 1582 893 extraneis,
1606 821 1643 880 et
1665 806 1771 911 quod

348 967 505 1046 magnus
524 935 701 1043 Magister
725 950 763 1009 et
787 930 850 1007 alii
876 929 1033 1008 confessi
1061 930 1203 1007 luerint
1224 930 1290 1007 illa
1313 960 1388 1037 que
1417 930 1541 1008 littere
1566 935 1773 1040 apostolice

348 1069 543 1145 continent
571 1093 636 1141 eos
661 1061 851 1139 confessos
878 1060 1002 1138 fuisse.
1033 1061 1115 1137 Non
1142 1060 1332 1139 obtulerat
1355 1089 1394 1137 se
1422 1062 1469 1138 ad
1497 1062 1772 1144 deffensionem

350 1197 504 1275 ordinis.

402 1327 614 1434 Requisitus
634 1325 664 1400 si
685 1324 737 1401 sic
757 1323 983 1430 deposuerat
1008 1323 1164 1411 timore,
1194 1350 1343 1412 amore,
1366 1323 1472 1412 odio,
1490 1324 1549 1401 vel
1567 1325 1770 1432 temporali

347 1457 509 1535 comodo
530 1454 658 1533 habito
679 1452 737 1530 vel
758 1452 952 1545 habendo,
978 1452 1175 1560 respondit
1194 1453 1297 1558 quod
1318 1481 1410 1545 non,
1437 1453 1504 1530 sed
1524 1482 1593 1560 pro
1617 1457 1771 1534 veritate

347 1589 526 1678 dicenda,
556 1587 665 1664 etad
691 1586 998 1663 exoneracionem
1026 1584 1256 1662 consciencie
1282 1612 1366 1672 sue;
1389 1586 1448 1661 cui
1469 1584 1539 1662 luit
1558 1586 1772 1693 injunctum

346 1718 450 1826 quod
468 1747 545 1796 non
561 1715 741 1794 revelaret
755 1717 851 1792 banc
861 1744 965 1792 suam
980 1715 1280 1821 deposicionem,
1298 1741 1493 1822 quousque
1510 1718 1773 1798 attestaciones

347 1849 485 1924 luerint
503 1846 702 1953 publicate.

401 1982 492 2056 Acta
518 1978 658 2054 luerint
682 1975 752 2051 hec
777 1974 888 2051 dictis
914 1974 974 2050 die
994 1991 1032 2049 et
1050 1972 1152 2063 loco,
1175 1974 1411 2077 presentibus
1431 2003 1492 2051 me
1512 1976 1772 2055 Floriamonte

346 2109 562 2199 Dondedei,
589 2105 782 2183 Bernardo
802 2105 832 2181 F
833 2102 975 2193 ililroli,
996 2101 1202 2182 Guillelmo
1219 2102 1424 2211 Radulpbi,
1446 2105 1773 2183 Bernardollum-

346 2238 449 2315 baldi
472 2256 509 2314 et
528 2240 636 2344 Hugo
656 2234 794 2313 Nicolai
822 2234 977 2311 notariis
997 2263 1107 2340 supra
1126 2232 1247 2310 dictis.

402 2500 488 2573 Post
518 2497 605 2582 hec,
634 2495 695 2571 die
720 2493 870 2571 Sabbati
902 2494 1089 2598 sequenti,
1118 2521 1192 2600 que
1223 2493 1294 2569 luit
1319 2521 1379 2570 vsu
1410 2494 1490 2571 dies
1521 2495 1609 2572 dicti
1630 2499 1771 2576 mensis

344 2629 450 2715 maii,
482 2625 554 2702 luit
582 2625 769 2702 adductus
798 2622 844 2699 ad
873 2622 1106 2729 presenciam
1137 2623 1359 2700 eorumdem
1393 2624 1637 2703 dominorum
1666 2655 1772 2705 corn-

346 2755 619 2840 missariorum,
641 2755 679 2828 in
713 2753 828 2829 domo
852 2751 1036 2858 predicta,
1065 2749 1179 2827 frater
1195 2749 1428 2829 Guillelrnus
1447 2752 1663 2832 Audenbon
1691 2784 1771 2833 ser-

344 2888 464 2976 viens,
487 2883 801 2992 Petragoricensis
829 2881 1004 2972 diocesis,
1038 2881 1144 2958 testis
1178 2909 1290 2986 supra
1315 2882 1481 2989 juretus,
1498 2901 1540 2960 ut
1562 2885 1772 2992 deponeret

345 3017 488 3091 dictum
519 3041 648 3103 suum,
675 3012 830 3118 triginta
856 3038 1044 3087 annorum
1079 3009 1136 3086 vel
1166 3010 1277 3100 circa,
1310 3011 1533 3090 mantellum
1568 3015 1713 3095 ordinis
1733 3035 1772 3096 et

344 3143 497 3221 barbam
515 3141 721 3228 defferens,
743 3168 829 3217 cum
854 3166 930 3245 quo
963 3138 1186 3245 inquisitum
1213 3137 1350 3231 luerat,
1373 3140 1569 3220 absolutus
1586 3162 1624 3221 et
1639 3173 1770 3224 recon-

343 3273 489 3350 ciliatus
521 3299 588 3377 per
621 3271 819 3347 dominum
846 3270 1063 3376 episcopum
1094 3271 1385 3347 Xantonensem.
1421 3273 1545 3350 Lectis
1573 3291 1708 3352 autem
1731 3296 1772 3356 et

344 3402 545 3507 diligenter
564 3400 741 3507 expositis
771 3398 841 3476 sibi
869 3399 1047 3477 omnibus
1067 3416 1105 3476 et
1124 3400 1283 3509 singulis
1310 3401 1491 3493 articulis,
1513 3405 1710 3510 respondit
1729 3436 1770 3484 se

344 3532 505 3619 nescire,
522 3559 592 3608 nec
605 3531 777 3619 credere,
790 3558 861 3607 nec
879 3530 1061 3607 audivisse
1073 3531 1145 3606 dici
1163 3531 1211 3608 de
1230 3533 1416 3609 contentis
1431 3534 1470 3609 in
1487 3535 1540 3610 eis
1563 3535 1633 3613 nisi
1661 3538 1770 3642 qnod

344 3663 526 3768 sequitur,
548 3663 734 3768 quianon
755 3678 907 3738 steterat
930 3663 969 3737 in
989 3661 1123 3738 ordine
1151 3678 1236 3738 ante
1267 3664 1482 3769 capcionem
1503 3693 1665 3758 eorum,
1695 3669 1769 3745 nisi

343 3819 411 3897 per
426 3818 569 3868 annum
581 3819 668 3868 cum
679 3791 840 3870 dimidio
850 3791 908 3868 vel
922 3792 1032 3881 circa,
1049 3821 1119 3869 nec
1129 3793 1271 3870 videret
1283 3795 1397 3900 recipi
1412 3797 1483 3873 nisi
1499 3824 1619 3873 unum
1632 3797 1766 3876 alium.

342 3923 424 4026 lpse
445 3939 570 3999 autem
596 3921 718 3999 iuerat
743 3939 929 4028 receptus,
961 3939 1004 3999 ut
1031 3921 1139 4011 dixit,
1162 3924 1200 3999 in
1222 3923 1362 4029 capella
1383 3924 1519 4002 domus
1542 3926 1690 4033 Templi
1717 3929 1767 4005 de

341 4053 506 4162 Syourac
558 4054 807 4133 Xantonensis
849 4053 1030 4143 diocesis,
1067 4054 1185 4158 prima
1219 4055 1417 4131 Dominica
1451 4057 1765 4165 Quadragessime

341 4185 511 4288 proximo
539 4185 716 4290 preterite
744 4184 898 4262 luerunt
925 4185 1050 4263 vanni
1071 4184 1130 4261 vel
1163 4186 1272 4271 circa,
1306 4213 1373 4292 per
1406 4187 1558 4264 fratrem
1578 4188 1767 4267 Guaulre-

340 4314 431 4390 dum
460 4315 507 4391 de
538 4313 733 4394 Gonauilla
773 4331 1031 4420 preceptorem
1060 4313 1294 4421 Aequitanie,
1324 4317 1562 4422 presentibus
1587 4319 1767 4398 fratribus

342 4445 499 4549 Hugone
529 4444 722 4552 Raynaudi
747 4461 965 4552 preceptore
999 4445 1097 4522 dicte
1123 4446 1276 4531 domus,
1309 4448 1371 4554 qui
1401 4447 1592 4525 detinetur
1625 4452 1766 4528 Xanto-

340 4572 415 4661 nis,
448 4573 655 4654 Guillelmo
674 4574 887 4655 Candelarii
911 4593 1131 4683 preceptore
1160 4578 1296 4655 domus
1316 4576 1391 4654 deu
1419 4578 1561 4673 Deffes,
1583 4581 1649 4686 qui
1666 4579 1743 4657 deti

340 4717 453 4777 netur
475 4704 577 4808 apud
598 4705 776 4784 Sanctum
803 4707 1014 4784 Johannem
1037 4707 1243 4815 Angeliaci,
1271 4709 1424 4786 Petrum
1449 4709 1496 4786 de
1520 4709 1762 4788 Montinheco

339 4850 596 4936 preceptorem
616 4836 664 4914 de
688 4837 817 4915 Castro
842 4838 1040 4925 bernardi,
1061 4839 1100 4915 in
1124 4838 1226 4916 dicto
1247 4839 1331 4916 loco
1352 4840 1473 4916 Sancti
1497 4841 1678 4918 lobannis
1698 4841 1763 4916 de·
