4236 5948
346 545 393 616 cs
732 522 925 614 ruccas
952 542 1046 612 nus
1074 540 1377 612 'rnurnrnas

344 685 459 761 lclmo
475 684 522 759 de
538 682 645 761 Blerc
666 701 883 790 preceptore
897 684 944 761 de
961 684 1103 787 Campo
1121 680 1267 760 Gilonis
1280 681 1503 758 Pictavensis
1514 681 1689 771 diocesis,
1700 685 1765 789 qui

344 816 536 892 detinetur
555 814 653 920 apud
672 813 906 921 Caynonem3
927 815 1077 891 Andrea
1099 813 1145 889 dc
1171 814 1299 891 Monte
1321 813 1508 903 Laudato,
1535 830 1630 892 teste
1654 844 1768 920 supra

339 949 467 1051 jurato
476 947 647 1024 nondum
661 945 884 1033 examinato,
899 963 936 1020 et
946 944 1048 1020 dicto
1064 943 1282 1022 Guaulredc
1299 943 1346 1019 de
1361 945 1531 1024 Tencen.
1547 961 1585 1019 et
1596 944 1766 1023 Jobanne

344 1078 505 1167 Picardi‚
528 1077 592 1183 qui
612 1075 803 1151 detinetur
821 1076 1002 1162 Turonis,
1018 1074 1285 1162 servientibus,
1303 1073 1466 1178 plurium
1482 1075 1768 1177 recepcicnibus

346 1236 420 1282 non
438 1206 570 1283 recolit
583 1233 621 1280 se
638 1203 811 1281 adfuisse.
830 1206 870 1278 ln
888 1204 1145 1309 predictorum
1166 1220 1293 1280 autem
1308 1202 1591 1307 recepcionibus
1606 1202 1663 1281 vel
1680 1221 1767 1310 post

344 1365 421 1412 non
437 1336 531 1412 vidit
548 1334 693 1440 aliquid
712 1333 885 1411 illicitum
908 1334 988 1410 fieri
1012 1332 1071 1409 vel
1092 1334 1257 1440 injungi,
1277 1360 1348 1409 nec
1367 1331 1488 1409 credit
1504 1333 1611 1437 quod
1629 1333 1767 1411 lactum

343 1464 465 1541 luerit.
481 1464 880 1542 Creditecclesiasticis
897 1464 1154 1553 sacramentis,
1180 1462 1337 1540 credens
1354 1463 1470 1540 eciam
1484 1463 1590 1566 quod
1610 1461 1672 1538 alii
1689 1493 1767 1540 cre-

345 1596 488 1680 derent
503 1611 541 1671 et
552 1594 795 1699 quodeorum
802 1594 1013 1671 sacerdotes
1023 1593 1150 1669 debite
1165 1591 1409 1670 celebrarent.
1421 1593 1562 1668 Juravit
1574 1593 1679 1698 quod
1692 1621 1767 1670 uon

344 1729 460 1800 exiret
481 1722 733 1810 ordinem,·et
755 1723 848 1800 vidit
875 1722 979 1830 quod
1002 1721 1064 1798 alii
1090 1751 1186 1828 quos
1213 1721 1306 1797 vidit
1329 1721 1445 1826 recipi
1466 1721 1567 1797 idem
1583 1722 1765 1828 jurarent.

345 1855 477 1930 Statim
500 1883 567 1958 pro
597 1853 773 1959 professis
797 1853 1044 1931 habebantur.
1067 1852 1310 1931 Clandestine
1339 1851 1628 1963 recipiebantur,
1652 1852 1768 1931 nullis

344 1985 583 2090 presentibus
601 1984 674 2061 nisi
693 1983 883 2070 fratribus,
897 2013 941 2061 ex
954 2012 1029 2089 quo
1045 1983 1142 2060 mala
1153 1983 1316 2087 suspicio
1328 1983 1538 2061 habebatur
1548 1999 1676 2059 contra
1690 2010 1766 2061 cos.

344 2117 545 2220 Nunquam
565 2113 705 2191 audivit
740 2114 845 2219 ioqui
877 2115 924 2191 de
947 2112 1168 2220 ydolis,‘sed
1197 2113 1365 2190 cordulis
1392 2112 1638 2220 cingebantur
1669 2113 1767 2191 bene

345 2273 457 2349 super
475 2245 643 2322 camisias
662 2275 748 2321 cum
772 2244 911 2350 quibus
931 2244 1115 2350 jacebant.
1136 2244 1269 2322 Credit
1289 2244 1393 2349 quod
1423 2242 1676 2321 diversimodo
1708 2271 1768 2320 re-

345 2375 558 2478 ciperentur
578 2374 616 2448 in
635 2373 788 2461 ordine,
806 2391 961 2479 propter
985 2372 1140 2481 illaque
1163 2373 1210 2449 de
1234 2374 1454 2478 recepcione
1478 2401 1544 2450 sua
1560 2390 1598 2450 et
1612 2372 1767 2450 illorum

344 2532 438 2609 quos
458 2503 551 2580 vidit
572 2503 687 2609 recipi
711 2532 821 2609 supra
850 2503 1042 2609 deposuit,
1071 2520 1224 2609 propter
1255 2503 1319 2579 illa
1353 2502 1482 2580 illicita
1511 2533 1585 2609 que
1610 2531 1768 2610 maguus

344 2635 518 2741 Magister
528 2653 565 2711 et
579 2635 640 2711 alii
659 2632 817 2712 confessi
836 2634 949 2712 luisse
968 2634 1327 2721 dicunturluravit,
1348 2652 1386 2711 et
1404 2635 1466 2710 alii
1484 2663 1582 2740 quos
1594 2635 1690 2711 vidit
1707 2661 1768 2710 re-

344 2764 415 2868 cipi
431 2765 661 2872 juraverunt,
682 2766 788 2871 quod
805 2792 882 2842 non
898 2765 1107 2843 revelarent
1124 2782 1264 2842 secreta
1285 2764 1552 2870 capitulorum,
1576 2793 1654 2842 non
1674 2764 1769 2840 facta

343 2897 540 2972 menciona
569 2896 720 3000 speciali
746 2896 794 2973 de
821 2895 936 2973 modo
960 2896 1213 3002 recepcicnis‚
1241 2895 1400 2974 credens
1421 2897 1526 3002 quod
1547 2924 1681 2973 omnes
1704 2895 1766 2972 alii

343 3026 414 3102 hoc
440 3026 541 3102 idem
561 3027 750 3133 jurarent,
772 3043 812 3103 et
839 3027 965 3132 quod,
991 3027 1021 3102 si
1046 3024 1271 3116 revelarent,
1300 3025 1459 3104 luissent
1485 3027 1625 3131 puniti,
1648 3027 1768 3103 nescit

342 3156 514 3261 qualiter.
525 3156 601 3247 Qui
619 3155 785 3233 sciebant
793 3183 939 3234 errores
956 3183 1036 3233 esse
1055 3157 1093 3231 in
1114 3156 1248 3233 ordine
1264 3156 1494 3263 negligentes
1509 3156 1665 3232 luerunt
1677 3158 1767 3261 quia

344 3314 420 3362 non
441 3302 683 3362 correxerunt
702 3313 772 3361 nec
791 3284 1115 3363 denunciaverunt
1132 3287 1308 3364 Ecclesie.
1329 3287 1563 3367 Elemcsinas
1583 3303 1621 3362 et
1637 3276 1766 3392 bospi-

343 3415 523 3489 talitatem
553 3414 647 3490 vidit
667 3415 931 3491 convenienter
954 3414 1037 3491 lieri
1065 3433 1102 3493 et
1127 3417 1262 3493 servari
1286 3418 1326 3493 in
1351 3417 1537 3494 domibus¹
1556 3415 1766 3495 ordinisin

344 3543 484 3650 quibus
503 3543 576 3620 luit
589 3561 766 3621 moratus.
788 3544 1057 3651 lnjungebatur
1073 3547 1344 3654 eisquodjuste
1360 3564 1398 3623 et
1411 3547 1510 3623 licite
1529 3545 1767 3652 acquirerent

346 3674 487 3761 ordini,
502 3702 580 3751 non
591 3692 718 3751 autem
731 3702 800 3781 per
816 3674 930 3753 nelas.
944 3675 1095 3754 Audivit
1111 3676 1183 3752 dici
1197 3677 1303 3783 quod
1315 3677 1409 3753 clam
1419 3675 1647 3753 tenebantur
1666 3678 1767 3782 capi·

342 3804 441 3890 tula,
458 3802 584 3915 ,nullis
608 3804 748 3881 scilicet
772 3807 1011 3910 presentibus
1033 3807 1103 3882 nisi
1122 3806 1298 3883 fratribus
1320 3806 1475 3884 ordinis.
1498 3806 1681 3884 Ordinata
1699 3833 1767 3913 per

343 3911 563 4041 Magistrum
591 3964 676 4012 cum
701 3953 887 4014 conventu
911 3966 979 4014 suo
1001 3955 1141 4014 servata
1171 3937 1330 4014 luissent
1355 3939 1395 4013 iu
1429 3937 1576 4014 ordine.
1601 3935 1768 4014 Grandia

343 4065 533 4157 scandala,
547 4066 710 4172 suspicio
724 4083 761 4143 et
774 4065 925 4143 infamia
937 4095 1038 4144 nunc
1050 4084 1175 4145 exorta
1187 4085 1412 4179 suntcontra
1426 4067 1768 4173 ordinernprcpter

342 4195 520 4300 predicta.
529 4195 660 4273 lllicita
671 4197 789 4275 credit
804 4225 883 4273 esse
900 4214 989 4274 ncta
1002 4197 1179 4277 [ratribus
1193 4198 1259 4304 qui
1274 4198 1444 4275 lecerunt
1458 4215 1496 4274 et
1511 4198 1576 4305 qui
1591 4197 1768 4276 viderunt

343 4324 438 4402 lieri.
460 4325 519 4404 Ad
540 4326 813 4405 deffensionem
831 4327 976 4404 ordinis
993 4356 1033 4405 se
1053 4357 1129 4406 non
1150 4327 1351 4405 obtulerat.
1433 4389 1435 4395 .

398 4456 613 4563 Requisitus
624 4458 659 4534 -si
679 4458 732 4534 sic
752 4458 976 4562 deposuerat
991 4487 1113 4566 prece,
1129 4477 1316 4566 precepto,
1331 4460 1486 4546 timore,
1501 4485 1640 4547 amore,
1656 4458 1764 4544 odio,

341 4584 398 4662 vel
410 4587 615 4690 temporali
634 4588 793 4665 eomodo
810 4587 1012 4668 habitovel
1030 4589 1224 4681 habendo,
1244 4589 1442 4695 respondit
1457 4588 1561 4695 quod
1582 4616 1678 4680 uon,
1698 4588 1767 4667 sed

341 4745 410 4821 pro
432 4717 583 4796 veritate
606 4719 781 4806 dicenda,
800 4719 860 4794 cui
891 4719 964 4796 luit
987 4720 1199 4828 injunctum
1224 4720 1329 4826 quod
1354 4748 1430 4798 non
1457 4720 1640 4797 revelaret
1667 4719 1764 4797 hanc

341 4875 448 4925 suam
463 4848 760 4954 deposicionem,
777 4876 977 4955 quousque
993 4852 1251 4929 attestacicnes
1263 4851 1403 4929 luerint
1417 4850 1626 4956 publicate;
1642 4866 1682 4927 et
1695 4848 1767 4927 fuit
