4236 5948
731 545 1375 671 rnoossnrsrammsas.
1560 511 1564 524 ¹
1716 579 1761 648 21

340 732 495 811 magnus
521 705 700 812 Magister
726 725 767 787 et
793 707 858 789 elii
886 708 1067 786 dicuntur
1097 710 1221 817 aliqua
1246 712 1361 792 fuisse
1384 713 1566 806 confessi3
1585 717 1633 794 ad
1659 718 1768 826 cujus

342 835 613 914 deffensionem
628 836 775 919 ordinis
792 868 833 919 se
853 867 931 917 non
951 838 1152 919 obtulerat.

394 964 612 1075 Requisitus
644 969 675 1045 si
702 970 756 1048 sic
788 971 1015 1079 deposuerat
1045 1001 1172 1079 prece,
1204 993 1398 1082 precepto,
1431 976 1590 1066 timore,
1622 1007 1766 1069 amore,

342 1097 429 1176 odio
441 1098 500 1175 vel
516 1101 714 1205 temporali
734 1103 897 1180 comodo
913 1101 1045 1181 habito
1058 1104 1117 1182 vel
1132 1105 1327 1198 habendo,
1343 1108 1540 1213 respondit
1554 1111 1659 1216 quod
1674 1139 1766 1201 non,

343 1230 407 1306 sed
430 1257 500 1335 pro
527 1229 681 1309 veritate
714 1232 895 1323 dicenda;
921 1233 982 1310 cui
1009 1232 1081 1313 fuit
1110 1237 1338 1351 injunctum
1348 1239 1456 1345 quod
1485 1268 1561 1317 non
1590 1242 1771 1320 revelaret

343 1364 435 1439 hanc
452 1390 560 1440 suam
578 1362 862 1471 deposicionem
880 1392 1083 1474 quousque
1098 1369 1360 1448 attestationes
1379 1368 1520 1447 fuerint
1538 1372 1739 1478 publicato.

396 1630 525 1705 Frater
555 1625 681 1703 Helias
718 1627 913 1734 Raynaudi
939 1627 1254 1734 Petregoricensis
1287 1628 1447 1707 diocesis
1474 1632 1657 1726 serviens,
1686 1664 1772 1742 pre·

344 1774 470 1864 ceptor
501 1758 640 1835 domus
672 1757 823 1864 Templi
855 1758 904 1835 de
936 1757 1141 1865 Dompnho
1174 1760 1425 1838 Xantonensis
1455 1762 1636 1857 diocesis,
1667 1768 1773 1846 testis

344 1917 454 1995 supra
471 1891 636 1998 juratus,
659 1889 885 1967 mantellum
906 1889 1052 1968 ordinis
1073 1905 1112 1967 et
1129 1889 1286 1967 barbam
1313 1890 1518 1983 defferens,
1541 1896 1775 2006 quinquage-

344 2022 471 2100 narius
493 2021 553 2099 vel
572 2020 688 2110 circa,
719 2050 806 2099 cum
827 2048 905 2129 quo
923 2019 1049 2098 suerat
1067 2021 1312 2127 inquisitum,
1332 2023 1530 2103 absolutus
1550 2044 1589 2103 et
1606 2031 1775 2107 reconci-

344 2152 456 2231 liatus
478 2183 545 2260 par
573 2153 773 2230 dominum
801 2153 1022 2260 episcopum
1056 2154 1353 2243 Xantonensem,
1381 2154 1488 2233 lectis
1516 2175 1554 2234 et
1574 2157 1776 2266 diligenter

344 2285 520 2392 expositis
543 2283 615 2363 sibi
646 2284 827 2363 omnibus
848 2302 886 2363 et
909 2284 1071 2393 singulis
1092 2284 1279 2403 articulis,
1301 2286 1502 2393 respondit·
1517 2316 1557 2365 se
1578 2318 1774 2398 nunquam

342 2416 477 2495 vidisse
492 2445 563 2495 nec
575 2415 722 2494 scivisse
736 2418 842 2524 quod
856 2418 897 2495 in
909 2417 1196 2522 recepcionibus
1210 2417 1369 2496 fratrum
1385 2418 1531 2497 ordinis
1543 2419 1602 2497 vel
1613 2440 1700 2528 post
1711 2422 1776 2501 fie-

344 2566 427 2627 rent
445 2549 734 2657 abnegaciones,
758 2549 1112 2658 dogmatiaacioues‚
1140 2549 1323 2656 vituperia
1346 2551 1482 2643 crucis,
1509 2551 1638 2630 oscula
1663 2555 1776 2633 inho-

345 2698 464 2771 nesta,
485 2680 545 2758 vel
570 2680 737 2788 aliaque
757 2681 807 2759 ad
826 2681 969 2771 crimen
994 2682 1284 2772 sodomiticum,
1305 2680 1364 2759 vel
1394 2711 1468 2790 que
1488 2683 1626 2760 adalia
1646 2684 1776 2764 illicita

346 2812 383 2889 in
401 2812 568 2890 articulis
588 2829 784 2900 contenta,
805 2839 876 2888 nec
895 2813 1017 2890 credit
1036 2814 1142 2919 quod
1161 2813 1297 2891 fierent
1317 2812 1415 2889 dicta
1431 2814 1563 2892 illicita
1577 2814 1637 2894 vel
1652 2817 1777 2924 aliqua

346 2972 387 3021 ex
406 2945 482 3036 eis;
505 2974 575 3022 nec
600 2944 743 3022 audivit
767 2944 841 3021 hoc
861 2944 952 3033 dici,
980 2943 1053 3021 nisi
1078 2960 1165 3050 post
1188 2943 1406 3049 capcionem
1427 2971 1576 3033 eorum,
1600 2963 1638 3023 et
1658 2947 1778 3025 credit

347 3078 450 3184 quod
470 3105 603 3156 omnes
619 3076 874 3154 communiter
892 3075 1153 3181 reciperentur
1172 3074 1213 3151 in
1233 3074 1367 3152 ordine
1388 3074 1532 3182 ubique
1553 3075 1651 3155 sicut
1663 3077 1778 3157 frater

347 3207 572 3289 Amblardus
587 3212 634 3288 de
648 3210 768 3288 Viena
784 3209 998 3316 quondam,
1021 3224 1114 3285 tunc
1131 3224 1330 3316 preceptor
1342 3205 1565 3314 Aquitanis,
1587 3228 1780 3317 receperat

348 3342 384 3418 in
404 3342 544 3450 capella
564 3343 703 3419 domus
719 3340 871 3447 Templi
891 3340 968 3417 deu
987 3339 1117 3418 Delles
1130 3339 1381 3417 Xantonensis
1394 3339 1571 3428 diocesis,
1590 3341 1780 3419 dominica

348 3491 430 3551 ante
450 3475 593 3552 instans
612 3471 750 3551 festum
771 3471 1011 3552 Ascensionis
1028 3471 1186 3550 Domini
1211 3486 1326 3549 erunt
1349 3471 1500 3549 circiter
1520 3499 1604 3551 sruv
1619 3473 1707 3549 anni
1721 3472 1780 3549 vel

349 3605 458 3697 circa,
479 3604 721 3712 presentibus
740 3603 920 3683 fratribus
939 3602 1048 3681 Helia
1070 3604 1117 3680 de
1137 3603 1314 3680 Bordelia
1342 3602 1485 3691 milite,
1509 3602 1620 3681 Petro
1643 3606 1778 3682 Lemo-

348 3736 482 3814 vicensi
502 3755 724 3843 preceptore
755 3736 855 3815 dicte
887 3736 1024 3813 domus
1057 3736 1133 3812 deu
1159 3735 1309 3824 Deffes‚
1338 3735 1450 3812 Petro
1477 3734 1525 3813 de
1551 3735 1777 3844 Petragoris,

350 3885 384 3944 et
402 3868 486 3946 aliis
511 3867 722 3959 defunctis3
744 3896 765 3945 a
787 3894 973 3975 quocum
998 3865 1220 3972 requisisset
1240 3865 1448 3955 caritatem,
1473 3866 1719 3944 elemosinam
1741 3882 1779 3943 et

349 4000 564 4078 societatem
582 4000 728 4077 ordinis
748 4018 787 4077 et
808 3998 843 4076 ei
864 3997 1124 4086 concessisset,
1147 3996 1237 4074 lecit
1255 4025 1344 4076 eum
1363 4025 1495 4076 vovere
1518 4016 1556 4076 et
1569 3999 1699 4107 jurare
1720 4026 1778 4074 ca-

350 4131 528 4224 stitatem,
551 4129 832 4219 obedientiam,
852 4130 974 4207 vivere
993 4130 1075 4207 sine
1102 4129 1274 4237 proprio,
1301 4157 1447 4206 servare
1474 4128 1597 4206 bonos
1621 4157 1714 4207 usus
1741 4145 1779 4206 et

348 4257 464 4341 bonas
479 4262 777 4340 consuetudines
790 4261 948 4350 ordinis,
959 4277 1008 4338 ‘et
1013 4260 1140 4367 jurare
1155 4288 1224 4366 pro
1239 4288 1350 4368 posse
1362 4287 1432 4340 suo
1444 4259 1493 4337 ad
1503 4259 1779 4365 acquirendum

350 4392 504 4472 Terram
518 4395 704 4473 Sanctam.
726 4393 977 4472 Postmodum
1003 4393 1185 4499 imposuit
1209 4392 1280 4471 sibi
1302 4390 1543 4485 mantellum,
1571 4408 1610 4468 et
1632 4391 1713 4497 ipse
1743 4408 1781 4468 et

349 4522 477 4605 iratres
497 4525 838 4604 astantesosculati
857 4524 1016 4604 luerunt
1035 4551 1126 4600 eum
1151 4524 1191 4601 in
1212 4551 1290 4601 ore.
1311 4524 1359 4601 Et
1378 4523 1554 4601 instruxit
1577 4551 1666 4600 eum
1686 4541 1780 4629 quot

349 4657 459 4736 Pater
471 4673 588 4736 noster
606 4657 750 4747 diceret
768 4684 839 4763 pro
859 4657 963 4735 horis
983 4656 1082 4746 suis,
1100 4672 1138 4733 et
1157 4654 1320 4763 qualiter
1338 4672 1487 4762 regeret
1507 4684 1546 4733 se
1567 4656 1606 4732 in
1627 4654 1778 4743 ordinm

350 4805 387 4866 et
404 4787 558 4869 nullum
576 4777 752 4867 illicitum
771 4787 831 4866 vel
851 4788 1097 4866 inhonestum
1116 4787 1367 4864 intervenerat
1381 4786 1422 4863 in
1444 4787 1544 4865 dicta
1557 4786 1778 4892 receptione

351 4947 415 5000 sua
434 4948 506 4999 nec
524 4938 628 5027 post,
642 4948 712 4999 nec
732 4920 850 4999 eciam
870 4920 912 4998 i'n
931 4918 1219 5028 recepcionibus
1232 4915 1554 5027 infmscriptorum
1574 4945 1671 5025 quos
1688 4916 1781 4993 vidit
