4236 5948
732 508 929 602 procus
952 526 1047 601 ons
1073 528 1374 603 rnurnlnas.
1714 533 1757 607 71

345 666 425 746 teri.
442 665 588 743 Fratres
603 667 764 744 scientes
778 665 901 746 ’dictos
914 692 1060 747 errores
1070 666 1226 745 luerunt
1243 666 1475 775 negligentes
1493 669 1582 777 quia
1595 697 1671 750 non
1684 700 1765 752 cor-

344 812 520 873 rexerunt
546 822 611 874 eos
629 818 700 872 nec
721 794 1039 874 denunciaverunt
1062 796 1249 874 Ecclesiu—
1263 796 1498 875 Elemosinas
1517 817 1555 877 et
1570 800 1764 906 hospitali-

344 943 457 1005 tatem
472 925 570 1002 vidit
588 924 852 1003 convenienter
864 924 947 1002 fieri
958 943 997 1003 et
1010 928 1144 1004 serrari
1159 928 1199 1005 in
1214 927 1391 1005 domibus
1410 927 1554 1008 ordinis
1570 930 1610 1007 in
1625 931 1765 1038 quibus

346 1056 463 1134 extitit
476 1072 742 1135 commoratus.
762 1055 943 1135 Ordinato
958 1078 1025 1162 per
1036 1057 1254 1166 Magistrum
1269 1086 1356 1135 cnm
1383 1075 1568 1138 conventu
1587 1081 1765 1140 semasset

344 1203 445 1263 totus
463 1184 578 1277 ordo,
599 1202 727 1263 contra
755 1212 870 1292 quem
893 1212 995 1263 nunc
1019 1205 1175 1295 propter
1196 1188 1362 1295 predicta
1387 1188 1542 1297 grandia
1566 1191 1756 1280 scandala,

345 1312 504 1421 suspirio
522 1329 564 1390 et
581 1312 733 1390 inlumia
746 1331 836 1391 sunt
855 1331 1000 1405 exorta;
1022 1316 1070 1392 ad
1089 1316 1198 1424 cujus
1217 1316 1488 1397 deffensionem
1517 1344 1556 1395 se
1582 1336 1759 1427 tanquam

346 1441 497 1530 stultus,
520 1460 564 1520 ut
583 1443 688 1531 dixit,
709 1472 797 1521 cum
817 1442 899 1522 aliis
917 1467 957 1522 se
977 1443 1176 1524 obtulerat.
1197 1444 1329 1526 Credit
1347 1448 1453 1555 qnod
1471 1447 1677 1526 confessata
1693 1478 1762 1557 per

346 1598 432 1649 eum
456 1589 581 1649 essent
602 1591 692 1650 nota
714 1572 891 1651 frutribus
917 1573 1078 1662 ordinis,
1107 1592 1236 1651 contra
1261 1602 1376 1683 quem
1404 1602 1561 1686 magnus
1587 1577 1760 1686 Magister

346 1700 462 1778 etalii
482 1700 662 1779 dicuntur
681 1702 805 1810 aliqua
822 1702 936 1781 fuisse
956 1702 1126 1783 confessi.

397 1831 612 1937 Requisitus
631 1836 662 1909 si
678 1832 732 1910 sic
749 1832 972 1940 deposuerat
983 1862 1111 1942 prece,
1123 1852 1316 1941 precepto,
1328 1835 1477 1922 timore,
1489 1858 1617 1913 amore
1628 1895 1636 1927 ,
1649 1838 1755 1926 odio,

344 1958 399 2036 vel
416 1960 578 2039 comodo
591 1961 791 2068 temporali
811 1961 941 2040 habito
958 1961 1018 2040 vel
1034 1961 1228 2052 habendo,
1250 1963 1446 2069 respondit
1460 1964 1565 2070 quod
1580 1991 1675 2054 non,
1691 1965 1759 2041 sed

344 2117 409 2196 pro
420 2091 575 2166 veritate
585 2090 834 2182 dicend23cui
848 2090 921 2169 fuit
934 2092 1147 2201 injunctum
1159 2092 1263 2198 qnod
1271 2120 1348 2170 non
1359 2093 1757 2172 revelaretbancsuam

344 2218 638 2324 deposicionem,
655 2246 852 2327 quousque
868 2222 1125 2299 attestmiones
1141 2220 1283 2297 fuerim
1302 2220 1504 2325 publicato.

395 2478 525 2555 Frater
550 2477 741 2555 lohannes
765 2478 907 2584 Peynet
935 2475 1142 2584 presbyter,
1174 2474 1404 2553 Belrucensis
1438 2477 1616 2568 diocesis,
1652 2480 1758 2556 testis

343 2632 452 2713 supra
461 2606 631 2714 juratus,
652 2605 969 2713 quadragenarius
993 2603 1056 2680 vel
1080 2605 1193 2694 circa,
1214 2606 1281 2710 qui
1306 2603 1514 2683 voluntarie
1535 2606 1757 2684 mantellum

343 2736 534 2813 dimiserat
548 2752 634 2842 post
647 2735 849 2812 concilium
860 2736 1063 2821 Remense,
1085 2732 1124 2808 in
1140 2758 1217 2839 quo
1234 2733 1428 2812 absolutus
1442 2752 1483 2811 et
1497 2736 1759 2815 reconciliatus

341 2863 460 2943 iuerat
485 2892 555 2970 per
578 2863 779 2940 dominum
807 2860 1130 2967 archiepiscopum
1159 2863 1402 2947 Rementem,
1429 2863 1494 2967 qui
1517 2863 1758 2968 inquisiverat

343 3020 428 3070 cum
456 2993 615 3079 sodem;
642 2988 748 3069 lectis
774 3006 813 3067 et
831 2988 1033 3096 diligenter
1051 2987 1229 3094 expositis
1247 2987 1321 3065 sibi
1339 2987 1519 3067 omnibus
1542 3006 1580 3067 et
1599 2991 1757 3098 singulis

340 3121 521 3212 articulis,
541 3120 739 3226 respondit
752 3145 790 3198 se
808 3119 970 3210 nescire,
986 3144 1058 3195 nec
1076 3116 1261 3196 audivisse
1282 3118 1356 3194 dici
1375 3117 1422 3194 de
1440 3120 1626 3196 contentis
1643 3120 1683 3196 in
1704 3123 1756 3199 cis

342 3251 413 3328 nisi
447 3251 552 3356 qnod
585 3250 766 3357 sequitur.
801 3248 910 3326 Dixit
933 3273 1071 3354 nempe
1105 3273 1144 3325 se
1177 3247 1291 3324 fuisse
1319 3264 1513 3353 receptum
1544 3249 1584 3324 in
1616 3250 1757 3355 capella

343 3379 478 3456 domus
498 3379 649 3486 Templi
670 3379 717 3456 de
743 3379 966 3466 Somorene,
991 3378 1085 3455 circa
1112 3378 1252 3454 instans
1275 3377 1412 3455 festum
1436 3377 1636 3454 nativitatis
1656 3378 1755 3458 beati

343 3508 521 3586 lobannis
537 3510 699 3615 Baptiste
713 3525 831 3586 errmt
849 3526 1013 3614 quatuor
1030 3507 1162 3584 decem
1176 3507 1281 3597 anni,
1301 3533 1369 3613 per
1384 3505 1539 3584 fratrem
1556 3509 1755 3614 Hugonem

343 3638 389 3715 de
398 3639 606 3728 Penrando,
616 3636 854 3745 presentibus
863 3636 1043 3716 frutribus
1055 3636 1224 3714 doberto
1234 3636 1282 3713 de
1292 3636 1518 3745 Grimenilio
1532 3636 1753 3743 presbitero,

342 3768 388 3844 de
400 3768 604 3846 Somorens
611 3768 955 3874 quondamcurato‚
968 3766 1087 3844 Adam
1101 3767 1152 3844 dc
1163 3764 1407 3845 Vallenoourt
1416 3765 1551 3852 milite,
1566 3783 1603 3843 et
1615 3765 1755 3843 Milone

342 3896 538 3985 serviente,
557 3897 665 4002 cujus
679 3920 886 4002 cognomen
903 3894 1065 4004 ignorat,
1081 3876 1119 3973 et
1131 3896 1302 3973 lobanne
1321 3894 1369 3971 de
1389 3896 1504 3982 Tora,
1528 3910 1624 3972 teste
1644 3922 1755 3999 supra

342 4020 569 4117 examinato,
587 4052 701 4133 aquo
719 4043 912 4132 receptore
926 4025 1039 4133 peciit
1053 4052 1189 4132 panem
1205 4041 1243 4101 et
1256 4050 1411 4130 aquam,
1432 4041 1471 4101 et
1492 4050 1578 4099 curn
1597 4023 1755 4110 concilio

342 4152 470 4231 habito
481 4155 515 4231 ei
525 4155 780 4243 concessisset,
792 4171 830 4232 et
839 4153 991 4232 dixisset
1000 4152 1207 4261 quodbene
1217 4152 1457 4244 deliberaret,
1467 4151 1756 4259 quiaoporteret

341 4306 429 4359 enm
441 4281 615 4360 abdicare
629 4311 650 4360 a
664 4304 703 4362 se
722 4284 912 4390 propriam
932 4281 1164 4360 veluntatem
1189 4300 1229 4360 et
1252 4282 1384 4390 subjici
1409 4280 1548 4371 aliene,
1575 4297 1614 4356 et
1637 4278 1755 4356 mnu

341 4411 434 4487 dura
457 4427 643 4517 strepere
664 4412 866 4500 sustinere,
892 4413 1050 4517 prestito
1072 4436 1140 4518 per
1164 4412 1426 4518 juramentum
1440 4409 1545 4516 qnod
1558 4406 1676 4484 nichil
1695 4405 1755 4484 de

341 4537 446 4616 derat
458 4534 523 4616 'vel
544 4539 768 4646 promiserat
787 4541 893 4650 quod
912 4541 1142 4647 reciperetur
1160 4541 1200 4618 in
1225 4540 1376 4630 ordine,
1401 4555 1439 4617 et
1453 4537 1560 4643 quod
1581 4552 1754 4614 nouerat

340 4665 481 4745 servilis
513 4669 764 4762 condicionis,
788 4670 895 4747 alteri
929 4668 1103 4779 religioni
1135 4668 1342 4775 obligatus,
1383 4666 1473 4744 lecit
1505 4694 1593 4744 eum
1622 4692 1752 4744 vovere

341 4796 561 4885 castitatem,
577 4797 855 4888 obedienciam,
877 4814 915 4874 et
931 4797 1053 4875 rivere
1071 4797 1153 4875 sine
1168 4797 1337 4904 proprio,
1358 4813 1397 4873 et
1408 4797 1631 4902 promittere
1648 4792 1753 4902 quod
