4236 5948
486 543 559 616 teo
876 523 1071 623 Pnocts
1096 544 1193 616 urs
1218 541 1517 615 rummiens.

484 683 794 773 confessionibus,
811 701 848 762 ct
857 684 938 762 aliis
950 703 1063 790 prout
1077 685 1115 759 in
1129 686 1198 762 hac
1211 702 1248 760 et
1263 683 1552 789 precedentibus
1562 683 1676 787 peciis
1692 681 1805 759 simul
1816 683 1908 761 sutis

484 815 590 921 signo
609 842 696 892 meo
716 815 867 921 signatis
886 814 1032 920 plenius
1049 814 1299 903 continentur,
1322 843 1397 891 una
1417 842 1503 891 cum
1518 810 1676 890 testibus
1696 829 1734 890 et
1754 813 1909 891 notariis

483 943 642 1049 publicis
652 973 762 1049 supra
779 962 817 1020 et
830 943 1071 1051 infrascriptis
1080 973 1233 1051 presens
1247 944 1417 1033 interfui,
1430 973 1487 1035 ac,
1502 943 1548 1021 de
1563 941 1738 1020 mandato
1748 943 1907 1049 predicti

484 1074 714 1180 inquisitoris
750 1092 787 1150 et
816 1074 1115 1181 supradictorum
1141 1075 1480 1153 commissariorum
1508 1101 1680 1161 suorum,
1712 1073 1752 1150 in
1772 1072 1846 1165 hoc
1870 1093 1909 1152 ct
2032 1163 2039 1178 Ι

485 1202 566 1280 aliis
594 1201 754 1309 publicis
773 1204 1029 1282 instrumentis
1050 1205 1340 1311 precedentibus
1366 1234 1427 1283 me
1455 1203 1654 1310 subscripsi
1674 1203 1713 1279 in
1738 1204 1908 1282 testimo-

484 1334 590 1409 nium
610 1335 894 1441 premissorum,
918 1364 1035 1442 caque
1056 1335 1160 1442 signo
1179 1364 1265 1413 meo
1281 1351 1460 1414 consueto
1475 1335 1611 1441 signavi
1629 1348 1792 1440 rogatus.

537 1595 585 1671 Et
602 1622 670 1699 ego
689 1594 838 1672 Evenus
853 1591 959 1703 Phily
979 1596 1026 1674 de
1042 1597 1176 1674 Sancto
1196 1596 1340 1673 Nicasio
1356 1594 1512 1673 clericus
1525 1594 1811 1699 Corisopitensis
1829 1595 1909 1674 dio

484 1725 593 1813 cesis,
610 1724 812 1831 apostolica
831 1724 1002 1832 publicus
1018 1727 1235 1804 auctoritate
1256 1727 1440 1815 notarius,
1461 1727 1654 1832 premissis
1671 1725 1851 1804 omnibus
1873 1744 1909 1801 et

483 1855 638 1963 singulis
657 1856 696 1932 in
717 1855 786 1932 bac
801 1857 963 1962 presenti
985 1874 1023 1933 et
1042 1856 1125 1934 aliis
1149 1855 1325 1935 omnibus
1342 1872 1523 1932 cartarum
1545 1856 1661 1963 peciis
1678 1838 1791 1933 simul
1815 1858 1909 1933 sutis

483 1987 665 2093 signoque
683 2015 770 2065 meo
789 1985 941 2093 signatis
959 1989 1159 2076 contentis,
1181 2015 1256 2064 una
1275 2016 1363 2064 cum
1378 1987 1537 2065 testibus
1557 2005 1596 2064 et
1614 1986 1768 2065 notariis
1782 1984 1908 2091 publi·

483 2117 536 2192 cis
548 2146 660 2223 supra
675 2133 713 2194 et
726 2115 969 2223 infrascriptis
985 2146 1138 2223 presens
1154 2117 1323 2206 interfui,
1343 2147 1402 2207 ac,
1420 2118 1469 2196 de
1484 2119 1660 2195 mandato
1676 2115 1908 2223 inquisitoris

484 2262 523 2322 et
533 2248 872 2325 commissariorum
885 2249 1239 2354 suprascriptorum,
1254 2248 1317 2325 hic
1329 2265 1368 2326 et
1382 2247 1463 2325 aliis
1477 2248 1733 2326 instrumentis
1743 2275 1804 2323 me
1819 2246 1908 2324 sub

484 2376 630 2482 scripsi,
660 2394 697 2454 et
720 2378 866 2486 signum
893 2405 1021 2455 meum
1050 2377 1201 2456 solitum
1229 2377 1384 2485 apposui
1408 2396 1558 2485 rogatus
1586 2380 1626 2455 in
1645 2378 1906 2458 testimonium

483 2505 761 2610 premissorum.
