4236 5948
342 531 416 610 au
731 510 927 611 ruocns
953 528 1047 600 urs
1074 526 1371 600 rrurumns.

342 674 457 753 modo
487 671 657 779 predicto
687 672 839 751 luerunt
863 671 1019 778 recepti,
1051 670 1142 747 dixit
1165 700 1233 776 per
1247 673 1503 780 juramentum
1532 697 1640 745 suum
1664 669 1766 774 quod

343 805 462 881 credit
472 804 576 910 quod
592 802 644 879 illi
663 821 698 880 et
711 832 842 881 omnes
858 804 919 878 alii
933 819 1020 879 sunt
1036 801 1233 879 etlireruut
1242 803 1379 908 recepti
1395 830 1461 906 per
1475 801 1587 879 istum
1598 800 1765 878 modum.

343 935 558 1042 Requisitus
579 934 697 1012 eciam
717 952 842 1012 utrum
862 933 914 1021 vi,
937 932 994 1010 vel
1019 949 1124 1009 metu
1143 950 1415 1010 tormentorum
1436 930 1492 1007 vel
1513 931 1684 1023 carceris,
1706 948 1769 1009 eut

345 1067 467 1170 aliqua
484 1064 554 1141 alia
569 1093 691 1153 causa,
709 1065 749 1139 in
766 1064 1004 1170 deposicione
1021 1093 1086 1141 sua
1105 1065 1240 1141 dixerit
1254 1063 1464 1150 salsitatem,
1484 1061 1573 1137 dixit
1586 1089 1656 1167 per
1669 1061 1772 1168 jura·

345 1211 514 1272 mentum
536 1219 645 1269 suum
663 1193 768 1299 quod
788 1222 881 1281 nom
905 1193 1020 1270 immo
1041 1222 1172 1300 puram
1192 1211 1229 1271 et
1246 1222 1387 1270 meram
1409 1193 1549 1268 dixerat
1567 1192 1770 1268 veritatem.

391 1453 495 1531 'Item
506 1481 618 1544 anne,
643 1453 847 1542 indicione,
870 1483 1015 1542 mense,
1042 1455 1274 1561 pontificatu,
1297 1482 1393 1532 anno
1420 1472 1456 1531 et
1474 1453 1558 1531 loco
1576 1452 1770 1557 predictis,

345 1586 519 1662 vicesima
541 1603 642 1662 sexta
662 1585 723 1661 die
744 1586 923 1674 octobris,
941 1585 977 1660 in
995 1586 1087 1662 dicti
1101 1587 1348 1693 inquisitoris,
1360 1602 1529 1662 nostrum
1542 1584 1771 1661 notariorum

347 1733 385 1793 et
409 1714 728 1820 infrascriptorum
752 1717 902 1792 testium
921 1718 1111 1822 presencia
1136 1708 1383 1823 personaliter
1410 1715 1631 1792 constitutus
1661 1713 1774 1790 frater

346 1845 535 1922 Johannes
548 1845 582 1921 le
596 1846 722 1922 Moine
744 1845 790 1921 de
805 1848 997 1939 Queuvres
1019 1847 1296 1925 Suessionensis
1315 1845 1487 1934 diocesis
1502 1871 1653 1920 morans
1673 1842 1772 1947 apud

347 1976 600 2085 Latigniacum
631 1977 794 2063 Siccum,
819 1979 925 2054 etatis
950 1977 1189 2084 quadraginta
1210 2006 1410 2068 annorum,
1442 1995 1483 2052 ut
1505 1976 1609 2063 dicit,
1640 1973 1773 2049 eodem

347 2107 465 2187 modo
474 2108 619 2215 juratus
631 2107 678 2184 de
690 2136 729 2185 se
743 2125 780 2185 et
794 2107 874 2185 aliis
888 2108 924 2183 in
938 2137 1044 2185 causa
1060 2107 1149 2184 fidei
1164 2108 1289 2185 dicere
1299 2108 1507 2195 veritatem,
1524 2123 1562 2182 et
1574 2102 1775 2211 interroga-

348 2256 407 2317 tus
419 2237 467 2322 de
483 2256 652 2344 tempore
669 2255 705 2319 et
717 2237 834 2316 modo
849 2239 1078 2344 recepcionis
1093 2268 1175 2328 sue,
1198 2239 1290 2315 dixit
1307 2265 1376 2345 per
1388 2237 1645 2345 juramentum
1664 2263 1771 2311 suum

349 2368 454 2473 quod
466 2348 564 2444 liene
586 2385 839 2474 suntquamor
849 2368 979 2447 decem
990 2369 1076 2444 anni
1096 2369 1155 2446 vel
1174 2370 1268 2445 circa
1289 2368 1394 2476 quod
1407 2368 1476 2444 fuit
1490 2385 1660 2473 receptus
1676 2365 1772 2471 apud

349 2495 579 2574 Chevrutum
601 2497 640 2573 in
661 2499 744 2575 Bria
763 2499 867 2605 juxta
879 2498 1154 2577 Coulommiers
1178 2499 1406 2576 Senonensis
1427 2497 1599 2584 diocesis,
1617 2512 1686 2602 per
1703 2495 1775 2570 lra-

349 2643 446 2703 trem
464 2627 659 2732 Hugonem
681 2626 727 2705 de
746 2629 906 2705 Pruvino
925 2645 1183 2736 preceptorem
1199 2629 1247 2704 de
1266 2628 1367 2717 Bria,
1394 2628 1442 2705 de
1461 2625 1637 2703 mandato
1656 2623 1774 2701 fratris

352 2758 520 2861 Hugonis
544 2757 600 2841 ,de
632 2759 798 2839 Pseudo
839 2779 1099 2866 preceptorem
1135 2780 1224 2839 tunc
1251 2760 1426 2847 Francia,
1456 2775 1629 2866 presente
1666 2755 1774 2832 lraue

351 2885 524 2993 Philippo
545 2889 592 2969 de
612 2891 709 2997 Haya
736 2908 773 2968 et
801 2892 969 2998 quodam
993 2891 1065 2968 alio
1090 2891 1201 2968 fratre
1227 2908 1355 2968 vocato
1377 2890 1564 2997 Remigio,
1587 2889 1653 2995 qui
1676 2915 1775 2963 nunc

352 3033 528 3105 moratur,
549 3036 591 3095 ut
614 3020 748 3109 credit,
776 3021 815 3096 in
841 3021 956 3098 domo
979 3021 1117 3097 Montis
1138 3021 1428 3098 Suessionensis.
1451 3020 1552 3097 Dixit
1577 3019 1693 3094 eciam
1710 3044 1776 3122 per

347 3149 602 3252 juramentum
622 3178 731 3229 suum
751 3150 872 3255 quod,
892 3168 979 3257 post
992 3150 1129 3227 multae
1145 3152 1409 3255 promissiones
1424 3150 1471 3226 dc
1487 3150 1630 3226 statutis
1651 3166 1689 3224 et
1709 3147 1775 3224 ob-

353 3278 549 3355 servauciis
565 3277 651 3355 dicti
665 3279 807 3356 ordinis
822 3279 1076 3368 observandis,
1098 3281 1200 3356 idern
1217 3282 1398 3385 recipiens
1412 3282 1580 3387 precepit
1589 3281 1659 3367 sibi
1675 3279 1776 3385 quod

354 3408 384 3482 si
405 3405 502 3489 calor
522 3406 699 3484 naturalis
715 3427 882 3486 moveret
896 3439 998 3502 eum,
1016 3413 1117 3517 quod
1139 3439 1215 3489 non
1229 3413 1486 3488 commisceret
1501 3440 1539 3487 se
1555 3440 1638 3488 cum
1652 3409 1778 3486 mulie·

354 3535 480 3624 ribus,
503 3536 571 3614 sed
590 3538 694 3642 quod
713 3541 969 3618 commisceret
987 3570 1026 3617 se
1042 3571 1128 3619 cum
1147 3541 1322 3618 fratribus
1338 3542 1430 3630 suis,
1451 3561 1488 3618 et
1504 3542 1578 3618 hoc
1591 3557 1777 3646 pateretur

357 3667 407 3751 de
422 3665 503 3749 aliis
522 3652 706 3749 fratribus.
728 3671 829 3752 Dixit
843 3672 958 3749 eciam
973 3702 1042 3780 per
1050 3673 1305 3780 juramentum
1326 3701 1434 3749 suum
1455 3673 1559 3778 quod
1578 3672 1775 3774 recipiens,

357 3799 439 3903 ipso
449 3797 570 3879 ducto
596 3796 642 3879 ad
665 3818 825 3905 partem,
854 3802 942 3880 fecit
963 3821 1131 3908 aportare
1157 3801 1342 3910 quandun
1369 3830 1517 3879 crucem
1544 3802 1580 3877 in
1606 3829 1678 3908 qua
1705 3816 1779 3877 erat

357 3956 488 4034 ymago
507 3930 621 4009 lhesu
641 3932 797 4019 Christi,
821 3951 859 4010 et
875 3935 988 4040 peciit
1007 3933 1055 4010 ab
1075 3960 1121 4011 eo
1139 3952 1266 4011 utrum
1286 3932 1453 4009 crederet
1470 3934 1573 4040 quod
1592 3931 1655 4007 ille
1677 3930 1780 4037 cujus

358 4080 490 4167 flnago
511 4079 591 4139 erat
608 4061 659 4140 ibi
679 4081 776 4140 esset
786 4064 905 4151 Deus,
923 4065 990 4172 qui
1010 4065 1103 4141 dixit
1121 4091 1191 4172 per
1205 4064 1464 4171 juramentum
1478 4092 1587 4140 suum
1610 4060 1715 4169 quod
1730 4087 1782 4135 re·

359 4191 621 4298 sponditquod
636 4194 707 4280 sic,
720 4185 864 4272 et'tunc
878 4195 998 4273 dictus
1008 4197 1192 4303 recipiens
1203 4195 1291 4274 lecit
1304 4224 1390 4271 eum
1402 4192 1557 4272 lhesum
1572 4191 1780 4275 Christum,

359 4321 464 4429 cujus
478 4351 612 4430 ymago
626 4341 704 4401 erat
721 4325 790 4411 ibi,
805 4325 987 4433 abnegare
1001 4340 1070 4415 ter,
1087 4343 1125 4402 et
1138 4327 1304 4433 qualibet
1315 4327 1394 4403 vice
1409 4347 1554 4432 spuere.
1566 4323 1785 4429 Requisitus

360 4450 406 4529 de
424 4452 567 4539 osculo,
592 4455 684 4532 dixit
703 4485 772 4560 per
784 4456 1041 4564 juramentum
1061 4487 1170 4536 suum
1197 4457 1303 4564 quod
1322 4455 1507 4535 osculatus
1526 4455 1596 4531 luit
1615 4481 1705 4531 eum
1729 4450 1786 4527 bis

361 4580 619 4672 solummodo,
635 4583 807 4663 videlicet
816 4587 933 4664 semel
940 4588 978 4665 in
986 4588 1183 4677 umbilico,
1203 4586 1366 4688 etsemel
1379 4586 1416 4661 in
1429 4614 1505 4664 ore.
1518 4582 1787 4689 Requisitusde

362 4710 479 4815 capite
488 4713 537 4789 de
547 4742 624 4817 quo
634 4714 678 4792 lit
685 4744 794 4821 supra
807 4718 966 4808 mencio,
983 4719 1075 4795 dixit
1083 4720 1187 4824 quod
1198 4718 1313 4795 nichil
1325 4717 1409 4805 scit,
1429 4734 1465 4793 et
1478 4715 1581 4823 quod
1598 4732 1789 4819 nunquam

362 4837 432 4915 suit
451 4841 489 4917 iu
505 4844 686 4949 capitulis.
705 4848 752 4922 Et
763 4846 854 4923 dixit
874 4877 941 4955 per
954 4850 1208 4954 juramentum
1231 4876 1338 4924 suum
1360 4847 1465 4954 quod
1484 4849 1561 4952 ipse
1579 4862 1616 4922 et
1637 4843 1786 4950 quidam
