4236 5948
675 525 870 618 rnocns
897 545 992 616 nus
1018 545 1315 617 retinemus.
1633 547 1705 618 377

346 689 392 764 Et
412 713 480 791 ego
500 682 664 761 Amisius
684 687 730 761 de
745 685 945 764 Aureliano
967 687 1086 763 dictus
1101 687 1136 762 le
1157 667 1271 776 llatif,
1288 685 1459 773 clericus,
1481 705 1707 762 sacrosancte

289 820 454 895 Romane
468 814 631 892 Ecclesie
648 817 864 894 auctoritate
879 817 1044 893 notarius
1058 818 1245 923 publicus,
1265 816 1454 923 premissis
1472 814 1710 892 confessioni-

289 948 360 1027 bus
381 977 422 1023 ac
448 945 621 1023 omnibus
642 965 678 1023 et
705 948 860 1054 singulis
888 947 985 1040 aliis,
1007 966 1117 1054 prout
1138 950 1175 1023 in
1194 949 1355 1053 presenti
1371 967 1407 1024 et
1424 946 1710 1052 precedentibus

288 1079 404 1185 peciis
420 1077 531 1153 simul
546 1078 638 1154 sutis
656 1079 761 1185 signo
780 1107 866 1155 meo
887 1079 1036 1184 signatis
1056 1080 1305 1168 continentur,
1329 1107 1401 1154 una
1422 1108 1508 1154 cum
1528 1079 1710 1184 magistris

289 1207 472 1287 Gaufrido
494 1209 679 1313 Enguelor
700 1209 799 1286 dicto
820 1209 979 1314 Chalop,
1004 1210 1098 1286 Phili
1118 1228 1155 1286 et
1172 1211 1310 1287 Jacobo
1327 1210 1373 1286 de
1391 1211 1537 1288 Virtuto
1560 1210 1711 1287 notariis

199 1339 202 1347 ’
289 1338 465 1445 publicis,
490 1357 526 1414 ct
543 1340 701 1416 testibus
721 1339 994 1444 suprascriptis,
1016 1368 1166 1444 presens
1182 1339 1349 1426 interfui,
1377 1369 1433 1427 ac,
1463 1339 1509 1415 de
1538 1341 1710 1417 mandato

291 1469 378 1545 dicti
396 1469 642 1574 inquisitoris,
662 1469 748 1545 hnic
762 1470 1011 1546 instrumento
1024 1499 1084 1546 me
1101 1470 1298 1574 subscripsi
1313 1471 1350 1545 in
1366 1471 1620 1547 testimonitun
1632 1500 1712 1574 pre-

291 1600 510 1688 missorum,
533 1599 701 1704 illudque
722 1601 827 1705 signo
848 1628 933 1676 meo
954 1601 1063 1676 solito
1083 1601 1220 1705 signavi
1238 1618 1397 1704 rogatus.

347 1861 394 1936 Et
414 1888 482 1966 ego
501 1859 660 1935 lacobus
678 1858 725 1934 de
739 1859 884 1935 Virtuto
903 1859 1057 1934 clericus
1072 1858 1376 1935 Cathalaunensis
1396 1859 1570 1950 diocesis,
1592 1861 1714 1965 publi-

293 2019 358 2067 cus
371 1989 555 2095 imperiali
576 1989 790 2065 auctoritate
810 1990 991 2076 notarius,
1014 1989 1203 2093 premissis
1224 1988 1517 2067 confessionibus
1537 2010 1573 2067 et
1593 1994 1713 2067 omni-

291 2121 361 2199 bus
375 2120 471 2208 aliis,
485 2137 525 2196 ut
539 2120 576 2194 in
586 2120 747 2225 presenti
759 2137 855 2196 carta
867 2149 933 2195 seu
945 2120 1049 2224 pecia
1062 2137 1097 2195 et
1109 2120 1323 2226 precedenti
1336 2121 1440 2226 signo
1457 2149 1542 2198 meo
1552 2123 1712 2226 signatis,

292 2281 365 2328 una
390 2280 474 2327 cum
501 2280 610 2355 supra
639 2269 675 2326 et
703 2249 941 2356 infrascriptis
964 2251 1122 2328 testibus
1146 2246 1184 2326 el
1205 2251 1357 2328 notariis
1385 2250 1542 2356 publicis
1562 2282 1715 2359 presens

294 2382 466 2472 interfui,
494 2400 546 2469 et,
576 2382 621 2457 de
643 2382 817 2458 mandato
839 2382 927 2458 dicti
948 2381 1193 2485 inquisitoris,
1224 2381 1261 2455 in
1284 2382 1355 2458 hoc
1378 2383 1627 2460 instrumento
1652 2414 1713 2461 me

294 2513 494 2616 subscripsi
526 2513 563 2587 in
591 2512 847 2588 testimonium
874 2509 1158 2616 premissorum,
1180 2509 1349 2615 illudque
1373 2515 1477 2617 signo
1499 2541 1584 2589 meo
1604 2513 1713 2590 solito

293 2644 431 2750 signavi
454 2660 614 2748 rogatus.

351 2907 397 2981 Et
414 2933 482 3012 ego
503 2907 649 2981 Evenus
665 2904 770 3012 Phily
785 2905 831 2980 de
851 2905 983 2981 Sancto
999 2903 1141 2980 Nicasio
1164 2903 1320 2979 clericus
1335 2903 1621 3008 Corisopitensis
1634 2903 1716 2981 dio-

296 3037 404 3123 cesis,
422 3035 620 3140 apostolica
640 3034 810 3142 publicus
830 3035 1047 3110 auctoritate
1066 3033 1252 3125 notarius,
1267 3033 1457 3137 premissis
1478 3031 1717 3110 confessioni·

294 3167 364 3243 bus
391 3183 427 3241 et
452 3164 627 3242 omnibus
647 3166 727 3243 aliis
749 3165 787 3241 in
806 3165 969 3269 presenti
990 3180 1088 3240 carta
1108 3191 1174 3240 seu
1195 3164 1300 3269 pecia
1320 3181 1356 3240 et
1375 3164 1589 3269 precedenti
1609 3165 1715 3270 siguo

265 3338 267 3343 ·
295 3325 381 3372 meo
400 3296 569 3404 signatis,
591 3323 665 3370 una
681 3324 765 3372 cum
778 3295 1032 3400 suprascriptis
1052 3295 1205 3371 notariis
1219 3323 1372 3398 presens
1392 3293 1558 3381 interfui,
1581 3295 1715 3369 hicme

296 3428 512 3532 subscripsi,
524 3444 560 3502 et
574 3427 790 3531 injunctura
804 3427 987 3532 presentis
997 3444 1095 3503 carte
1108 3444 1143 3502 et
1155 3425 1419 3531 subsequentis
1430 3426 1577 3532 signum
1590 3454 1715 3501 meum

297 3559 449 3662 apposui
470 3572 630 3662 rogatus.
1495 3542 1499 3550 ’

353 3821 394 3894 ln
409 3816 545 3895 Christi
558 3816 710 3891 nomine
726 3843 847 3892 amen.
860 3820 985 3893 Pateat
994 3819 1177 3896 universis
1191 3846 1258 3922 per
1272 3819 1345 3895 hoe
1360 3847 1513 3923 presens
1526 3821 1717 3924 publicum

297 3951 584 4025 instrumentum
605 3946 710 4050 quod
729 3972 827 4022 anno
847 3947 999 4023 Domini
1020 3948 1218 4025 millesmio
1239 3965 1319 4026 coc⁰
1333 3950 1508 4053 septimo,
1530 3949 1716 4025 indicione

297 4097 411 4164 sexta,
434 4077 668 4183 pontificatus
689 4077 906 4152 sanctissimi
928 4077 1042 4183 patris
1062 4096 1100 4154 et
1120 4077 1263 4154 domini
1284 4077 1428 4153 domini
1447 4076 1649 4154 Clementis
1664 4077 1717 4152 di·

178 4288 190 4306 ,
298 4210 379 4284 vina
405 4208 641 4313 providencia
668 4235 761 4312 pape
788 4208 908 4313 quinti
939 4235 1034 4287 anno
1063 4208 1245 4296 secundo,
1278 4207 1474 4284 undecima
1497 4206 1558 4284 die
1581 4208 1718 4283 mensis

298 4338 528 4425 novembris,
553 4338 591 4412 in
617 4336 780 4442 religiosi
803 4354 839 4413 et
869 4337 1015 4415 honesti
1041 4339 1106 4413 viri
1134 4338 1256 4414 fratris
1286 4338 1424 4415 Nicolai
1454 4339 1500 4414 de
1523 4336 1719 4414 Anessiaco

299 4469 441 4547 ordinis
456 4467 609 4545 fratrum
622 4469 918 4556 Predicatorum,
936 4469 1175 4546 commissarii
1190 4469 1264 4545 dati
1282 4498 1301 4545 a
1319 4469 1494 4576 religioso
1508 4485 1546 4545 et
1561 4469 1719 4546 honesto

297 4601 376 4676 viro
396 4598 507 4673 fratre
530 4597 730 4675 Guillelmo
753 4599 799 4675 de
825 4600 986 4676 Parisius
1010 4600 1097 4676 dicti
1126 4598 1284 4687 ordinis,
1307 4600 1527 4704 inquisitore
1552 4599 1717 4676 heretice

298 4731 483 4836 pravitatis
502 4731 541 4805 in
561 4757 675 4834 regno
698 4730 848 4806 Francie
869 4730 1087 4808 auctoritate
1108 4729 1309 4835 apostolica
1332 4729 1527 4835 deputato,
1548 4746 1718 4808 nostrum

299 4860 528 4939 notariorum
544 4876 582 4935 et
601 4860 753 4936 testium
775 4858 1090 4966 infrascriptorum
1108 4861 1300 4966 presencia
1319 4861 1564 4966 personaliter
1584 4863 1720 4939 consti-

385 5007 489 5066 rnoc'ns
505 5026 558 5067 nes
575 5024 794 5067 rennuens—
806 5026 839 5065 u.
1517 5007 1558 5075 48
