4236 5948
730 505 924 597 vnocts
951 521 1046 594 ons
1073 520 1371 593 reuertens.
1688 520 1759 589 117

340 664 426 742 fecit
453 690 542 739 eum
568 688 697 740 vovere
729 663 952 753 castitatem,
987 659 1266 752 obedienciam,
1287 661 1409 737 vivere
1430 658 1509 736 sine
1529 658 1702 764 proprio;
1725 676 1763 734 et

342 792 519 897 imposito
535 789 607 870 sibi
628 792 825 882 mantello,
848 793 927 899 ipse
947 809 985 868 et
999 818 1131 867 omnes
1150 807 1312 867 astantes
1325 788 1482 866 fuerunt
1500 814 1589 864 eum
1606 786 1762 863 osculati

341 923 379 1000 in
396 951 480 1012 ore3
502 941 540 1000 et
557 923 732 1002 instruxit
752 951 839 1002 eum
862 941 956 1031 quot
974 924 1088 999 Pater
1106 937 1221 998 notter
1239 921 1383 998 diceret
1401 947 1469 1024 pro
1490 917 1593 995 horis
1608 917 1702 1005 suis,
1726 934 1764 993 et

342 1051 501 1159 qualiter
519 1069 666 1159 regeret
685 1081 723 1128 se
744 1052 784 1128 in
804 1052 949 1129 ordine.
969 1053 1138 1155 Postque
1160 1048 1335 1126 omnibus
1351 1046 1616 1125 recedentibus
1637 1046 1684 1122 de
1705 1075 1764 1123 ca-

342 1180 455 1287 pella,
476 1181 617 1259 vocavit
635 1182 760 1288 ipsum
779 1199 913 1260 testem
935 1181 1058 1258 solum
1079 1181 1126 1257 ad
1142 1181 1344 1287 quamdam
1364 1206 1566 1264 cameram,
1582 1193 1620 1252 et
1638 1176 1763 1253 clauso

344 1312 455 1399 ostio,
477 1312 645 1417 precepit
665 1313 700 1387 ei
721 1313 825 1416 quod
844 1312 1044 1418 abnegaret
1062 1311 1205 1401 Deum,
1228 1327 1372 1387 etcum
1392 1310 1472 1417 ipse
1486 1307 1592 1384 testis
1611 1336 1764 1413 respon-

344 1440 459 1518 disset
477 1470 517 1517 se
538 1443 611 1518 hoc
640 1442 888 1520 nullomodo
920 1440 1124 1531 facturum,
1151 1440 1244 1517 dixit
1264 1440 1297 1516 ei
1323 1440 1429 1546 quod
1467 1438 1540 1515 hoe
1568 1437 1764 1543 oportebat

346 1598 429 1647 eum
446 1568 585 1659 lacere,-
599 1571 686 1676 quia
708 1588 786 1647 erat
806 1570 853 1647 de
878 1571 1028 1677 punctis
1039 1569 1249 1675 religionis,
1265 1586 1303 1645 et
1314 1586 1406 1645 tunc
1424 1568 1503 1673 ipse
1523 1568 1629 1645 testis
1648 1568 1763 1644 abne-

343 1700 439 1807 gavit
463 1696 673 1777 Deum'ore
703 1728 779 1777 non
800 1701 929 1790 corde,
956 1716 1000 1777 ut
1019 1699 1122 1776 dixit.
1144 1699 1290 1777 Deinde
1318 1696 1484 1774 ostendit
1507 1696 1541 1773 ei
1561 1696 1764 1803 quamdam

345 1857 492 1907 crucem
511 1830 674 1938 ligneam
695 1830 904 1935 depictam,
926 1831 1045 1906 nescit
1063 1858 1130 1935 per
1151 1857 1267 1935 quem
1292 1827 1458 1916 allatam,
1485 1844 1522 1904 et
1544 1827 1711 1933 precepit
1730 1828 1764 1901 ei

345 1959 448 2064 quod
460 1978 613 2065 spueret
641 1988 883 2066 supeream,
911 1978 950 2037 et
973 1961 1053 2066 ipse
1081 1961 1204 2050 testis,
1232 1962 1370 2037 timens
1404 1958 1476 2036 sihi
1505 1975 1542 2034 et
1570 1957 1703 2035 dolens
1728 1976 1766 2033 et

344 2088 452 2177 fleus,
474 2091 575 2195 spuit
592 2118 670 2166 non
691 2119 803 2196 super
828 2090 896 2168 sed
904 2091 1015 2197 'juxta
1036 2119 1135 2179 eam,
1158 2107 1202 2167 ut
1218 2090 1322 2166 dixit.
1344 2086 1591 2166 Postmodum
1618 2085 1711 2163 dixit
1731 2089 1764 2161 ei

346 2216 468 2295 dictus
498 2237 670 2325 receptor
701 2222 823 2327 quod,
854 2222 1064 2298 secundum
1093 2221 1191 2322 dieta
1219 2237 1373 2326 puncta,
1399 2235 1545 2325 poterat
1571 2217 1766 2295 carnaliter

346 2347 579 2424 commisceri
599 2348 776 2428 fratribus
806 2350 950 2427 ordinis
977 2368 1015 2427 et
1035 2350 1105 2455 ipsi
1131 2379 1217 2427 cum
1238 2376 1302 2438 eo;
1329 2347 1547 2425 hortamen
1573 2376 1648 2424 non
1679 2347 1766 2423 fecit
1821 2433 1825 2441 ,

346 2504 414 2553 nec
438 2477 510 2554 fuit
528 2479 751 2584 requisitus,
773 2506 843 2557 nec
864 2480 982 2556 credit
1001 2481 1106 2586 quod
1130 2480 1169 2555 in
1190 2479 1323 2557 ordine
1343 2477 1467 2566 lieret3
1494 2475 1616 2552 credit
1638 2493 1767 2553 tamen

346 2607 450 2712 quod
468 2607 634 2714 predicta
660 2608 789 2686 illicita
810 2609 1015 2720 consessata
1032 2639 1102 2715 per
1121 2637 1208 2686 eum
1229 2607 1498 2685 intervenirent
1517 2608 1767 2683 communiter

347 2737 383 2813 in
402 2738 688 2843 recepcionibus
715 2738 897 2827 aliorum
924 2741 996 2816 hoc
1020 2755 1147 2815 tamen
1171 2739 1279 2815 aliter
1307 2737 1436 2815 nescit.
1465 2738 1575 2823 Item,
1607 2736 1700 2812 dixit
1727 2765 1766 2811 se

347 2867 499 2943 credere
529 2868 633 2973 quod
662 2867 792 2945 fratres
825 2868 969 2946 ordinis
1001 2868 1198 2944 crederent
1225 2865 1480 2943 ecclesiasticis
1509 2867 1764 2952 sacramentis,

346 2997 486 3102 quibus
505 2997 584 3102 ipse
605 2997 800 3087 credebat,
823 3015 860 3074 et
880 2999 985 3105 quod
1006 3025 1139 3074 eorum
1154 2995 1365 3073 sacerdotes
1379 2994 1507 3072 debite
1521 2992 1763 3070 celebrarent.

346 3126 497 3205 Dictum
522 3126 595 3202 fuit
614 3128 708 3204 eiin
727 3129 947 3234 recepeione
967 3157 1033 3205 sua
1053 3127 1158 3232 quod
1178 3127 1303 3206 statim
1323 3153 1393 3232 pro
1420 3123 1585 3231 professo
1607 3123 1769 3200 habeba-

347 3272 420 3332 tur.
437 3256 678 3334 Clandestine
689 3258 983 3363 recipiebantur,
1001 3256 1116 3334 nullis
1131 3255 1370 3364 presentibus
1385 3255 1456 3333 nisi
1470 3253 1648 3332 fratribus
1666 3256 1769 3332 ordi-

348 3387 426 3473 nis,
450 3415 492 3462 ex
517 3415 595 3492 quo
626 3387 746 3464 credit
770 3390 875 3494 quod
896 3405 993 3465 esset
1021 3386 1184 3494 suspicio
1211 3402 1338 3462 contra
1360 3414 1435 3465 eos.
1461 3384 1639 3463 Cordulis
1668 3384 1769 3462 unde

347 3514 523 3592 volebant
542 3517 742 3622 assumptis
762 3516 1009 3624 cingebantur
1020 3547 1132 3623 super
1147 3517 1315 3593 camisias
1327 3546 1414 3593 cum
1434 3513 1574 3621 quibus
1583 3514 1768 3620 jacebant.

348 3644 489 3722 Juravit
504 3644 610 3751 quod
628 3674 705 3723 non
720 3646 902 3723 revelaret
922 3664 1062 3723 secreta
1083 3645 1334 3752 capitulorum
1357 3673 1426 3722 nec
1446 3643 1605 3722 modum
1624 3672 1691 3721 sue
1713 3671 1771 3720 re·

348 3774 548 3880 septinnio,
563 3776 593 3851 si
606 3775 849 3862 revelassent,
864 3775 983 3852 nescit
996 3775 1160 3881 qualiter
1168 3775 1290 3881 puniti
1305 3772 1474 3852 luissent.
1491 3774 1639 3850 Fratres
1654 3774 1772 3850 scien-

348 3918 406 3980 tes
423 3931 571 3981 errores
582 3903 737 3982 fuerunt
756 3903 987 4012 negligentes
1003 3906 1091 4010 quia
1106 3919 1438 3983 noncorrexerunt
1457 3928 1523 3980 eos
1541 3930 1612 3979 nee
1631 3903 1773 3979 denun-

349 4034 538 4112 ciaverunt
555 4036 732 4113 Ecclesie.
753 4035 987 4114 Elemosinas
1010 4053 1049 4112 et
1070 4034 1362 4142 hospitalitatem
1395 4032 1772 4110 viditeonvenienter

349 4161 431 4240 lieri
453 4179 490 4240 et
509 4167 645 4242 servari
672 4166 713 4242 in
737 4165 915 4243 domibus
939 4165 1095 4244 ordinis.
1109 4166 1148 4243 in
1168 4164 1306 4271 quibus
1337 4161 1478 4239 exstitit
1505 4178 1770 4239 commoratus.

350 4291 533 4370 Ordinato
545 4324 572 4370 ua
578 4295 756 4403 Magistro
772 4325 859 4373 cum
874 4312 1060 4374 conventu
1077 4311 1257 4372 servasset
1268 4310 1371 4371 totus
1385 4291 1496 4378 ordo,
1515 4307 1642 4368 contra
1657 4319 1772 4397 quem

349 4446 452 4498 nunc
470 4424 624 4529 grandia
651 4424 840 4515 scandala,
862 4425 1024 4532 suspicio
1053 4442 1092 4501 et
1111 4422 1263 4501 infamia
1292 4440 1381 4500 sunt
1404 4436 1548 4507 exorta,
1580 4437 1617 4496 et
1645 4436 1773 4496 contra

350 4577 466 4657 quem
487 4580 644 4659 magnus
664 4553 839 4659 Magister
855 4571 893 4631 et
912 4553 975 4632 elii
991 4554 1170 4631 dicuntur
1190 4552 1265 4628 alia
1278 4550 1392 4629 fuisse
1407 4546 1586 4638 confessi,
1602 4549 1652 4624 ad
1668 4550 1774 4656 cujus

350 4680 496 4758 ordinis
516 4682 789 4763 deffensionem
810 4712 851 4761 se
866 4683 1067 4762 obtulerat.

406 4811 624 4916 Requisitus
638 4813 734 4891 sisic
747 4815 973 4919 deposuerat
982 4840 1109 4919 prece,
1125 4829 1323 4919 precepto,
1338 4810 1493 4899 timore,
1505 4837 1649 4899 amore,
1665 4809 1773 4895 odio,
