4236 5948
745 534 940 626 enonas
957 552 1062 624 nas
1086 552 1385 628 rennuens.
1695 561 1769 634 an

352 699 482 797 ceptor
510 690 679 797 predicte
708 694 844 773 domus
874 695 923 771 de
945 693 1083 784 Vifort,
1116 723 1186 772 nec
1213 696 1342 801 plures
1367 697 1471 802 quod
1497 698 1647 777 recolat.
1676 700 1777 777 Dixit

353 821 470 898 eciam
483 849 552 927 per
566 822 823 928 juramentum
843 852 954 901 suum
973 825 1078 931 quod
1094 853 1139 902 eo
1159 842 1328 931 recepto,
1350 844 1491 932 etpost
1509 828 1777 932 promissiones

352 935 464 1030 factas
483 951 530 1028 ab
551 981 598 1030 eo
618 955 666 1032 de
685 955 832 1032 statutis
852 973 889 1031 et
908 955 1060 1032 secretis
1089 956 1232 1034 ordinis
1257 955 1512 1047 observandis,
1536 975 1574 1036 et
1597 961 1776 1039 mantello

350 1082 420 1160 sibi
446 1082 493 1159 ad
516 1082 656 1161 collum
682 1086 822 1202 posito,
852 1103 889 1162 et
916 1103 1081 1191 apostata
1106 1087 1268 1192 quadem
1293 1116 1402 1165 cruce
1422 1086 1543 1194 lignea
1565 1118 1633 1195 per
1658 1119 1776 1168 unum

351 1213 400 1289 de
420 1213 529 1291 dictis
542 1213 734 1304 fratribus,
756 1216 941 1322 recipiens
949 1216 1118 1323 precepit
1136 1217 1207 1294 sibi
1228 1218 1333 1324 quod
1349 1233 1501 1323 spueret
1516 1218 1776 1325 supradictam

351 1372 517 1431 crucem,
542 1345 669 1421 dicens
684 1345 755 1423 sibi
774 1347 883 1453 quod·
893 1347 1091 1452 oportebat
1103 1347 1207 1452 quod
1221 1348 1295 1424 hoc
1310 1347 1464 1437 faceret,
1488 1349 1619 1454 etipse
1633 1350 1699 1455 qui
1719 1349 1776 1426 lo-

350 1474 481 1578 quitur
494 1473 600 1551 finxit
619 1504 659 1552 se
680 1504 814 1582 spuere
834 1504 1061 1583 supeream.
1081 1477 1184 1554 Dixit
1205 1482 1322 1556 eciam
1341 1478 1445 1585 quod
1464 1478 1648 1587 recipiens
1671 1481 1776 1556 duxit

348 1605 495 1680 eumad
506 1622 668 1712 partem,
684 1607 731 1682 ad
745 1635 862 1683 cornu
876 1606 1000 1685 altaris
1012 1608 1211 1714 cujusdam
1223 1607 1364 1713 capelle
1376 1609 1414 1684 in
1428 1609 1772 1714 qua-recipiebatur,

347 1750 387 1808 et
407 1734 546 1813 elevata
563 1753 662 1813 veste
683 1766 766 1825 sua,
786 1738 955 1844 precepit
979 1739 1103 1816 eidem
1127 1755 1278 1843 recepto
1299 1739 1405 1844 quod
1432 1738 1666 1814 oscularetur
1686 1767 1774 1814 eum

349 1880 449 1941 retro
475 1865 513 1942 in
534 1865 610 1944 fine
634 1869 739 1974 spine
769 1870 891 1957 dorsi,
914 1870 1051 1975 etipse
1075 1870 1140 1974 qui
1168 1868 1338 1974 loquitur
1355 1866 1460 1944 finxit
1477 1897 1516 1944 se
1540 1869 1613 1946 hoc
1635 1868 1772 1957 facere,

347 1996 415 2071 sed
431 2024 507 2073 non
528 1997 626 2074 fecit.
647 1999 748 2076 Dixit
769 2000 885 2076 eciam
906 2000 1012 2105 quod
1031 1999 1123 2075 vidit
1138 1999 1254 2105 recipi
1275 1997 1425 2075 fratrem
1448 1998 1700 2076 Guillermum
1726 1999 1773 2074 de

348 2125 483 2203 Sancto
500 2128 695 2205 Leonardo
723 2129 771 2205 de
792 2129 1059 2238 Corbigniaco‚
1085 2130 1125 2205 in
1156 2130 1270 2207 domo
1291 2130 1338 2205 da
1359 2128 1501 2216 Valeia,
1528 2156 1596 2233 per
1623 2127 1773 2205 fratrem

348 2257 596 2334 Laurencium
617 2259 664 2335 de
684 2260 798 2337 Belua
818 2261 1075 2366 preceptorem
1096 2261 1142 2337 de
1164 2260 1366 2347 Couiours,
1389 2261 1429 2335 in
1447 2260 1609 2364 quadam
1631 2288 1773 2335 camera

347 2385 452 2463 dicte
462 2387 613 2476 domus,
637 2389 763 2464 dicens
783 2390 887 2493 quod
909 2391 1032 2465 statim
1052 2391 1156 2494 quod
1181 2389 1403 2465 mantellum
1424 2387 1497 2464 suit
1516 2388 1588 2465 sibi
1608 2389 1773 2492 positum

347 2517 393 2592 ed
423 2516 564 2594 collum
598 2517 688 2594 dicti
712 2516 889 2605 Gerardi,
918 2518 994 2621 ipse
1022 2518 1088 2622 qui
1115 2517 1282 2621 loquitur
1307 2517 1459 2592 recessit
1488 2517 1534 2592 ad
1564 2519 1771 2620 parandum

347 2675 498 2753 mappas
518 2676 586 2754 pro
606 2648 893 2735 commestione,
916 2664 953 2723 et
969 2662 1122 2752 propter
1137 2647 1210 2723 hoc
1224 2646 1343 2722 nescit
1356 2646 1449 2750 quid
1462 2645 1533 2723 fuit
1552 2644 1623 2721 sibi
1643 2665 1772 2751 postea

271 2813 278 2832 1
346 2776 551 2856 factumvel
566 2780 726 2868 dictum,
748 2795 875 2855 tamen
894 2778 1014 2856 credit
1031 2777 1136 2882 quod
1155 2777 1226 2853 fuit
1241 2777 1376 2853 eodem
1392 2765 1507 2854 inodo
1527 2795 1715 2881 receptus,
1735 2797 1772 2855 et

345 2910 450 3013 quod
471 2909 532 2987 alii
554 2909 685 2987 fratres
702 2908 791 2989 dicti
806 2908 950 2986 ordinis
970 2908 1105 3005 eodem
1124 2907 1240 2984 modo
1260 2905 1496 3012 recipiantur.

402 3040 495 3118 Item
510 3038 713 3146 requisitus
732 3056 856 3116 utrum
877 3039 932 3127 vi,
955 3039 1012 3115 vel
1031 3054 1135 3113 metu
1153 3037 1308 3113 carceris
1331 3054 1396 3112 aut
1415 3054 1706 3125 tormentorum,
1730 3039 1768 3113 in

346 3172 536 3276 premissis
557 3170 801 3247 immiscuerit
815 3169 874 3246 vel
890 3171 1025 3246 dixerit
1040 3169 1202 3274 aliquam
1219 3166 1432 3259 falsitatem,
1454 3167 1514 3245 vel
1534 3168 1690 3245 tacuerit
1709 3197 1770 3244 ve·

345 3301 508 3388 ritatem,
532 3301 623 3378 dixit
642 3331 710 3407 per
721 3302 979 3407 juramentum
1000 3327 1111 3377 suum
1131 3300 1236 3405 quod
1257 3327 1354 3385 non,
1378 3317 1416 3375 et
1434 3299 1537 3404 quod
1556 3326 1689 3402 puram
1709 3328 1768 3374 ve-

344 3432 492 3508 ritatem
512 3433 604 3508 dixit
620 3461 688 3538 pro
707 3433 825 3509 salute
845 3431 971 3508 anime
992 3461 1070 3508 sue.

401 3564 509 3637 Facte
522 3579 650 3638 autern
664 3579 753 3638 sunt
764 3563 834 3638 hec
849 3578 925 3639 tres
935 3561 1152 3638 immediate
1168 3559 1411 3665 precedentes
1430 3560 1682 3637 confessiones
1700 3588 1767 3636 seu

261 3771 264 3776 Δ
346 3692 604 3795 deposiciones
630 3692 734 3798 prius
751 3720 771 3767 a
791 3692 964 3797 quolibet
981 3693 1148 3797 ipsorum
1168 3690 1432 3768 confitencium
1448 3692 1602 3795 prestito
1620 3708 1663 3768 ut
1682 3719 1767 3796 pre-

346 3821 506 3897 mittitur
524 3822 756 3928 juramento‚
778 3818 938 3898 Parisius
965 3824 1005 3896 in
1031 3821 1207 3898 domibus
1227 3820 1393 3925 Templi,
1417 3850 1535 3909 anno,
1559 3820 1765 3907 indicione,

343 3951 576 4056 pontificatu,
589 3981 687 4029 anno
703 3970 741 4029 et
754 3953 815 4029 die
830 3953 1022 4058 predictis,
1040 3951 1275 4058 presentibus
1290 3952 1401 4030 fratre
1418 3951 1585 4058 Synnrdo
1596 3951 1644 4027 de
1653 3951 1767 4027 Dacia

344 4099 382 4157 et
403 4083 514 4159 fratre
530 4082 662 4188 Egidio
683 4083 730 4159 dc
751 4085 918 4161 Bononia
938 4084 1081 4161 ordinis
1104 4083 1383 4160 Predicatorum
1399 4082 1446 4156 de
1462 4097 1647 4158 conventu
1667 4080 1767 4155 Pari·

344 4212 474 4301 siensi‚
491 4214 649 4289 testibus
669 4213 716 4289 ad
733 4214 802 4290 hec
815 4214 950 4290 vocatis
965 4232 1003 4292 et
1018 4215 1165 4321 rogatis.

397 4472 439 4546 In
454 4473 605 4547 nomine
617 4472 769 4548 Domini
787 4501 908 4549 amen.
926 4473 1035 4550 Anno
1050 4474 1251 4549 Nativitatis
1266 4472 1436 4579 ejusdem
1454 4486 1578 4549 ra⁰ccc⁰
1590 4472 1763 4576 septime,

341 4600 534 4681 indicione
555 4602 670 4689 sexta,
698 4629 827 4679 mense
848 4602 1072 4691 novembris,
1095 4602 1155 4679 die
1175 4602 1335 4691 veneris,
1357 4600 1515 4681 in-sesto
1540 4599 1656 4679 sancti
1682 4600 1764 4679 Cn·-

341 4731 489 4836 rogoni,
506 4729 648 4808 scilicet
661 4731 838 4839 vigesima
852 4750 984 4841 quarta
996 4734 1076 4822 dic,
1098 4731 1337 4838 pontificatus
1356 4731 1575 4811 sanctissimi
1592 4731 1707 4838 patris
1726 4746 1764 4806 et

342 4862 485 4950 domini
502 4862 645 4943 domini
661 4862 865 4942 Clementis
877 4863 1000 4940 divina
1019 4864 1259 4978 providencia
1274 4863 1500 4981 pape‘quinti
1515 4861 1760 4947 cunctorem,

1566 5011 1615 5073 52.
