4236 5948
726 581 920 672 procus
946 600 1042 670 nus
1068 600 1364 671 Turrensis.
1684 598 1755 668 515

342 757 379 814 et
394 739 525 814 litteris
535 769 576 814 ac
592 741 828 817 documentis
842 740 922 816 aliis
939 757 1036 816 extra
1049 741 1312 845 precedentem
1326 740 1532 843 inquestam
1547 738 1760 812 vacantibus

341 869 449 973 plene
470 886 580 972 patet.
604 871 710 945 Unde
737 871 784 945 ad
805 888 969 946 eternam
990 872 1208 946 memoriam
1230 871 1514 974 premissorum,
1542 867 1760 969 prelibatam

341 1000 549 1104 inquestam
565 1027 676 1074 manu
690 998 840 1103 publica
855 998 990 1103 triplici
1007 999 1248 1075 tabellionum
1263 999 1499 1103 publicorum
1514 999 1704 1102 scriptam,
1726 1014 1762 1072 et

343 1130 540 1237 diligenter
556 1159 624 1233 per
640 1131 761 1206 dictos
776 1129 994 1207 tabelliones
1015 1131 1256 1205 examinatam
1274 1147 1312 1205 et
1330 1145 1572 1234 compertam,
1592 1145 1634 1204 ut
1646 1128 1693 1204 ab
1710 1128 1763 1203 eis

342 1260 542 1335 didicimus
560 1284 638 1366 per*
653 1261 775 1338 omnia
799 1260 975 1335 veraciter
995 1261 1206 1346 convenire,
1229 1260 1472 1363 subscriptam
1499 1258 1614 1333 eciam
1634 1256 1680 1332 ab
1701 1286 1763 1333 eo·

342 1419 424 1463 rurn
449 1388 617 1494 singulis,
641 1407 683 1464 ut
705 1390 819 1464 moris
842 1390 941 1493 apud
964 1417 1028 1465 eos
1054 1407 1124 1474 est,
1150 1407 1187 1464 et
1207 1389 1320 1493 signis
1346 1386 1462 1464 solitis
1491 1387 1762 1492 subsignatum,
1827 1484 1831 1492 Ι

343 1546 486 1594 necnon
505 1547 524 1593 a
541 1518 691 1623 collegis
712 1547 778 1593 seu
799 1519 936 1594 nostris
957 1519 1288 1623 coinquisitoribus
1309 1517 1479 1593 Elnensis
1500 1514 1653 1593 ecclesie
1678 1496 1772 1593 viris

342 1647 615 1724 venerabilibus
637 1648 897 1724 archidiacono
923 1665 960 1723 et
987 1649 1150 1735 sacrista,
1176 1648 1381 1752 ceterisque
1409 1648 1495 1721 viris
1515 1645 1697 1751 religiosis
1716 1645 1764 1721 de
1794 1692 1797 1696 -

342 1779 480 1882 quibus
501 1778 540 1853 in
565 1779 851 1884 precedentibus
872 1780 992 1885 agitur
1012 1780 1210 1867 accersitis,
1230 1778 1448 1855 eorumdem
1472 1775 1695 1882 collegarum
1718 1776 1767 1852 si-

341 1906 437 2012 gillis
463 1925 500 1982 et
519 1926 645 1984 nostro
673 1910 788 1983 cereis
809 1925 846 1982 et
866 1908 1133 2013 pendentibus,
1156 1907 1244 1984 licet
1269 1908 1405 1985 diebus
1425 1925 1461 1982 et
1483 1906 1565 1983 loco
1592 1907 1763 1990 diversis,

343 2065 410 2112 nos
435 2055 560 2112 tamen
590 2039 689 2141 apud
716 2038 866 2126 Elnam,
893 2039 932 2112 in
958 2039 1071 2115 domo
1100 2056 1225 2113 nostra
1246 2037 1462 2143 episcopali,
1494 2065 1591 2113 anno
1614 2037 1766 2116 Domini

344 2165 544 2242 millesimo
556 2168 817 2244 trecentesimo
833 2167 997 2254 decimu,
1015 2197 1039 2244 11
1055 2169 1232 2244 kalendas
1246 2168 1481 2273 septembris,
1498 2167 1654 2244 lecimus
1665 2195 1768 2244 com-

345 2324 495 2372 muniri.

400 2558 477 2661 Ego
494 2585 580 2632 vero
601 2558 729 2633 Petrus
750 2557 934 2662 Gayreudi
952 2557 1109 2633 clericus
1128 2576 1164 2633 et
1183 2558 1351 2634 notarius
1376 2558 1548 2663 publicus
1572 2556 1767 2633 reverendi

345 2687 382 2760 in
405 2685 551 2763 Christo
577 2687 690 2791 patris
716 2687 858 2763 domini
891 2688 1054 2792 episcopi
1084 2688 1303 2791 supradicti,
1332 2686 1510 2792 predictis
1536 2685 1713 2763 omnibus
1731 2702 1769 2761 et

345 2815 500 2920 singulis
527 2816 693 2904 interlui,
722 2834 759 2892 et
780 2845 821 2891 ea
845 2818 969 2892 omnia
991 2846 1104 2891 manu
1134 2818 1284 2921 propria
1307 2817 1452 2921 scripsi,
1479 2834 1520 2892 et
1546 2818 1583 2891 in
1609 2815 1768 2892 formam

344 2944 532 3050 publicam
552 2947 696 3051 redegi,
717 2964 753 3021 et
773 2948 877 3051 signo
899 2974 984 3022 meo
1003 2963 1179 3021 consueto
1201 2945 1351 3051 signavi.
1375 2946 1427 3048 (L.
1445 2947 1499 3049 S.)

400 3205 478 3309 Ego
491 3205 620 3280 Petrus
631 3190 1008 3309 RaynaudiclericuS,
1027 3205 1192 3280 notarius
1207 3206 1254 3280 ad
1265 3204 1430 3308 predicta
1441 3232 1509 3308 per
1521 3203 1767 3279 reverendum

347 3334 543 3410 dominum
554 3333 753 3410 Elnensem
775 3335 992 3440 episcopum
1008 3335 1220 3439 predictum
1236 3335 1477 3425 constitutus,
1499 3333 1587 3410 huic
1604 3335 1768 3439 presenti

346 3465 587 3569 inquisicioni
616 3493 769 3570 presens
799 3463 870 3554 tui,
901 3483 938 3540 et
963 3465 1063 3540 dicto
1091 3465 1264 3542 mandato
1293 3464 1408 3569 ipsius
1434 3465 1577 3542 domini
1606 3465 1768 3570 episcopi
1887 3497 1889 3500 ⁴

349 3594 567 3698 subscripsi,
591 3612 627 3669 et
642 3596 714 3670 hoc
728 3596 875 3698 signum
896 3594 978 3671 leci.
1005 3597 1062 3695 (L.
1086 3596 1141 3697 S.)

403 3854 481 3958 Ego
504 3851 693 3929 lohannes
714 3853 760 3928 de
785 3852 979 3931 Villaclara
999 3852 1166 3928 notarius
1186 3853 1232 3927 ad
1251 3853 1418 3958 predicta
1437 3884 1505 3960 per
1523 3856 1771 3931 reverendum

348 3981 545 4059 dominum
562 3981 758 4059 Elnensem
775 3984 990 4087 episcopum
1010 3983 1219 4088 predictum
1240 3984 1480 4071 constitutus,
1503 3985 1591 4060 huic
1607 3988 1769 4088 presenti

348 4111 587 4217 inquisicioni
607 4141 759 4218 presens
783 4112 951 4200 interlui,
975 4130 1012 4188 et
1032 4113 1078 4188 de
1100 4111 1273 4189 mandato
1296 4114 1411 4220 ipsius
1435 4114 1578 4192 domini
1607 4113 1769 4220 episcopi

349 4241 566 4348 subscripsi,
588 4259 625 4319 et
644 4271 728 4319 meo
752 4241 902 4347 publico
924 4260 961 4318 et
980 4241 1090 4320 solito
1112 4241 1320 4356 subsignavi
1341 4242 1460 4351 siguo.
1483 4245 1540 4348 (L,
1558 4244 1612 4346 S.)

842 4622 896 4671 ΠΝ
928 4624 975 4673 DU
1005 4620 1105 4673 TOME
1137 4620 1287 4673 SEGOND.
