4236 5948
358 515 432 590 net
749 490 945 585 procas
970 510 1065 583 nus
1091 509 1391 585 reuertens.

412 661 508 738 Item
528 684 643 745 anno,
665 653 876 740 iudicione,
898 681 1042 741 mense,
1072 651 1151 743 die,
1178 653 1401 761 pontificatu
1420 671 1459 732 et
1477 654 1561 735 ioco
1586 659 1784 765 predictis,

357 791 500 871 indicti
526 785 775 898 inquisitoris,
799 801 969 862 nostmm
989 785 1222 863 notariomm
1243 805 1281 865 et
1297 787 1618 897 infrascriptarum
1633 791 1786 871 testium

355 925 548 1028 presencia
562 917 808 1028 personaliter
832 918 1058 995 constitutus
1069 915 1183 996 frater
1196 919 1328 998 Petrus
1348 919 1396 997 de
1419 920 1523 1000 Sciet
1547 922 1732 1003 oriundus
1746 925 1785 1004 in

355 1054 476 1146 Acon,
496 1050 750 1131 serviensdicti
772 1049 930 1138 ordinis,
950 1065 988 1127 et
1008 1049 1233 1127 constitutus
1252 1050 1292 1127 in
1314 1050 1427 1130 domo
1447 1052 1598 1160 majoris
1618 1055 1785 1162 Magistri

355 1185 497 1263 ordinis
523 1181 826 1289 Templariorum
849 1210 963 1288 super
986 1180 1263 1289 gamisionibus
1289 1183 1387 1261 dicte
1409 1184 1563 1275 domus,
1591 1186 1696 1263 testis
1721 1214 1786 1266 eo·

354 1318 442 1395 dem
462 1318 577 1395 modo
598 1316 745 1424 juratus
771 1313 884 1392 dese
910 1329 948 1390 et
974 1312 1056 1391 aliis
1081 1313 1120 1389 in
1149 1343 1257 1393 causa
1284 1314 1373 1394 fidei
1400 1345 1551 1425 puram,
1577 1346 1721 1396 meram
1748 1336 1785 1397 et

352 1448 535 1556 integram
553 1447 677 1526 dicere
690 1444 896 1522 veritatem.

408 1580 660 1690 iuterrogatus
676 1576 723 1653 de
741 1592 912 1683 tempore
935 1591 973 1653 et
986 1575 1105 1655 modo
1129 1604 1196 1655 sue
1216 1579 1465 1685 recepcionis,
1488 1581 1581 1658 dixit
1599 1609 1668 1688 per
1682 1582 1785 1689 jura-

352 1729 523 1788 mentum
549 1740 659 1788 suum
682 1708 786 1816 quod
806 1724 968 1815 quatuor
987 1707 1073 1784 anni
1095 1708 1152 1784 vel
1172 1709 1341 1817 quinque
1362 1729 1448 1789 sunt
1470 1711 1586 1819 elapsi
1610 1712 1668 1790 vel
1688 1713 1784 1790 circa

351 1843 455 1948 quod
476 1843 556 1950 ipse
579 1841 651 1918 fuit
672 1856 845 1947 receptus
870 1837 909 1914 in
932 1838 1033 1916 dicto
1055 1839 1187 1917 ordine
1208 1869 1277 1945 per
1298 1841 1441 1920 dictum
1463 1843 1644 1950 majorem
1668 1845 1785 1952 Magi-

350 1990 488 2063 strum,
518 1975 558 2051 in
591 1973 735 2052 civitate
766 1970 993 2061 Nicociensi,
1022 1971 1262 2078 presentibus
1293 1970 1406 2052 fratre
1436 1975 1547 2052 Petro
1578 1974 1625 2053 de
1650 1976 1782 2055 B0ucli

351 2105 521 2211 ejusdem
542 2104 702 2192 ordinis,
726 2101 837 2180 fratre
864 2101 1046 2180 Gausrido
1076 2103 1249 2193 Picardo,
1279 2106 1380 2182 socio
1413 2106 1580 2213 magistri
1606 2108 1781 2214 predicti,

351 2251 389 2310 et
407 2234 582 2342 pluribus
607 2234 689 2311 aliis
714 2235 761 2311 de
789 2263 954 2340 quorum
981 2233 1198 2313 nominibus
1218 2263 1295 2313 non
1319 2237 1463 2316 recolit.
1483 2238 1586 2317 Dixit
1610 2241 1726 2318 eciam
1747 2259 1784 2319 et

348 2393 417 2472 per
430 2367 686 2474 juramentum
703 2395 813 2445 suum
836 2365 940 2473 quod
961 2383 1046 2472 post
1061 2366 1202 2443 multas
1221 2368 1491 2473 promissiones
1511 2369 1560 2447 de
1582 2369 1783 2449 observan-

349 2497 407 2575 dis
427 2499 572 2577 statutis
587 2516 625 2575 et
643 2497 794 2576 secretis
818 2496 907 2574 dicti
933 2497 1077 2574 ordinis
1097 2497 1144 2575 ab
1167 2526 1212 2576 eo
1232 2497 1361 2592 factas,
1383 2516 1421 2577 et
1438 2501 1615 2580 mantello
1637 2501 1708 2580 sibi
1734 2504 1781 2581 ad

348 2629 487 2707 collum
517 2630 658 2736 posito,
688 2629 808 2706 dictus
837 2629 1023 2735 recipiens
1055 2630 1219 2709 ostendit
1247 2630 1318 2708 sibi
1354 2661 1504 2710 crucam
1532 2635 1572 2710 in
1599 2662 1673 2741 qua
1704 2654 1781 2712 erat

345 2756 480 2868 'ymago
506 2761 622 2839 Jhesu
641 2761 778 2839 Christi
807 2761 969 2866 depicta,
998 2761 1103 2839 etde
1123 2779 1300 2869 precepto
1329 2763 1420 2840 dicti
1446 2764 1660 2871 recipientis
1680 2767 1781 2873 spuit

345 2911 403 2971 ter
421 2922 531 3001 supra
553 2923 649 2972 eam.
663 2893 765 2971 Dixit
777 2911 903 2970 tamen
925 2922 993 3000 per
1008 2896 1267 3002 juramentum
1283 2923 1393 2973 suum
1412 2895 1516 3003 quod
1535 2896 1656 2974 credit
1676 2898 1780 3003 quod

344 3025 509 3104 intencio
526 3026 615 3104 dicti
630 3024 845 3132 recipientis
861 3042 957 3102 esset
970 3024 1075 3131 quod
1089 3025 1163 3103 boc
1178 3025 1317 3104 faceret
1332 3027 1372 3103 in
1388 3045 1609 3133 contemptu
1622 3027 1777 3120 Christi;

343 3175 468 3234 tamen
490 3185 567 3235 non
587 3156 807 3234 recordatur
821 3156 927 3262 quod
941 3157 1016 3234 hoc
1030 3156 1103 3234 sibi
1120 3157 1254 3234 dixerit
1274 3176 1468 3247 oretenus,
1488 3176 1525 3236 et
1544 3159 1618 3237 hoc
1636 3177 1779 3266 preter-

343 3288 461 3378 misit,
482 3306 522 3365 ut
539 3287 673 3378 credit,
691 3288 780 3394 quia
794 3306 945 3392 tempus
961 3305 1039 3364 erat
1057 3287 1281 3393 prandendi.

400 3421 651 3524 Interrogatus
679 3417 725 3495 de
753 3417 899 3505 osculo,
927 3417 1021 3494 dixit
1044 3446 1113 3522 per
1134 3418 1392 3524 juramentum
1415 3447 1528 3497 suum
1546 3421 1651 3526 quod
1673 3450 1779 3501 oscu-

343 3549 440 3627 latus
458 3548 533 3626 fuit
552 3549 693 3625 dictum
711 3549 955 3655 recipientem
977 3548 1024 3626 de
1043 3548 1221 3626 mandato
1242 3549 1359 3656 ipsius
1381 3550 1421 3627 in
1441 3549 1516 3629 fine
1542 3550 1648 3659 spine
1676 3554 1776 3631 dorsi

344 3697 381 3758 et
403 3683 442 3758 iu
467 3709 545 3759 ore.
571 3679 673 3757 Dixit
698 3680 815 3757 eciam
839 3709 908 3785 per
929 3680 1186 3786 juramentum
1207 3708 1320 3758 suum
1346 3680 1452 3788 quod
1474 3682 1577 3760 idem
1601 3682 1777 3792 Magister

341 3813 510 3920 precepit
535 3831 570 3890 et
596 3810 762 3888 inhibuit
787 3809 860 3888 sibi
885 3811 992 3917 quod
1021 3811 1177 3890 omnino
1205 3811 1409 3890 abstineret
1433 3840 1455 3890 a
1478 3813 1718 3906 mulieribus,
1740 3834 1777 3893 et

341 3946 447 4054 quod
464 3973 542 4022 non
563 3944 766 4053 denegaret
780 3940 956 4019 fratribus
973 3941 1061 4020 dicti
1086 3943 1231 4021 ordinis
1245 3942 1390 4050 aliquid
1410 3943 1578 4053 quod-ab
1598 3972 1644 4022 eo
1662 3974 1776 4052 super

340 4077 413 4157 hoc
446 4093 629 4185 peterent.
657 4073 764 4151 Unde
796 4073 888 4151 dixit
916 4101 985 4179 per
1009 4074 1266 4182 juramentum
1296 4102 1408 4152 suum
1438 4076 1544 4183 quod
1575 4076 1772 4184 contingit,

340 4239 426 4303 cum
450 4206 613 4318 quadam
640 4223 749 4284 nocte
779 4206 896 4283 exiret
922 4205 969 4284 de
994 4235 1141 4285 camera
1167 4206 1257 4284 dicti
1281 4206 1447 4314 Magistri
1476 4206 1631 4314 quidam
1660 4207 1775 4287 frater

341 4342 429 4422 dicti
450 4341 594 4419 ordinis
613 4339 796 4446 Yspanus,
814 4336 879 4444 qui
905 4336 1105 4416 vocabatur
1117 4339 1298 4417 Martinus
1312 4337 1479 4432 Martini,
1503 4338 1646 4418 vocavit
1665 4368 1770 4430 eum,

341 4490 379 4551 et
393 4474 534 4553 abusus
548 4472 621 4550 suit
633 4498 678 4549 eo
694 4468 906 4562 carnaliter,
924 4487 967 4580 et
978 4470 1051 4548 hoc
1070 4468 1234 4548 nonfuit
1253 4468 1324 4547 sibi
1345 4498 1458 4548 ausus
1472 4469 1676 4580 denegare,
1691 4500 1773 4579 pro·

339 4622 423 4711 pter
440 4622 658 4712 preceptum
673 4603 777 4711 quod
796 4600 867 4680 sibi
887 4599 1026 4680 fecerat
1044 4602 1166 4680 dictus
1185 4601 1373 4709 Magister.

397 4737 613 4844 Requisitus
632 4763 700 4842 per
714 4735 974 4842 juramentum
993 4763 1105 4812 suum
1126 4751 1256 4812 utrum
1269 4734 1322 4829 vi,
1344 4733 1402 4812 vel
1422 4751 1546 4827 metu,
1568 4752 1633 4813 aut
1647 4733 1771 4842 aliqua

340 4869 409 4948 alia
426 4867 474 4946 de
486 4866 822 4958 causa,salsitatem
837 4865 1007 4956 dixisset,
1029 4883 1095 4945 aut
1108 4866 1283 4946 tacuisset
1302 4867 1494 4947 teutatem
1514 4867 1554 4947 in
1574 4896 1641 4948 sua
1656 4865 1771 4974 depo-
