4236 5948
737 534 933 647 procus
960 553 1055 625 ons
1082 553 1382 629 raurxrnas.
1698 551 1771 627 aar

343 724 485 774 annum
512 721 599 771 vero
628 693 772 800 possint
802 696 848 771 ad
877 695 992 784 aliam⁴
1015 693 1235 801 religionem
1262 694 1518 802 approbatam,
1551 694 1774 772 strictiorem

342 847 485 916 tamen,
507 824 657 933 propria
677 824 864 903 voluntate
880 826 1035 919 transire
1050 825 1190 931 absque
1205 825 1361 903 licencia
1381 825 1536 902 rectoris
1550 824 1670 931 prime
1687 826 1775 903 reli-

341 958 487 1067 gionisi’
508 956 601 1033 dixit
615 954 723 1063 quod
744 958 860 1034 sancti
878 975 1003 1064 patres
1026 955 1241 1034 fundatores
1267 956 1410 1034 ordinis
1433 955 1522 1032 dicti
1547 955 1699 1064 Templi
1723 957 1775 1033 sic

342 1105 565 1180 statuerunt,
584 1088 688 1164 etita
705 1089 882 1194 scriptum
902 1104 971 1179 est,
987 1104 1030 1164 ut
1045 1086 1153 1176 dixit,
1176 1088 1214 1164 iu
1232 1088 1330 1165 libro
1348 1104 1572 1164 statutorum
1592 1103 1629 1163 et
1643 1087 1773 1194 regule

344 1220 485 1298 ordinis
506 1219 720 1325 supradicti.
768 1210 771 1215 ’

399 1350 457 1428 Ad
471 1377 563 1428 xxxv
583 1348 786 1427 articulum
804 1350 1051 1456 respondens,
1075 1349 1166 1425 dixit
1184 1377 1268 1425 vera
1291 1377 1369 1426 esse
1389 1366 1559 1426 contenta
1579 1349 1619 1424 in
1640 1375 1698 1425 eo.
1715 1349 1774 1424 In-

342 1499 549 1590 terrogatus
565 1479 612 1558 de
631 1479 836 1568 sentencia,
857 1478 1053 1587 respondit
1068 1496 1106 1556 et
1124 1480 1314 1556 racionem
1333 1480 1491 1585 assignat
1506 1479 1636 1586 quein
1650 1478 1773 1584 regula

342 1613 567 1690 continetur.
743 1699 750 1709 ,

400 1743 458 1820 Ad
485 1769 591 1822 xxxvi
623 1760 659 1819 et
690 1740 1013 1825 xxxvii-articulos
1041 1740 1219 1825 inclusive
1247 1741 1495 1846 interrogatus
1526 1741 1771 1848 respondens,

344 1873 534 1953 consessus
553 1891 609 1965 est
630 1887 803 1959 contenta
821 1872 860 1947 in
877 1871 933 1964 eis
943 1899 1029 1948 vera
1043 1899 1140 1961 esse,
1165 1888 1202 1947 et
1215 1869 1382 1977 predicta
1400 1870 1452 1947 sic
1471 1870 1566 1979 vidit
1585 1872 1632 1948 de
1650 1871 1773 1978 seipso

343 2003 425 2082 lieri
445 2003 544 2081 etde
564 2004 790 2112 quibusdam
812 2002 894 2080 aliis
915 1999 1113 2080 observari
1374 2012 1411 2101 'le

400 2135 457 2212 Ad
473 2162 606 2215 xxxvur
622 2134 823 2213 articulum
842 2133 1091 2241 respondeus,
1107 2131 1199 2210 dixit
1214 2162 1253 2210 se
1273 2132 1524 2231 nonoredere
1540 2132 1644 2240 quod
1658 2131 1774 2238 aliquo

344 2267 492 2343 sinistra
521 2265 682 2370 suspicio
719 2293 789 2370 pro
822 2264 919 2341 dicta
945 2263 1176 2342 clandestina
1206 2263 1425 2370 recepcione
1457 2262 1615 2342 lratmm
1645 2264 1775 2385 hgberi

343 2394 479 2472 debeat
493 2422 514 2470 a
528 2420 768 2501 quocumque
783 2392 1074 2484 bonohomine,
1092 2422 1177 2470 cum
1189 2452 1311 2470 .....
1335 2392 1389 2471 nil
1405 2392 1495 2470 mali
1510 2392 1591 2483 fiat,
1609 2411 1652 2471 ut
1666 2391 1772 2484 dixit,

343 2527 430 2605 etsi
451 2525 548 2603 forte
569 2524 797 2603 contrarium
828 2524 1073 2631 suspicentur,
1103 2524 1222 2601 credit
1250 2552 1316 2601 eos
1339 2551 1509 2628 peccare,
1537 2541 1579 2610 et¹
1592 2526 1776 2603 Dominus

342 2675 466 2764 parcat
487 2654 599 2766 pul}

399 2788 456 2867 Ad
472 2814 579 2869 xxxix
600 2786 797 2866 articulum
817 2785 1065 2893 respondens,
1089 2785 1181 2864 dixit
1196 2802 1238 2864 ut
1251 2786 1290 2861 in
1301 2785 1470 2892 proximo
1486 2785 1646 2895 arti[culo
1659 2816 1776 2890 prece-

343 2920 465 3029 deo]ti.

398 3051 458 3128 Ad
471 3051 625 3131 xl-xlv
639 3047 814 3128 articulos
832 3048 1011 3128 inclusive
1031 3040 1257 3159 respondens,
1273 3048 1381 3139 dixit,
1397 3049 1545 3155 negavit
1559 3077 1623 3127 eos
1642 3067 1681 3127 et
1695 3078 1776 3128 om-

341 3183 402 3261 nia
414 3200 452 3261 et
462 3183 605 3290 singula
621 3199 796 3293 contenta
805 3181 850 3258 in
863 3182 928 3259 eis.
940 3179 1194 3288 interrogatus
1204 3208 1281 3288 quo
1290 3179 1404 3259 modo
1417 3179 1486 3257 scit
1496 3181 1600 3288 quod
1609 3182 1775 3289 predicta

342 3315 382 3392 in
397 3312 561 3411 articulis
577 3312 754 3420 predictis
772 3294 944 3391 contenta
957 3328 1104 3388 careant
1120 3311 1290 3400 veritate,
1312 3328 1355 3388 ut
1371 3311 1483 3401 dixit,
1504 3311 1699 3419 respondit
1717 3340 1773 3403 se,

342 3472 429 3525 cum
451 3436 503 3522 'sit
525 3444 571 3521 de
593 3443 694 3522 dicto
715 3443 868 3532 ordine,
888 3471 1075 3550 nusquam
1096 3438 1160 3520 illa
1184 3460 1363 3549 patrasse,
1385 3470 1455 3520 uec
1475 3441 1523 3520 ad
1543 3471 1585 3519 ea
1606 3443 1777 3522 commit-

341 3575 455 3652 tenda
470 3591 641 3680 rogatum
661 3574 720 3651 vel
740 3591 909 3652 vocatum
929 3573 1046 3652 fuisse
1067 3602 1136 3681 per
1155 3573 1320 3680 aliquem
1340 3572 1388 3651 de
1410 3572 1511 3651 dicto
1535 3573 1687 3664 ordine,
1706 3602 1776 3651 nec

340 3704 436 3780 vidit
451 3733 521 3780 nec
540 3702 681 3780 audivit
696 3731 767 3788 nec
785 3704 891 3781 scivit
910 3733 1139 3811 quemquam
1157 3704 1281 3811 aliqua
1294 3704 1416 3782 facere
1437 3705 1484 3780 de
1499 3703 1689 3809 predictis.

399 3833 457 3911 Ad
485 3833 677 3914 xlvx-lxx
709 3835 884 3913 articulos
912 3835 1091 3913 inclusive
1118 3836 1367 3944 interrogatus
1400 3835 1648 3941 respondeus,
1684 3835 1777 3912 dixit

343 3982 516 4045 contenta
536 3964 663 4044 omnia
681 3982 719 4044 et
739 3965 882 4073 singula
904 3965 943 4042 in
964 3967 1017 4045 eis
1031 3994 1108 4044 nou
1128 3995 1208 4044 esse
1229 3995 1332 4055 vera,
1353 3995 1422 4043 nec
1441 3994 1480 4043 se
1501 3966 1595 4043 scire
1611 3994 1679 4042 nec
1697 3994 1777 4042 cre-

344 4097 434 4174 dere
452 4125 536 4174 vera
556 4125 653 4186 esse,
675 4096 775 4174 salvo
800 4097 905 4204 quod
925 4096 1117 4175 confessus
1144 4114 1200 4175 est
1219 4097 1326 4204 quod
1345 4095 1591 4174 incontinenti
1613 4112 1699 4202 post
1715 4125 1777 4173 re-

343 4228 559 4336 cepcionem
579 4227 735 4305 fratrum
754 4228 845 4305 dicti
859 4228 1019 4313 ordinis,
1037 4229 1107 4336 ipsi
1124 4229 1264 4333 recepti
1284 4229 1325 4305 in
1343 4228 1475 4306 fratres
1494 4227 1682 4335 recipiunt
1694 4227 1779 4334 qui-

343 4355 438 4439 libet
455 4388 575 4439 uuum
594 4359 787 4465 cingulum
808 4360 855 4438 de
871 4359 938 4438 [ilo
957 4359 1059 4437 lineo
1070 4359 1129 4437 vel
1146 4361 1194 4437 de
1210 4347 1310 4451 lana,
1326 4361 1421 4460 sicut
1440 4359 1557 4466 magis
1572 4358 1626 4435 eis
1639 4357 1773 4463 placet,

344 4507 381 4567 et
401 4491 483 4599 ejus
491 4490 750 4601 mitudinis
765 4520 877 4598 quam
890 4490 1037 4582 volunt,
1058 4509 1096 4570 et
1105 4507 1288 4598 perpetuo
1298 4491 1392 4569 dum
1408 4492 1535 4568 viumt
1544 4507 1695 4598 portant
1706 4490 1778 4567 ciu-

341 4620 429 4728 gula
443 4620 519 4699 sive
530 4621 703 4700 cordulae
718 4623 780 4700 die
795 4638 998 4730 nocteque,
1011 4640 1050 4700 et
1061 4623 1151 4730 ipsis
1165 4621 1323 4728 cingulis
1334 4623 1553 4732 cinguntur;
1564 4649 1642 4698 non
1651 4638 1777 4699 tamen

342 4753 453 4860 ydola
466 4753 666 4860 cinguntur
678 4752 736 4831 vel
751 4762 952 4861 tanguntur
961 4783 1048 4831 cum
1065 4756 1136 4847 eis,
1147 4753 1290 4832 addens
1301 4754 1408 4860 quod
1422 4752 1505 4836 illas
1519 4750 1693 4832 cordulas
1704 4751 1778 4828 sive

343 4884 487 4992 cingula
507 4902 658 4992 portant
677 4885 717 4963 in
736 4884 887 4994 siguum
908 4886 1094 4966 castitatis.
