4236 5948
346 580 418 654 aaa
456 558 460 566 ’
731 559 925 652 rancus
951 576 1047 649 nas
1076 575 1373 648 reuertens.

344 720 541 823 prestitum
559 747 578 793 a
597 718 773 824 receptis,
795 718 900 824 quod
919 733 1100 822 perpetuo
1114 734 1254 793 secrete
1268 734 1421 793 teneant
1438 719 1564 793 omnia
1580 747 1656 822 que
1672 720 1763 796 fiant

346 850 383 924 in
405 849 576 955 capitulis
598 850 836 937 eorumdem,
859 846 965 923 aliter
985 864 1094 954 negat
1112 847 1323 953 predictum
1343 846 1554 924 articulum.

400 980 456 1055 Ad
469 980 527 1056 lxx
544 978 742 1056 articulum
758 978 1007 1085 respondem,
1024 978 1169 1082 negavit
1185 1007 1272 1055 eum
1290 976 1519 1082 simpliciter,
1531 997 1645 1083 prout
1650 979 1762 1086 jacet.

398 1108 457 1184 Ad
468 1109 540 1185 lxxx
554 1109 753 1186 articulum
770 1107 1017 1214 respondens,
1034 1108 1126 1185 dixit
1138 1110 1241 1212 quod
1256 1137 1342 1185 cum
1357 1110 1593 1213 recepciones
1607 1108 1763 1187 fratrum

345 1241 440 1315 liunt
460 1241 498 1314 in
516 1238 684 1343 capitulis
699 1239 790 1316 dicti
805 1239 971 1344 Templi,
990 1237 1199 1345 injungitur
1214 1239 1267 1315 eis
1286 1238 1352 1345 qui
1373 1239 1510 1344 recepti
1531 1257 1621 1316 sunt
1634 1256 1764 1319 utom·

343 1372 402 1445 nia
419 1387 457 1446 et
476 1368 710 1476 singulaque
731 1370 770 1444 in
784 1369 954 1475 capitulis
974 1385 1053 1445 acta
1067 1384 1155 1445 sunt
1174 1386 1212 1444 et
1231 1369 1375 1474 agenda
1392 1387 1532 1447 secreta
1551 1386 1715 1447 teneant.

399 1499 456 1575 Ad
476 1500 562 1577 lxxxx
583 1499 784 1577 articulum
804 1500 1050 1604 respondens,
1074 1498 1166 1574 dixit
1186 1528 1314 1575 verum
1336 1527 1415 1575 esse
1435 1500 1538 1605 quod
1558 1502 1763 1606 precipitur

344 1631 516 1706 fratribus
538 1630 775 1736 presentibus
795 1630 833 1704 in
853 1630 941 1735 ipsis
960 1626 1129 1733 capitulis
1148 1629 1252 1734 quod
1275 1658 1351 1706 non
1372 1631 1534 1707 audeant
1556 1631 1661 1736 loqui
1682 1631 1763 1710 aliis

342 1760 517 1837 fratribus
535 1759 706 1866 ejusdem
727 1760 888 1849 ordinis,
906 1760 977 1836 nisi
997 1777 1122 1835 tamen
1141 1758 1214 1837 illis
1233 1759 1409 1837 fratribus
1423 1760 1487 1866 qui
1506 1761 1544 1836 in
1563 1761 1653 1865 ipsis
1668 1764 1762 1867 capi-

342 1892 431 1967 tulis
447 1891 648 1967 affuerunt.
666 1893 746 1996 lpse
763 1909 887 1967 tamen
904 1888 1018 1967 frater
1031 1889 1319 1967 bartholomeus
1330 1892 1397 1995 qui
1410 1891 1480 1967 bec
1492 1889 1661 1995 loquitur
1672 1921 1762 1968 nus·

341 2050 454 2126 quam
473 2019 560 2110 fuit,
583 2040 625 2097 ut
645 2021 753 2108 dixit,
781 2021 820 2095 in
841 2020 1030 2125 aliquibus
1050 2020 1221 2124 capitulis
1240 2021 1312 2097 nisi
1332 2021 1371 2096 in
1393 2022 1490 2097 dicta
1508 2023 1623 2098 domo
1643 2024 1761 2100 Mansi

340 2152 409 2226 Dei
433 2151 592 2227 diocesis
613 2151 799 2240 Elnensis,
822 2169 861 2226 et
880 2150 983 2227 idem
1004 2150 1123 2227 credit
1143 2149 1225 2226 fieri
1246 2168 1284 2227 et
1300 2152 1434 2230 servari
1455 2151 1493 2226 in
1513 2153 1646 2228 ceteris
1666 2155 1763 2259 capi·

342 2280 432 2356 tulis
448 2281 537 2355 dicti
558 2281 718 2385 Templi.

399 2410 455 2484 Ad
466 2410 564 2487 lxxux
576 2411 773 2487 articulum
785 2411 1033 2515 respondens,
1054 2429 1163 2516 negat
1176 2413 1298 2518 ipsum
1311 2411 1526 2499 articulum,
1541 2413 1637 2489 sicut
1646 2415 1759 2518 jacet,

342 2540 506 2617 adiciens
523 2569 561 2616 se
583 2569 776 2645 nunquam
792 2540 926 2616 vidisse
943 2540 1017 2617 dici
1033 2541 1088 2616 vel
1110 2541 1191 2617 fieri
1212 2559 1387 2619 contenta
1405 2543 1443 2617 in
1464 2570 1520 2618 eo.

398 2670 454 2744 Ad
475 2669 589 2747 lxxuu
604 2671 802 2747 articulum
822 2670 1071 2776 respondens,
1095 2672 1186 2748 dixit
1204 2731 1325 2748 .....
1335 2701 1394 2762 re,
1416 2689 1453 2747 et
1468 2674 1521 2747 sic
1533 2689 1633 2749 retro
1648 2673 1760 2749 luisse

341 2818 525 2876 servatum
546 2803 643 2877 inter
662 2800 792 2877 fratres
812 2801 902 2877 dicti
921 2801 1081 2889 ordinis,
1107 2801 1211 2906 quod
1235 2803 1576 2907 quocienscumque
1596 2802 1760 2907 aliquem

342 2929 399 3005 vel
411 2931 555 3036 aliquos
564 2931 717 3007 fratrum
732 2989 852 3005 .....
878 2930 1065 3034 contingat
1084 2930 1178 3007 velle
1191 2931 1360 3008 confiteri
1381 2950 1621 3035 peccatasua,
1641 2933 1763 3038 injun-

341 3060 441 3163 gitur
462 3061 513 3135 eis
534 3078 576 3136 ut
595 3059 699 3136 fratri
721 3059 910 3165 capellano
935 3058 1103 3165 ejusdem
1125 3061 1268 3137 ordinis
1287 3090 1401 3165 quem
1422 3058 1482 3167 [iu]
1504 3081 1683 3167 promptu
1704 3066 1762 3139 ha·

341 3188 431 3265 bere
451 3207 609 3294 possunt
626 3219 694 3266 sua
711 3189 955 3266 confiteantur
975 3207 1140 3295 peccata3
1163 3190 1315 3294 quando
1337 3219 1424 3267 vero
1445 3192 1534 3267 dicti
1559 3192 1682 3268 fratris
1705 3222 1762 3268 ca-

342 3317 476 3420 pellani
508 3347 576 3422 pro
607 3320 766 3424 peccatis
797 3319 960 3424 [ipsorum
991 3318 1221 3425 coullitendis
1252 3322 1481 3427 presenciam
1516 3321 1655 3397 habere
1688 3352 1761 3399 nou

342 3464 514 3550 possunt,
538 3450 647 3523 datur
670 3449 723 3524 eis
751 3447 905 3524 facultas
931 3447 1047 3524 libera
1072 3449 1232 3524 adeundi
1255 3448 1385 3526 fratres
1404 3451 1568 3527 Minores
1589 3451 1656 3557 [vel
1674 3454 1759 3529 Pre-

343 3575 553 3679 dicotlores‚
571 3577 627 3652 vel
645 3579 681 3650 in
697 3606 830 3654 eorum
849 3577 1009 3655 deffectu
1021 3579 1271 3684 presbiterum
1287 3579 1492 3656 secularem
1509 3581 1680 3685 ejusdem
1693 3582 1756 3657 dio

343 3706 452 3792 cesis,
474 3707 534 3781 cui
551 3706 609 3782 vel
627 3706 765 3810 quibus
785 3736 851 3784 sua
871 3725 1017 3812 peccata
1033 3708 1177 3786 valeant
1199 3710 1407 3786 confiteri..
1429 3770 1435 3784 .
1456 3770 1463 3783 .
1485 3769 1493 3785 .
1519 3711 1758 3814 penitentiam

344 3837 509 3941 recipere
528 3835 725 3914 salutarem
742 3855 780 3914 et
799 3838 1003 3943 injunctam
1021 3867 1176 3915 servare.

400 3967 458 4042 Ad
473 3966 556 4045 lxxv
571 3968 771 4044 articulum
786 3970 1030 4073 respondens,
1048 3968 1139 4045 dixit
1152 3997 1190 4046 se
1205 3969 1283 4076 [aon
1294 3968 1438 4074 ui]disse
1455 3998 1522 4047 nec
1535 3970 1679 4045 scivisse
1691 3998 1760 4046 nec

343 4095 527 4174 audivisse
550 4095 700 4174 fratrem
720 4098 776 4173 vel
796 4097 926 4175 fratres
946 4099 1093 4204 Templi
1113 4099 1279 4204 aliquem
1294 4098 1352 4175 vel
1372 4099 1517 4205 aliquos
1543 4126 1691 4175 errores
1713 4100 1760 4175 de

342 4226 481 4331 quibus
500 4228 619 4334 agitur
638 4228 676 4303 in
693 4227 922 4332 preambulis
941 4229 1103 4306 articulis
1120 4231 1360 4307 commisisse.
1382 4232 1619 4335 Quapropter
1642 4228 1760 4334 negli-

343 4356 470 4459 gencia
491 4357 665 4460 imputari
682 4386 757 4433 non
778 4359 902 4462 potuit
922 4387 989 4435 nec
1009 4360 1141 4436 debuit
1160 4361 1295 4465 cuique
1315 4359 1469 4436 fratrum
1489 4359 1578 4443 dicti
1600 4359 1758 4445 ordinis,

343 4488 373 4561 si
394 4488 498 4565 locus
517 4490 735 4566 correctioni
757 4490 923 4595 predicte
938 4517 1013 4567 non
1033 4489 1116 4567 fuit.

399 4617 456 4692 Ad
483 4620 578 4697 lxxvi
599 4619 795 4699 articulum
817 4623 1063 4727 respondens,
1093 4621 1184 4696 dixit
1203 4621 1307 4728 quod
1329 4621 1414 4697 ideo
1441 4649 1515 4697 non
1539 4622 1762 4697 nunciarunt

342 4747 505 4826 Ecclesie
522 4769 644 4827 sancte
666 4752 752 4838 Dei,
774 4752 878 4856 quod
894 4780 962 4828 nec
981 4753 1049 4830 scit
1070 4781 1138 4828 nec
1162 4751 1281 4827 eredit
1303 4751 1450 4857 aliquos
1471 4780 1616 4829 errores
1636 4768 1760 4828 contra

343 4875 457 4957 fidem
475 4881 693 4957 catholicam
711 4880 824 4958 fuisse
840 4883 1058 4959 commissos
1074 4882 1170 4958 inter
1183 4881 1314 4957 fratres
1335 4881 1477 4959 ordinis
1494 4882 1582 4959 dicti
1598 4880 1759 4987 Templi.
