4236 5948
736 528 932 620 procus
958 548 1053 619 ons
1079 549 1376 622 ratramnus.
1696 557 1764 628 aar

349 689 477 776 altare,
494 707 531 764 et
551 687 716 764 ostendit
736 688 804 764 sibi
826 690 1027 795 quamdam
1048 718 1197 766 crucem
1216 692 1488 797 deargentatam
1503 719 1585 766 cum
1598 695 1768 799 ymagine

347 816 506 906 Christi,
526 835 562 894 et
577 819 742 923 precepit
758 818 827 894 sibi
843 818 945 924 quod
962 819 1161 926 abnegaret
1172 821 1326 897 Jhesum
1342 821 1533 897 Christum
1551 837 1587 897 et
1602 850 1767 909 crucem,

348 963 386 1024 et
405 965 557 1053 spueret
577 976 689 1053 super
708 967 783 1036 tcr;
804 965 842 1024 ct
863 949 957 1053 ipse,
986 949 1032 1025 de
1052 968 1227 1056 precepto
1248 950 1477 1055 recipientis,
1507 968 1597 1026 tunc
1615 952 1769 1028 Jhesum

349 1078 541 1156 Christum
563 1078 754 1184 abnegavit
774 1096 842 1165 ter,
861 1097 897 1155 et
915 1080 1016 1185 spuit
1034 1099 1092 1155 ter
1111 1109 1223 1185 super
1239 1081 1448 1186 ymaginem
1470 1098 1506 1155 et
1523 1109 1684 1158 crucem.

403 1211 650 1314 Interrogatus
674 1210 719 1285 de
741 1207 884 1296 osculo,
914 1209 1006 1285 dixit
1027 1239 1093 1313 per
1113 1210 1369 1316 juramentum
1388 1239 1499 1286 suum
1524 1212 1627 1316 quod
1650 1212 1772 1288 dictus

347 1340 531 1444 recipiens
551 1340 718 1446 precepit
737 1341 806 1416 sihi
829 1340 932 1446 quod
958 1340 1096 1415 levaret
1114 1357 1232 1416 vestes
1252 1371 1352 1430 suas,
1377 1359 1414 1416 et
1434 1342 1662 1419 oscularetur
1683 1373 1769 1421 eum

348 1471 388 1546 in
405 1470 571 1545 inleriori
586 1487 688 1575 parte
703 1473 809 1575 spine
828 1471 947 1559 dorsi3
966 1487 1002 1546 et
1017 1470 1160 1546 ibidem
1176 1471 1359 1547 osculatus
1375 1471 1445 1548 luit
1458 1501 1561 1560 eum,
1584 1490 1621 1549 et
1639 1492 1769 1577 postea

348 1600 387 1677 in
407 1599 586 1677 umbilico
601 1619 639 1678 et
656 1601 692 1676 in
710 1630 786 1677 ore.

402 1732 502 1807 Dixit
522 1732 638 1808 eciam
659 1760 725 1836 per
741 1732 996 1838 juramentum
1013 1760 1122 1807 suum
1143 1734 1247 1838 quod
1263 1734 1474 1839 injunctum
1494 1732 1565 1809 suit
1579 1734 1649 1809 sihi
1665 1737 1770 1840 quod

348 1863 501 1938 omnino
522 1861 722 1939 abstineret
742 1892 762 1937 a
783 1862 1027 1949 mulieribus3
1047 1880 1083 1936 et
1098 1863 1127 1937 si
1150 1891 1233 1937 caro
1253 1881 1403 1969 urgeret
1423 1893 1525 1951 eum,
1549 1865 1653 1970 quod
1674 1894 1771 1940 com-

347 1992 519 2067 misceret
532 2020 571 2068 se
593 1991 786 2068 carnaliter
802 2022 886 2068 cum
905 1991 984 2067 aliis
999 1990 1172 2068 tratribus
1194 1992 1282 2069 dicti
1300 1993 1457 2080 ordinis,
1480 2011 1516 2069 et
1532 1993 1621 2068 alios
1641 1994 1771 2070 fratres

346 2122 557 2199 admitteret
578 2123 624 2197 ad
650 2122 769 2213 idem,
791 2124 820 2198 si
842 2141 939 2200 esset
961 2123 1174 2229 requisitus.
1196 2124 1443 2229 Interrogatus
1464 2124 1493 2198 si
1516 2122 1659 2228 aliquos
1679 2125 1771 2200 vidit

241 2358 247 2369 ἱ
345 2253 477 2357 recipi,
492 2251 583 2327 dixit
599 2252 702 2358 quod
718 2254 770 2328 sic
784 2253 879 2328 duos
893 2252 1113 2360 :quemdam
1128 2253 1222 2329 vidit
1237 2270 1408 2330 vocatum
1418 2251 1566 2328 fratrem
1582 2251 1767 2328 Thomam

348 2382 394 2458 de
414 2385 679 2489 Roquencourt
702 2412 769 2487 per
789 2382 940 2458 lratrcm
964 2382 1176 2460 Gerardum
1201 2384 1247 2459 de
1272 2383 1466 2460 Sauchons
1486 2383 1680 2459 custodem
1701 2383 1769 2458 do·

345 2541 429 2589 mus
451 2512 496 2588 de
519 2514 712 2603 Fontanis3
736 2532 772 2589 ct
793 2514 996 2620 quemdam
1017 2512 1133 2588 alium
1152 2531 1322 2589 vocatum
1340 2515 1491 2588 Petrum
1518 2514 1564 2587 do
1592 2512 1768 2587 Fontanis

344 2671 412 2749 per
428 2644 569 2720 dictum
595 2643 746 2720 sratrcm
765 2645 975 2720 lohanncm
1001 2644 1047 2720 de
1068 2646 1200 2721 Turno
1221 2643 1537 2721 elemosinarium.
1556 2643 1768 2747 Requisitus

343 2790 470 2849 utrum
488 2773 626 2850 luerint
643 2774 781 2880 recepti
796 2802 863 2879 per
878 2774 983 2850 illum
1002 2774 1175 2863 modum,
1195 2773 1286 2849 dixit
1300 2802 1366 2877 per
1381 2774 1639 2878 juramentum
1656 2802 1766 2848 suum

344 2904 465 3010 quod,
492 2923 689 3009 postquam
719 2905 927 2982 habuerant
952 2905 1130 2981 mantella
1150 2905 1196 2981 ad
1217 2902 1376 2991 collum,
1394 2901 1546 2979 suerunt
1572 2903 1671 2978 ducti
1700 2931 1767 3006 per

221 3086 224 3091 »
344 3052 576 3141 receptorem
593 3052 693 3113 retro
714 3036 859 3126 altaria,
878 3055 915 3112 et
930 3035 980 3111 ibi
995 3035 1156 3122 stabant,
1175 3053 1211 3110 et
1225 3035 1312 3110 ideo
1324 3034 1440 3111 nescit
1456 3033 1550 3139 quid
1564 3031 1763 3119 faciebant3

345 3165 464 3241 credit
476 3183 599 3242 tamen
611 3167 715 3273 quod
729 3168 797 3272 ipsi
818 3184 854 3243 et
874 3195 1004 3244 onmes
1022 3165 1085 3242 alii
1101 3166 1376 3272 recipiebantur
1391 3193 1457 3270 per
1472 3164 1578 3239 illum
1593 3163 1762 3239 modum.

343 3296 557 3402 Requisitus
575 3315 703 3374 utrum
725 3298 775 3389 vi,
793 3298 850 3374 vol
864 3314 967 3374 metu
988 3298 1142 3373 carceris
1161 3325 1228 3373 seu
1243 3313 1534 3384 tormentorum,
1552 3313 1615 3371 aut
1633 3293 1702 3370 alia
1719 3295 1765 3368 dc

344 3454 467 3514 causa,
489 3427 649 3533 aliquam
671 3427 805 3504 dixerit
818 3428 1013 3504 salsitatem
1029 3427 1085 3504 vel
1102 3427 1347 3506 immiscuerit
1367 3427 1405 3501 in
1426 3425 1665 3530 deposicione
1681 3453 1764 3510 sua,

344 3556 435 3633 dixit
450 3586 516 3662 per
530 3558 785 3661 juramentum
806 3588 916 3635 suum
938 3558 1040 3664 quod
1061 3588 1152 3648 non3
1173 3561 1289 3634 immo
1308 3586 1439 3662 puram
1456 3574 1492 3631 et
1508 3585 1648 3633 meram
1671 3555 1768 3630 dixe·

342 3704 398 3762 rat
414 3685 618 3760 veritatem.

399 3950 493 4024 ltem
509 3946 621 4023 frater
633 3947 773 4053 Synron
788 3947 986 4024 Christiani
1007 3949 1239 4053 dispensator
1258 3950 1394 4026 domus
1405 3949 1451 4024 de
1464 3950 1643 4033 Pruvino,
1660 3949 1766 4021 etatis

343 4105 389 4154 xx
409 4105 592 4153 annorum
614 4076 669 4152 vel
691 4077 801 4164 circa,
821 4078 966 4185 juratus
986 4078 1120 4154 eodem
1150 4080 1266 4155 modo
1292 4078 1338 4154 de
1359 4106 1398 4154 se
1425 4095 1461 4152 et
1481 4077 1561 4152 aliis
1592 4078 1631 4150 in
1657 4104 1762 4150 causa

343 4205 433 4282 fidei
455 4207 578 4282 dicere
591 4207 800 4294 veritatem,
823 4225 860 4283 et
875 4207 1122 4315 interrogatus
1141 4207 1187 4284 de
1199 4226 1370 4314 tempore
1389 4225 1424 4282 et
1442 4205 1556 4283 modo
1577 4234 1642 4282 sue
1664 4233 1764 4280 rece·

341 4337 499 4442 pcionis,
519 4336 609 4412 dixit
628 4366 694 4442 per
709 4338 968 4441 juramentum
985 4367 1095 4415 suum
1112 4338 1216 4445 quod
1233 4340 1308 4414 duo
1325 4339 1412 4415 anni
1424 4354 1533 4415 erunt
1548 4338 1587 4412 in
1603 4337 1763 4412 crastino

342 4468 509 4544 instantis
538 4467 620 4545 festi
653 4469 948 4546 Resurrectionis
979 4469 1128 4547 Domini
1155 4470 1260 4574 quod
1288 4469 1358 4545 luit
1385 4484 1557 4575 receptus
1584 4469 1620 4542 in
1651 4466 1762 4541 domo

342 4598 479 4675 Montis
495 4599 786 4686 Suessionensis‚
804 4627 872 4705 per
884 4600 1034 4677 fratrem
1050 4600 1262 4678 Gerardum
1280 4600 1325 4677 de
1341 4598 1556 4689 Villaribus‚
1574 4598 1758 4702 presenti-

341 4727 412 4805 hus
425 4729 651 4834 quibusdam
672 4728 846 4806 fratribus
866 4759 960 4837 quos
975 4759 1049 4809 non
1069 4750 1235 4819 noverat,
1253 4732 1340 4837 quia
1357 4730 1444 4806 alias
1460 4730 1558 4834 ipsos
1569 4756 1645 4805 non
1662 4727 1765 4805 vide·
1880 4785 1881 4788 ,

342 4874 409 4934 rat.
421 4860 466 4934 Et
474 4859 596 4934 statim
612 4858 717 4964 quod
730 4858 801 4936 luit
814 4859 989 4939 inductus
1006 4878 1042 4938 et
1055 4878 1243 4967 receptus,
1256 4860 1325 4937 fuit
1342 4859 1476 4938 ductus
1492 4857 1580 4935 alibi
1597 4874 1697 4934 extra
1708 4855 1760 4930 di·
