4236 5948
354 522 429 592 272
739 504 938 617 rancus
969 524 1063 595 nus
1095 524 1396 598 inuramus

354 661 551 738 examinati
582 678 708 739 contra
738 664 910 740 ordinem
939 691 1014 740 non
1046 663 1219 753 bierunt,
1244 667 1471 773 recepimus,
1499 681 1537 742 et
1557 665 1776 770 juramento

352 793 507 897 prestito
545 821 611 898 per
644 793 796 870 eosdem
834 823 945 899 supra
990 793 1156 872 articulis
1192 796 1231 872 in
1268 795 1533 875 commissione
1565 797 1774 883 contentis,

353 952 485 999 ornnes
510 922 622 999 simul
650 924 802 1029 quando
828 926 956 1002 adesse
981 926 1192 1030 potuimus,
1220 943 1258 1002 et
1281 926 1433 1034 prelatis
1464 925 1658 1004 nobilibus
1687 928 1776 1007 Nar·

351 1054 508 1132 bonensi
530 1055 806 1161 archiepiscopo
832 1073 870 1132 et
893 1056 1087 1161 Bajocensi
1108 1057 1282 1163 episcopo
1312 1088 1380 1164 pro
1401 1057 1566 1164 negociis
1580 1057 1693 1164 regiis
1706 1056 1775 1135 ali-

352 1184 503 1290 qnando
534 1211 576 1260 es
603 1185 821 1262 necessitate
852 1185 1088 1272 absentibus,
1119 1186 1288 1295 legitime
1320 1205 1448 1265 tamen
1477 1187 1675 1275 excusatis,
1703 1214 1774 1269 nos

350 1315 580 1391 Mimatensis
616 1333 652 1390 et
687 1316 963 1393 Lemovicensis
998 1317 1178 1422 episcopi,
1218 1319 1387 1395 notarius
1419 1337 1457 1395 et
1488 1318 1775 1397 archidiaconus

349 1444 595 1521 Tridentinus
617 1444 792 1550 predicti,
811 1446 1101 1522 examinavimus
1121 1447 1340 1554 diligenter,
1363 1449 1533 1555 quinque
1556 1446 1774 1525 tabellioni-

348 1572 421 1651 bus
439 1572 597 1678 publicis
618 1591 655 1649 et
679 1574 869 1651 interdum
894 1574 1067 1679 pluribus
1083 1576 1120 1651 in
1148 1576 1246 1653 dicta
1271 1578 1548 1654 examinacione
1570 1579 1668 1655 etin
1690 1595 1772 1656 toto

348 1731 523 1808 processu
540 1703 793 1806 presentibus,
815 1733 882 1809 per
901 1733 998 1810 qnos
1024 1705 1168 1782 dictum
1188 1734 1403 1812 processum
1424 1708 1602 1814 grossari,
1632 1707 1672 1783 in
1694 1707 1772 1785 lor-

348 1862 448 1910 mam
464 1831 654 1939 publicam
675 1833 795 1941 redigi
824 1851 861 1909 et
890 1862 1024 1911 eorum
1042 1836 1158 1943 signis
1183 1836 1320 1943 signari
1347 1836 1515 1914 lecimus.
1537 1839 1663 1942 Ipsum
1678 1864 1773 1943 qno-

348 1980 422 2063 que
448 1991 662 2068 processum
690 1991 756 2069 per
779 1963 875 2041 duos
903 1993 946 2040 ex
975 1964 1090 2041 dictis
1117 1964 1401 2056 tabellionibus,
1426 1984 1464 2043 et
1486 1996 1553 2071 per
1581 1965 1771 2048 nnumin

348 2091 497 2194 papiro,
520 2093 591 2170 snb
610 2094 745 2171 eodem
765 2113 896 2172 tenore
918 2112 955 2170 et
983 2094 1186 2173 collacione
1207 2096 1378 2204 diligenti
1397 2096 1546 2182 habita,
1568 2096 1770 2198 scriptum,

347 2223 532 2299 sanctitati
558 2239 677 2299 vestre
706 2226 777 2301 snb
803 2226 938 2302 nostris
966 2225 1232 2301 interclussum
1259 2226 1413 2332 sigillis,
1451 2223 1575 2329 sigillo
1600 2223 1675 2299 mei
1698 2225 1769 2302 Ba·

342 2351 505 2455 jocensis
537 2353 701 2457 episcopi
734 2353 800 2458 qui
822 2351 944 2429 babeo
972 2353 1020 2428 ad
1046 2380 1170 2428 meam
1200 2352 1325 2428 redire
1363 2352 1563 2440 diocesim,
1596 2368 1767 2456 excepto,

347 2482 522 2560 duximus
543 2512 611 2588 per
637 2483 817 2560 discretos
843 2483 940 2559 viros
965 2483 1161 2589 magistros
1191 2482 1421 2560 Cbatardum
1442 2482 1489 2558 de
1514 2483 1640 2557 Panna
1659 2481 1768 2565 Varia

346 2613 563 2689 canonicum
583 2614 708 2692 Sancti
719 2614 870 2689 lnniani
888 2612 1047 2689 diocesis
1063 2612 1355 2699 Lemovicensis‚
1369 2628 1407 2688 ct
1420 2614 1575 2688 Petrum
1594 2610 1640 2688 de
1651 2609 1768 2688 Aure·

344 2873 660 2978 superabundanti
677 2875 842 2976 cantela,
865 2874 1008 2951 dictum
1027 2901 1259 2979 processum,
1283 2900 1487 2982 perunum
1510 2899 1553 2948 ex
1573 2869 1683 2947 dictis
1710 2886 1766 2946 ta·

343 3002 574 3082 bellionibus
594 3007 633 3082 in
649 3005 808 3084 sormam
828 3004 1017 3111 publicam
1040 3005 1255 3093 redactum,
1273 3004 1524 3119 deposuimus
1539 3001 1578 3076 in
1594 3000 1765 3077 Thesau-

342 3134 439 3209 rario
474 3135 583 3211 beate
621 3137 735 3212 Marie
763 3134 995 3222 Parisiensis‚
1027 3132 1166 3239 absque
1196 3132 1443 3210 beatitudinis
1476 3145 1595 3207 vestre
1630 3127 1766 3213 litteris

341 3263 565 3368 specialibus
584 3265 727 3341 nemini
754 3249 1030 3355 exbibendnm3
1053 3280 1091 3341 et
1114 3263 1385 3341 nichilominus
1405 3290 1473 3338 nos
1490 3257 1762 3345 Narbonensis,

341 3393 587 3492 Mimatensis,
619 3395 907 3478 Lemovicensis,
940 3394 1107 3469 notarius
1131 3376 1173 3468 et
1203 3393 1485 3469 archidiaconus
1518 3387 1765 3466 Tridentinus

342 3522 535 3614 antedicti,
551 3522 803 3600 tabellionum
818 3540 1036 3599 nostrornm
1051 3550 1167 3627 penes
1182 3547 1251 3597 nos
1268 3519 1493 3596 retinuimus
1508 3513 1763 3623 prothocolla,

341 3680 417 3729 nna
440 3682 528 3730 cum
550 3654 652 3730 dicto
672 3681 850 3758 processu
876 3653 1062 3759 deposito,
1085 3653 1259 3729 omnium
1278 3667 1494 3727 nostrornm
1517 3646 1640 3722 clausa
1659 3644 1764 3750 sigil-

342 3781 403 3873 lis,
426 3813 475 3860 ne
495 3799 669 3861 contenta
689 3784 728 3858 in
757 3782 857 3860 dicto
886 3811 1060 3889 processu
1089 3799 1174 3858 ante
1193 3781 1398 3858 sanctitatis
1417 3795 1536 3855 vestre
1555 3774 1765 3853 ordinacio-

341 3942 427 3990 nem
460 3913 605 3990 valeant
637 3913 832 4019 publicari.
864 3914 1069 3991 Conservet
1098 3913 1311 3989 Altissimus
1340 3908 1499 3986 feliciter
1534 3922 1571 3982 et
1604 3905 1762 4011 longeva

340 4044 503 4121 Ecclesia
524 4061 647 4121 sancte
678 4073 745 4121 sne
775 4044 1018 4121 clemenciam
1039 4060 1212 4130 vestram,
1230 4069 1304 4148 que
1332 4039 1504 4117 ecclesias
1525 4035 1634 4114 nobis
1660 4063 1763 4111 corn-

342 4177 471 4254 missas
492 4193 530 4253 et
554 4205 622 4255 nos
647 4205 734 4254 snos
756 4177 796 4251 in
819 4176 900 4282 ejus
923 4176 1100 4281 dignetur
1122 4173 1261 4250 babere
1281 4171 1401 4277 gracia
1420 4167 1643 4275 propensius
1663 4193 1763 4243 com·

343 4291 552 4384 mandatos.
576 4308 720 4414 Scripta
744 4309 783 4383 in
803 4305 956 4383 abbacia
980 4305 1094 4411 regali
1123 4332 1239 4409 propo
1272 4301 1522 4379 Pontisseram
1546 4295 1763 4375 Parisiensis

343 4439 518 4528 diocesis,
547 4468 644 4515 anno
668 4437 822 4515 Domini
847 4437 1049 4514 millesimo
1072 4451 1151 4512 οοοο
1168 4434 1390 4519 undecimo,
1415 4430 1621 4507 indictione
1640 4455 1760 4515 nona,

346 4570 588 4672 pontificatus
601 4570 711 4645 vestri
730 4598 829 4646 anno
844 4586 964 4655 sexto,
984 4568 1045 4644 die
1059 4567 1189 4672 quinta
1206 4564 1346 4642 mensis
1361 4564 1475 4641 lunii.

401 4697 492 4774 dcta
521 4698 676 4774 luerunt
702 4699 771 4776 bec
805 4698 864 4775 die
896 4715 934 4772 et
961 4697 1042 4774 loco
1074 4696 1268 4801 predictis,
1296 4691 1535 4799 presentibus
1570 4686 1689 4765 nobili
1720 4716 1761 4763 ac

344 4829 489 4935 potenti
508 4829 587 4906 viro
609 4830 765 4907 domino
784 4828 960 4908 Gnidone
988 4827 1124 4904 comite
1144 4826 1266 4905 Sancti
1288 4823 1410 4913 Pauli,
1432 4851 1472 4901 ac
1485 4820 1642 4898 domino
1661 4816 1762 4897 Guil-
