4236 5948
360 513 430 583 176
744 488 939 582 Pnocns
964 509 1061 581 nns
1087 508 1387 581 rnuvmnns.

356 679 420 728 eos
447 647 613 728 cordulis
643 648 746 727 unde
774 651 952 730 volebant
981 650 1193 755 assumptis.
1228 652 1361 728 Postea
1387 647 1555 754 precepit
1590 648 1643 725 eis
1669 648 1776 754 quod

355 782 584 888 abnegarent
620 781 743 857 Deum
774 780 831 859 vel
863 782 1020 858 Jhesum
1054 780 1268 869 Christum,
1299 781 1367 857 sed
1401 806 1478 857 non
1503 776 1617 884 plene
1644 775 1779 857 recolit

354 911 459 1019 quod
480 905 611 987 eorum
633 911 829 1016 expressit3
853 928 996 989 etcum
1018 911 1096 1017 ipse
1116 910 1240 999 testis,
1264 910 1328 1015 qui
1349 925 1428 987 erat
1447 907 1644 1015 presbiter,
1665 935 1780 1016 snper

355 1043 427 1118 hoc
453 1056 677 1128 causaretur,
708 1040 801 1117 dixit
826 1041 860 1119 ei
888 1041 992 1148 quod
1020 1042 1091 1118 hoc
1119 1041 1318 1146 oportebat
1344 1069 1432 1117 eum
1455 1038 1604 1131 lacere,
1627 1067 1671 1116 ex
1700 1067 1779 1148 quo

354 1170 577 1276 promiserat
610 1171 788 1262 obedire,
822 1189 860 1248 et
890 1189 969 1248 erat
999 1171 1189 1277 professus
1219 1188 1256 1248 et
1281 1171 1469 1279 juraverat
1498 1169 1671 1247 ordinem
1701 1197 1779 1247 non

354 1304 465 1379 exire.
487 1303 534 1379 Et
556 1318 648 1378 tunc
674 1302 753 1407 ipse
777 1303 902 1390 testis,
927 1302 978 1378 ita
1010 1302 1161 1391 dolens,
1186 1319 1231 1380 ut
1256 1302 1366 1393 dixit,
1389 1330 1502 1409 quam
1521 1319 1613 1379 tunc
1640 1300 1781 1380 voluis·

354 1448 410 1508 set
434 1448 543 1508 natus
573 1459 650 1508 non
689 1431 822 1521 luisse,
853 1431 1051 1539 abnegavit
1080 1433 1205 1510 Deum
1234 1431 1292 1509 vel
1318 1433 1474 1510 lhesum
1494 1431 1686 1509 Christum
1712 1459 1779 1511 ore

354 1589 431 1638 uon
453 1560 583 1648 corde,
602 1578 639 1638 et
659 1561 783 1638 dictus
807 1562 996 1639 lohannes
1017 1580 1102 1668 post
1127 1591 1228 1640 eum.
1254 1562 1403 1639 Deinde
1417 1562 1585 1669 precepit
1601 1562 1655 1638 eis
1673 1562 1780 1670 quod

356 1709 535 1798 spuerent
554 1720 668 1798 super
693 1691 897 1798 quamdam
921 1720 1072 1771 crucem
1093 1692 1274 1800 ligneam,
1296 1694 1335 1768 in
1357 1722 1433 1799 qna
1453 1720 1529 1771 non
1552 1710 1631 1770 erat
1644 1719 1780 1801 ymago

356 1821 553 1913 Crucifixi,
571 1822 722 1899 interra
741 1822 919 1928 positam,
938 1840 976 1900 et
990 1822 1097 1929 quod
1113 1851 1196 1900 eam
1217 1821 1516 1912 conculcaretur,
1534 1840 1573 1899 et
1584 1822 1663 1928 ipse
1673 1822 1781 1900 testis

355 1954 495 2060 primo,
523 1981 611 2031 cum
642 1981 778 2062 magno
813 1952 945 2031 dolore
974 1953 1117 2040 cordis,
1144 1971 1183 2031 et
1211 1953 1333 2031 dictus
1352 1953 1542 2032 lohannes
1560 1969 1646 2060 post
1670 1981 1778 2044 eum,

356 2101 539 2191 spuerunt
562 2111 641 2161 non
672 2112 782 2188 supra
803 2083 872 2161 sed
886 2084 993 2190 juxta
1023 2083 1160 2161 dictam
1182 2111 1350 2171 crucem,
1380 2083 1448 2161 sed
1475 2112 1552 2162 non
1582 2083 1780 2161 conculca·

356 2230 491 2291 verunt
516 2242 610 2292 eam.
633 2212 715 2290 Alia
735 2212 863 2288 illicita
888 2240 965 2289 non
987 2212 1269 2291 intervenerunt
1295 2213 1333 2289 in
1366 2213 1476 2290 dictis
1494 2211 1780 2319 recepcionibus

358 2371 492 2420 eorum
513 2372 582 2422 nee
601 2360 704 2449 post,
723 2359 761 2421 et
783 2340 903 2419 credit
919 2342 1025 2447 quod
1041 2343 1172 2420 eadem
1189 2342 1319 2420 illicita
1335 2359 1373 2419 et
1392 2342 1493 2419 licita
1508 2343 1778 2420 intervenirent

357 2473 610 2551 communiter
641 2490 679 2549 et
710 2471 853 2579 ubique
888 2473 927 2549 in
963 2472 1249 2580 recepcionibus
1265 2473 1437 2550 aliorum
1461 2472 1521 2550 vel
1548 2491 1645 2580 post.
1675 2472 1781 2551 Dixit

356 2605 511 2710 insuper
531 2603 653 2711 quod,
680 2619 765 2709 post
788 2602 1079 2710 abnegationem
1104 2620 1143 2681 et
1165 2603 1400 2710 spuicionem
1425 2602 1630 2710 predictas,
1654 2603 1781 2682 dictam

357 2749 529 2840 receptor
556 2733 663 2810 duxit
681 2733 892 2840 predictum
916 2734 1128 2811 lohannem
1154 2734 1201 2811 de
1225 2733 1333 2811 Buris
1352 2732 1401 2810 ad
1423 2733 1626 2840 quamdam
1654 2761 1782 2811 came·

356 2890 455 2952 ram,
483 2880 527 2941 ut
552 2863 729 2942 indueret
742 2881 862 2942 vestes
889 2863 1101 2971 religionis,
1129 2863 1197 2941 sed
1223 2891 1303 2942 non
1323 2862 1443 2941 credit
1472 2863 1578 2969 qnod
1596 2863 1670 2940 alia
1703 2862 1781 2941 illi-

357 2994 427 3070 cita
450 2994 732 3073 intervenirent.
755 2995 867 3086 Item,
896 2994 989 3071 dixit
1015 2994 1122 3099 quod
1150 2995 1189 3071 in
1212 2993 1346 3071 ordine
1377 2993 1537 3071 existens
1567 2991 1782 3072 celebrabat

359 3125 570 3204 secundum
600 3123 761 3200 sormam
794 3123 979 3214 Ecclesie,
1015 3152 1085 3201 nec
1116 3124 1346 3202 contrarium
1375 3121 1446 3201 luit
1477 3123 1512 3201 ei
1540 3139 1780 3231 preceptum,
1809 3109 1813 3117 ’

358 3284 427 3333 nec
446 3255 587 3333 audivit
608 3254 712 3361 qnod
737 3255 994 3361 preciperetur
1014 3252 1110 3344 aliis,
1128 3282 1199 3333 nec
1214 3253 1320 3362 quod
1336 3252 1468 3332 fratres
1491 3253 1635 3330 ordinis
1655 3267 1782 3332 esseut

358 3384 548 3463 increduli
560 3383 814 3461 ecclesiasticis
829 3384 1079 3463 sacramentis.
1099 3383 1339 3464 Clandestine
1353 3383 1643 3491 recipiebantur,
1662 3383 1782 3463 nullis

360 3514 599 3622 presentibus
627 3515 699 3591 nisi
723 3513 903 3593 fratribus
928 3512 1089 3603 ordinis,
1109 3542 1153 3591 ex
1178 3541 1256 3620 quo
1277 3514 1397 3591 credit
1424 3514 1530 3620 quod
1549 3529 1647 3590 esset
1667 3512 1785 3619 suspi-

360 3645 418 3721 cio
439 3661 568 3722 contra
590 3673 666 3723 eos.
690 3644 822 3723 Credit
844 3645 949 3751 quod
975 3644 1112 3723 carceri
1133 3644 1332 3751 mancipati
1353 3643 1512 3722 fuissent
1529 3644 1595 3750 qui
1615 3641 1784 3748 predicta

359 3774 490 3852 illicita
504 3774 625 3852 facere
646 3775 871 3864 noluissent,
888 3774 946 3851 vel
966 3803 1009 3852 ea
1026 3792 1091 3852 aut
1102 3791 1242 3853 secreta
1260 3773 1526 3880 capituliorum
1543 3771 1782 3851 revelassent.

357 3903 563 3982 Dicebatur
586 3905 639 3982 eis
659 3903 763 4011 qnod
788 3904 999 3982 sacerdotes
1021 3904 1165 3982 ordinis
1184 3903 1392 3995 habebant,
1415 3932 1459 3980 ex
1477 3901 1679 4012 privilegiis
1698 3929 1785 4008 apo

359 4034 514 4126 stolicis,
545 4033 661 4112 talem
688 4051 913 4141 potestatem
948 4063 1062 4141 super
1093 4034 1225 4113 fratres
1250 4034 1394 4114 ordinis
1422 4034 1573 4142 qualem
1600 4033 1716 4111 abbas
1745 4033 1785 4110 in

358 4167 563 4245 monachos
582 4193 687 4257 suos,
717 4183 756 4242 et
779 4165 886 4257 ideo,
916 4164 1100 4270 quamdin
1128 4164 1249 4243 dictos
1272 4165 1484 4243 sacerdotes
1511 4162 1651 4241 habere
1676 4180 1786 4270 pote·

359 4313 455 4388 rant,
484 4323 561 4373 non
593 4294 783 4373 debebant
808 4295 948 4403 absque
981 4323 1115 4374 eorum
1138 4295 1295 4372 licencia
1319 4295 1401 4372 aliis
1426 4293 1608 4371 confiteri.
1635 4294 1788 4372 Fratres

361 4428 520 4504 scientes
547 4426 645 4503 dicta
678 4424 808 4501 illicita
837 4423 1041 4504 confessata
1065 4455 1133 4533 per
1155 4455 1265 4511 eum,
1293 4453 1368 4532 que
1393 4441 1499 4501 erant
1524 4423 1579 4500 eis
1602 4440 1712 4516 nota,
1742 4438 1787 4502 ut

362 4556 498 4646 credit,
516 4554 671 4633 lnemnt
692 4556 942 4664 negligentes,
963 4556 1052 4663 quia
1075 4584 1153 4633 non
1177 4572 1420 4633 correxerunt
1438 4582 1481 4631 ea
1498 4580 1568 4629 nec
1587 4552 1787 4630 denuncia-

366 4700 497 4761 verunt
516 4683 691 4762 Ecclesie.
718 4687 761 4761 ln
778 4685 956 4764 domibus
978 4685 1121 4763 ordinis
1136 4685 1175 4761 in
1195 4685 1334 4792 quibus
1351 4684 1489 4761 exstitit
1508 4698 1783 4772 commoratus,

365 4812 457 4892 vidit
480 4812 703 4890 elemosinas
731 4831 769 4891 et
792 4815 1082 4920 hospitalitatem
1108 4816 1372 4893 convenienter
1400 4813 1481 4891 fieri
1508 4830 1545 4890 et
1571 4811 1724 4898 servari,
1749 4828 1787 4889 at
