4236 5948
355 523 429 598 aos
740 504 936 597 raons-s
962 522 1058 596 ons
1083 519 1381 595 rsuraraas.

351 667 452 743 tibus
474 664 657 774 religiosis
683 664 769 741 viris
792 663 904 741 fratre
934 661 1119 743 Gossonio
1150 661 1196 738 de
1228 661 1429 739 Brebancia
1456 676 1494 738 et
1515 657 1695 766 Ermingo
1728 659 1776 736 de

352 797 465 884 Dacia
482 795 624 874 ordinis
642 813 679 872 et
697 811 900 872 conventus
919 793 1075 872 fratrum
1097 793 1376 871 Prcdicatorum
1396 789 1678 879 Parisiensium,
1705 808 1778 892 tes-

351 927 455 1006 tibus
472 927 519 1004 ad
539 926 610 1004 hoc
629 924 765 1003 vocatis
785 942 822 1001 et
841 925 991 1032 rogatis.

408 1191 454 1264 Et
474 1216 543 1296 ego
566 1191 712 1264 Evenus
732 1187 840 1294 Phily
860 1187 907 1263 de
926 1188 1062 1265 Sancto
1082 1186 1225 1263 Nicasio
1247 1183 1417 1272 clericus,
1437 1181 1638 1289 apostolica
1651 1181 1778 1289 publi-

351 1348 417 1396 cus
433 1319 651 1396 auctoritate
671 1319 856 1407 notarius,
880 1315 1072 1423 premissis
1091 1334 1128 1392 et
1148 1314 1303 1421 singulis
1322 1313 1404 1390 aliis
1424 1314 1608 1390 contentis
1626 1313 1667 1389 in
1686 1311 1778 1390 dua-

348 1450 420 1526 bus
438 1450 549 1525 cartis
567 1477 634 1526 seu
653 1449 769 1555 peciis
788 1446 1076 1555 precedentibus
1096 1445 1310 1523 immediate
1323 1444 1430 1552 signo
1450 1471 1536 1520 meo
1551 1443 1703 1551 signatis
1718 1443 1777 1519 in-

348 1580 482 1667 terfui,
503 1595 577 1656 una
598 1609 683 1656 cum
704 1608 813 1684 supra
834 1595 870 1655 ct
890 1577 1132 1683 infrascriptis
1145 1577 1317 1663 notariis,
1339 1575 1402 1660 hic
1422 1603 1482 1650 me
1502 1574 1720 1679 subscripsi,
1741 1590 1777 1650 ct

345 1741 437 1791 ‚cum
455 1712 570 1816 signis
591 1713 758 1815 ipsorum
776 1710 924 1815 signum
942 1737 1071 1785 meum
1088 1709 1245 1813 apposui
1268 1723 1429 1814 rogatus.

404 1973 451 2048 Et
473 2000 541 2079 ego
569 1972 730 2048 lacobus
751 1971 797 2046 de
818 1970 965 2048 Virtuto
990 1968 1148 2046 clericus
1171 1967 1477 2045 Cathalaunensis
1498 1967 1673 2054 diocesis,
1704 1996 1774 2073 pu·

347 2101 469 2178 blicus
489 2100 670 2206 imperiali
688 2102 903 2177 auctoritate
919 2101 1104 2188 notarius,
1121 2100 1313 2205 premissis
1326 2098 1625 2177 confessionibus
1641 2117 1679 2176 et
1692 2128 1774 2176 om-

348 2232 460 2309 nibus
479 2232 559 2307 aliis
580 2249 617 2307 et
637 2230 793 2340 singulis
812 2233 849 2307 in
871 2231 1018 2308 duabus
1040 2231 1153 2308 cartis
1175 2258 1242 2307 seu
1262 2230 1378 2336 peciis
1400 2229 1618 2306 immediate
1644 2258 1775 2336 prece-

348 2361 526 2440 dentibus
548 2348 662 2440 simul
683 2361 775 2439 sutis
803 2362 908 2469 signo
932 2391 1017 2439 meo
1042 2362 1192 2468 signatis
1222 2362 1424 2449 contentis,
1447 2390 1534 2437 cum
1554 2361 1715 2439 testibus
1735 2380 1773 2440 et

347 2494 500 2569 notariis
518 2493 776 2598 suprascriptis
801 2520 954 2597 presens
976 2491 1050 2581 fui,
1071 2522 1128 2581 ac,
1149 2492 1199 2570 de
1220 2493 1395 2570 mandato
1410 2492 1497 2568 dicti
1523 2492 1770 2598 inquisitoris,

344 2650 390 2703 ea
416 2637 529 2699 manu
551 2623 706 2729 propria
730 2622 875 2727 scripsi,
908 2639 946 2698 et
970 2623 1008 2697 in
1035 2623 1297 2700 testimonium
1319 2620 1594 2730 'premissorum
1621 2652 1773 2730 presens

347 2754 639 2831 instrumentum
656 2755 763 2860 signo
778 2782 864 2832 meo
878 2753 989 2831 solito
1010 2754 1146 2861 signavi
1165 2770 1326 2862 rogatus.

349 3022 352 3027 ’
402 3020 442 3092 ln
458 3017 596 3094 Christi
618 3019 770 3095 nomine
795 3046 915 3094 amen.
937 3019 1064 3094 Pateat
1088 3018 1267 3094 universis
1291 3047 1358 3124 per
1384 3018 1457 3095 hoc
1476 3047 1630 3125 presens
1648 3019 1773 3126 publi-

344 3176 431 3224 cum
454 3148 747 3226 instrumentum
773 3147 875 3253 quod
897 3175 993 3224 anno
1016 3147 1168 3225 Domini
1193 3147 1397 3227 millesimo
1418 3164 1498 3227 oco⁰
1516 3150 1694 3254 septimo,
1716 3154 1772 3228 in-

345 3277 508 3355 dictione
532 3270 650 3366 serta,
672 3276 909 3383 pontificatus
929 3277 1281 3384 sanctissimipatris
1302 3296 1339 3355 ct
1354 3278 1498 3356 domini
1521 3281 1665 3357 domini
1689 3282 1771 3359 Cle·

346 3409 484 3490 mentis
513 3406 636 3483 divina
670 3408 910 3484 Providencia
939 3435 1034 3513 pape
1061 3408 1182 3513 quinti
1214 3437 1309 3484 anno
1339 3409 1523 3498 secundo,
1556 3409 1617 3485 die
1643 3413 1771 3488 martis

347 3552 430 3610 ante
447 3535 584 3611 festum
603 3537 717 3612 sancti
738 3535 960 3624 Clementis,
980 3536 1122 3613 scilicet
1140 3563 1199 3614 xxi
1217 3538 1278 3615 die
1296 3529 1527 3627 novembris,
1543 3539 1583 3614 in
1605 3515 1769 3647 religiosi

346 3682 383 3740 et
405 3665 554 3742 honesti
578 3666 645 3741 viri
679 3665 801 3743 fratris
830 3665 968 3743 Nicolai
996 3666 1042 3743 de
1075 3666 1271 3745 Anessiaco
1302 3667 1445 3745 ordinis
1468 3668 1767 3760 Predicatorum,

345 3795 585 3872 commissarii
618 3796 742 3874 datia
768 3796 944 3902 religioso
970 3812 1008 3872 et
1032 3797 1192 3874 honesto
1219 3797 1298 3874 viro
1326 3797 1437 3875 fratre
1464 3798 1509 3876 G.
1537 3800 1584 3875 de
1610 3801 1770 3880 Parisios

344 3926 513 4031 ejusdcm
537 3925 694 4015 ordinis,
718 3926 938 4033 inquisitore
961 3927 1125 4004 heretice
1136 3927 1324 4032 pravitatis
1342 3928 1381 4002 in
1400 3956 1516 4034 regno
1533 3931 1687 4007 Francia
1702 3960 1768 4007 au·

343 4058 520 4134 ctoritate,
534 4056 735 4162 apostolica
758 4057 953 4162 deputato,
984 4074 1156 4136 nostrum
1175 4059 1407 4136 notariorum
1428 4076 1466 4136 et
1481 4060 1634 4137 testium
1658 4061 1770 4139 infra·

343 4189 567 4294 scriptorum
582 4188 773 4293 presencia
785 4186 1030 4291 personaliter
1043 4190 1284 4279 constitutus,
1297 4190 1413 4266 frater
1425 4191 1587 4269 Poncius
1600 4192 1648 4268 de
1664 4194 1768 4270 Bono
1855 4222 1857 4227 ’
1911 4286 1918 4294 ὓ

343 4318 466 4422 Opere
492 4318 635 4394 ordinis
657 4317 795 4394 milicie
810 4319 977 4424 Templi,
1002 4319 1112 4396 etatis
1129 4347 1239 4397 xxvru
1261 4349 1446 4397 annorum
1461 4321 1519 4398 vel
1537 4322 1649 4410 circa,
1667 4322 1768 4430 jura-

342 4465 402 4523 tus
416 4465 453 4524 et
466 4447 669 4554 requisitus
684 4448 1014 4554 perjuramentum
1030 4450 1077 4527 ab
1094 4478 1139 4527 eo
1152 4451 1351 4554 prestitum
1372 4451 1419 4527 ad
1433 4470 1556 4529 sancta
1569 4448 1768 4530 Defflvan·

342 4576 438 4682 gelia
457 4594 551 4654 tacta
566 4577 808 4682 corporaliter
828 4578 874 4656 ab
897 4578 1050 4668 eodem,
1075 4581 1121 4656 de
1144 4608 1183 4656 se
1211 4597 1249 4657 at
1268 4580 1349 4657 aliis
1370 4580 1460 4658 dicti
1486 4583 1629 4660 ordinis
1654 4613 1766 4690 super

344 4708 444 4784 dicto
460 4709 615 4786 crimine
630 4707 774 4794 delatis,
794 4709 892 4784 etde
906 4713 1022 4787 modo
1038 4739 1103 4788 sue
1121 4712 1485 4816 recepcionisdicere
1501 4714 1540 4789 in
1553 4743 1662 4791 causa
1675 4713 1764 4791 {idei

343 4839 548 4926 veritatem,
572 4839 663 4915 dixit
683 4867 749 4944 per
760 4839 1017 4944 juramentum
1033 4869 1143 4929 suurn
1161 4842 1265 4950 quod
1281 4842 1377 4919 circa
1391 4843 1532 4922 instans
1546 4843 1684 4930 fastum
1700 4845 1766 4923 As-
