4236 5948
300 621 304 635 ,
358 543 432 616 ros
745 523 946 617 procus
972 540 1070 614 urs
1096 535 1394 610 rrurrrrns.

412 686 663 790 Interrogatus
689 710 756 789 per
770 685 1025 792 juramentum
1044 708 1154 758 suum
1181 696 1308 756 utrum
1328 677 1381 764 vi,
1412 673 1469 751 vel
1489 689 1595 750 metu
1616 690 1784 750 tormen-

355 831 484 890 torum
503 813 562 891 vel
584 815 753 902 carceris,
776 830 839 890 aut
858 813 929 889 alia
948 839 1186 921 quacumque
1204 810 1251 886 de
1264 835 1388 897 causa,
1404 805 1567 912 aliquam
1583 802 1782 880 salsitatem

359 943 623 1031 immiscuerit,
642 961 704 1020 aut
713 945 905 1021 veritatem
919 943 1080 1021 tacuerit
1091 943 1130 1018 iu
1145 969 1211 1018 sua
1229 938 1486 1046 deposicione,
1497 935 1589 1012 dixit
1599 963 1668 1040 per
1677 934 1782 1043 jura·

358 1092 528 1151 mentum
547 1104 657 1152 suum
678 1075 782 1181 quod
803 1103 896 1164 non;
919 1076 1035 1152 immo
1055 1101 1123 1180 pro
1143 1072 1262 1150 salute
1276 1071 1398 1148 anime
1413 1096 1479 1146 sue
1494 1095 1626 1174 puram
1641 1065 1783 1144 dixerat

355 1205 556 1281 veritatem.

416 1467 507 1542 Item
531 1466 736 1544 Richardus
758 1468 804 1545 de
822 1469 997 1574 Caprosia
1025 1465 1168 1544 ordinis
1188 1463 1505 1571 Templariorum,
1527 1460 1630 1538 testis
1643 1460 1779 1537 eodem

356 1597 470 1675 modo
488 1599 635 1706 juratus
652 1616 688 1676 et
709 1599 957 1707 interrogatus
976 1598 1023 1676 de
1043 1598 1158 1675 modo
1179 1625 1245 1673 sue
1265 1593 1509 1700 recepcionis,
1532 1593 1624 1669 dixit
1643 1620 1711 1698 per
1723 1593 1780 1700 ju-

355 1747 566 1807 ramentum
586 1760 697 1808 suum
723 1723 825 1838 quod
850 1747 1022 1836 receptus
1045 1730 1115 1808 luit
1138 1727 1299 1806 Parisius
1320 1755 1388 1833 per
1406 1724 1557 1803 fratrem
1581 1727 1777 1833 Hugonem

355 1860 402 1937 de
424 1861 610 1951 Paraudo,
633 1862 868 1967 presentibus
881 1862 1007 1967 priore
1027 1860 1139 1938 fratre
1158 1862 1306 1938 Renero
1326 1858 1373 1936 de
1392 1857 1579 1935 Larchent
1597 1873 1634 1933 et
1652 1883 1778 1962 preoc-

353 2007 460 2097 ptore
487 1992 584 2069 dicte
608 1992 760 2082 domus,
784 2012 821 2071 et
837 1993 1061 2099 quibusdam
1082 1992 1163 2068 aliis
1183 1989 1359 2068 iratribus
1388 1989 1475 2106 dicti
1501 1987 1656 2065 ordinis.
1678 1986 1778 2066 Dixit

354 2121 470 2197 eciam
490 2151 558 2228 per
571 2122 827 2227 juramentum
848 2153 959 2201 suum
978 2124 1101 2230 quod,
1124 2152 1169 2200 eo
1186 2139 1337 2228 recepto
1359 2138 1395 2196 et
1414 2117 1593 2197 mantello
1613 2116 1684 2195 sibi
1706 2135 1778 2194 tra-

354 2251 452 2341 dito,
474 2281 516 2328 ac
530 2253 745 2361 juramento
764 2254 920 2361 prestito
942 2253 1045 2360 quod
1064 2270 1225 2331 servaret
1245 2269 1378 2330 statute
1397 2267 1434 2328 et
1452 2266 1593 2328 secreta
1612 2249 1704 2327 dieti
1717 2278 1777 2327 or-

353 2381 465 2470 dinis,
487 2384 645 2489 predicti
667 2387 915 2462 ostenderunt
934 2386 1005 2463 sibi
1027 2413 1175 2464 crucem
1203 2402 1239 2461 et
1262 2383 1472 2491 ymaginem
1495 2381 1612 2459 lbesu
1637 2378 1776 2458 Christi

351 2510 389 2586 in
409 2511 575 2618 quodam
597 2514 750 2602 missali,
784 2533 820 2591 et
844 2534 1092 2623 preceperunt
1117 2516 1150 2592 ei
1179 2513 1283 2621 quod
1301 2513 1500 2620 abnegaret
1522 2512 1646 2589 Deum
1671 2511 1776 2617 cujus

350 2642 562 2750 ymaginem
574 2643 740 2733 videbat,
752 2662 790 2722 et
809 2646 913 2751 quod
932 2663 990 2724 ter
1010 2663 1160 2753 spueret
1177 2674 1289 2751 supra
1302 2672 1449 2721 crucem
1468 2676 1476 2719 ε
1494 2670 1569 2750 que
1584 2640 1673 2719 fecit
1691 2669 1773 2728 ore,

350 2771 510 2852 sednon
532 2775 662 2863 corde,
680 2775 775 2852 sicut
797 2775 898 2852 dixit.

407 2904 656 3012 Interrogatus
673 2907 720 2983 de
742 2906 885 2996 osculo,
909 2908 1002 2984 dixit
1017 2935 1084 3013 per
1099 2908 1354 3014 juramentum
1371 2933 1483 2983 suurn
1503 2903 1608 3010 quod
1629 2903 1773 2981 oscula-

347 3050 408 3110 tus
427 3033 500 3112 luit
519 3036 761 3143 recipientem
782 3038 819 3112 in
841 3066 923 3127 ore,
952 3057 988 3116 et
1007 3065 1085 3115 uon
1105 3037 1207 3115 alibi.

405 3166 654 3274 lnterrogatus
663 3186 789 3244 utrum
799 3170 851 3257 vi,
863 3170 921 3246 vel
931 3187 1034 3247 metu
1049 3186 1326 3247 tormentorum
1340 3184 1405 3244 aut
1421 3166 1592 3254 carceris,
1610 3166 1771 3272 aliquam

299 3358 301 3362 ,
349 3294 544 3374 falsitatem
574 3299 835 3388 immiscuerit,
861 3319 926 3377 aut
956 3302 1149 3378 veritatem
1168 3301 1328 3377 tacuerit
1357 3299 1396 3376 in
1424 3326 1488 3375 sua
1513 3296 1769 3403 depositione,

349 3425 440 3502 dixit
458 3456 526 3534 per
541 3429 796 3535 juramentum
817 3459 926 3508 suum
953 3430 1057 3537 quod
1078 3459 1171 3521 non;
1194 3431 1315 3508 immo
1333 3458 1403 3537 pro
1424 3429 1542 3506 salute
1562 3427 1686 3507 anime
1706 3456 1770 3505 sue

346 3584 480 3661 puram
503 3558 643 3634 dixerat
663 3560 866 3636 veritatem.

405 3819 496 3894 ltem
517 3819 631 3896 frater
658 3821 889 3899 Gancherius
909 3822 956 3900 de
976 3823 1204 3900 Lienticuria
1219 3841 1414 3930 preceptor
1434 3821 1643 3908 Remensis,
1664 3820 1770 3897 etatis

345 3948 618 4057 quinquaginta
641 3980 842 4041 annorum,
876 3971 918 4031 ut
944 3952 1104 4044 dicebat,
1136 3955 1239 4031 testis
1267 3955 1401 4031 eodem
1429 3951 1542 4030 modo
1561 3953 1709 4059 juratus
1734 3967 1769 4027 et

345 4077 590 4186 interrogatus
606 4083 653 4159 de
666 4100 835 4191 tempore
858 4102 895 4162 et
909 4086 1024 4165 modo
1044 4115 1111 4165 sue
1131 4084 1375 4193 reeepcionis,
1394 4085 1487 4161 dixit
1501 4111 1570 4189 per
1584 4088 1768 4190 juramen-

344 4225 424 4287 tum
444 4241 555 4289 suum
576 4214 679 4320 quod
705 4233 877 4322 receptus
895 4216 967 4294 luit
985 4217 1163 4306 Parisius,
1186 4217 1337 4324 triginta
1358 4233 1517 4323 quatuor
1538 4214 1597 4291 vel
1619 4214 1767 4320 triginta

344 4340 514 4448 quinque
532 4345 619 4420 anni
635 4362 723 4422 sunt
738 4346 850 4453 elapsi
862 4347 921 4425 vel
935 4349 1046 4436 circa,
1064 4377 1131 4455 per
1149 4347 1302 4425 fratrem
1318 4346 1545 4425 Amalricum
1566 4344 1613 4421 de
1637 4346 1765 4449 Ruppe

343 4486 433 4548 tunc
442 4492 701 4580 preceptorem
712 4478 880 4556 Francie.
894 4479 997 4556 Dixit
1017 4479 1133 4556 eciam
1153 4479 1256 4557 idem
1270 4495 1443 4584 receptus
1462 4475 1583 4583 quod,
1607 4476 1689 4580 ipso
1710 4501 1766 4550 re·

345 4616 453 4705 cepto
465 4620 502 4679 et
512 4606 689 4684 mantello
709 4608 779 4685 sibi
796 4610 951 4698 tradito,
967 4629 1005 4688 et
1013 4612 1228 4718 juramento
1244 4610 1290 4686 ab
1309 4637 1354 4687 eo
1368 4608 1524 4716 prestito
1538 4609 1636 4683 inter
1646 4622 1765 4682 cetera

343 4732 448 4836 quod
462 4732 672 4815 observaret
687 4755 822 4817 statuta
837 4758 874 4819 et
889 4757 1030 4820 secreta
1045 4742 1160 4847 ipsius
1174 4740 1332 4831 ordinis,
1350 4741 1427 4818 duo
1442 4738 1588 4827 fratres,
1607 4738 1654 4814 de
1671 4764 1765 4842 quo·

342 4889 428 4940 rum
443 4865 655 4945 nominihus
675 4897 750 4945 non
770 4870 917 4960 recolit,
939 4871 1111 4977 quisunt
1131 4872 1287 4960 mortui,
1306 4872 1494 4948 duxerunt
1509 4897 1598 4946 eum
1618 4867 1665 4944 ad
1685 4894 1766 4972 par·
