4236 5948
466 565 540 638 sor
854 541 1051 639 procus
1076 561 1171 634 nus
1197 559 1495 632 murmuris.
1603 640 1605 644 ,

465 735 535 784 uec
554 733 721 811 unquam
734 731 861 810 *usque
876 731 979 780 nunc
992 701 1223 779 mentionem
1242 698 1402 808 aliquam
1422 698 1562 778 audivit
1579 700 1654 779 dici
1673 701 1731 779 vel
1746 701 1830 778 {ieri
1841 702 1891 778 de

458 833 852 943 'predictistnecscit
896 830 948 911 od
955 831 1010 910 sit
1027 830 1181 939 ydolum
1201 859 1271 908 nec
1288 830 1412 937 capud
1431 829 1552 938 ydoli,
1573 859 1643 909 nec
1660 849 1768 938 putat
1785 830 1895 940 qdod·

467 969 505 1044 in
529 965 704 1073 capitulis
729 859 991 1069 dicfflinis
1000 961 1250 1068 temporibus
1273 961 1468 1042 antedictis
1493 961 1636 1040 fuerint
1658 980 1812 1041 tractata
1833 965 1891 1041 vel

412 1121 437 1163 s
468 1099 565 1175 dicta
588 1125 664 1203 que
677 1094 843 1174 Domino
854 1094 992 1176 -uostro
1004 1093 1126 1171 lhesu
1146 1092 1296 1172 Christo
1312 1092 1473 1171 debeant
1494 1092 1702 1200 displicere.

522 1229 644 1333 Super
662 1224 744 1302 aliis
763 1253 852 1303 vero
874 1241 950 1316 tam
971 1223 1254 1303 circumstantiis
1277 1251 1392 1330 quam
1411 1221 1678 1301 coherentibus
1697 1224 1786 1330 ipsis
1797 1225 1893 1301 *arti-

458 1357 562 1435 'culis
580 1353 777 1465 diligenter
794 1356 1063 1462 interrogatus,
1083 1353 1175 1431 dixit
1190 1383 1229 1431 se
1241 1354 1385 1432 nescire
1395 1352 1520 1461 plura,
1536 1382 1605 1441 nec
1620 1353 1772 1434 credere
1785 1353 1893 1430 aliter

466 1515 578 1596 quam
598 1487 771 1593 superius
790 1502 847 1563 est
862 1484 1064 1564 confessus.

524 1775 572 1827 vu
587 1747 762 1825 kalendas
780 1745 974 1836 februarii,
996 1773 1091 1823 anuo
1108 1773 1185 1852 quo
1203 1773 1325 1851 supra.

525 1875 650 1956 XXIII.
675 1879 803 1954 Frater
831 1875 1059 1956 Guillelmus
1084 1875 1132 1954 dc
1157 1877 1294 1955 Sancto
1320 1875 1468 1983 Ypolito
1495 1877 1592 1954 dicte
1618 1806 1753 1955 domus
1773 1877 1892 1957 Mansi

467 2010 535 2087 Dei
557 2007 701 2086 ordinis
721 2007 809 2084 dicti
825 2007 989 2114 Templi,
1012 2007 1118 2084 testis
1131 2006 1277 2112 juratus
1297 2007 1345 2083 ad
1364 2024 1489 2085 sancta
1506 2007 1576 2085 Dei
1596 2007 1809 2114 Evangelia,
1831 2036 1893 2084 su-

467 2167 535 2243 per
553 2137 731 2244 predictis
755 2136 917 2214 articulis
934 2153 973 2214 et
992 2165 1123 2214 eorum
1144 2135 1316 2243 quolibet
1333 2135 1405 2214 sihi
1426 2136 1600 2244 expositis
1618 2137 1657 2214 in
1675 2138 1833 2244 uulgari,
1852 2156 1894 2214 ut

467 2266 680 2374 principalis
701 2267 749 2344 de
766 2294 807 2343 se
822 2267 920 2372 ipso,
944 2285 981 2343 et
1000 2283 1044 2344 ut
1061 2267 1167 2345 testis
1186 2266 1234 2344 de
1252 2266 1351 2358 aliis,
1367 2265 1565 2375 diligenter
1580 2285 1618 2345 et
1635 2267 1824 2375 sigillatim
1839 2269 1894 2344 in-

466 2414 691 2505 terrogatus,
730 2396 963 2502 respondens
993 2396 1039 2474 ad
1070 2390 1250 2503 primum,
1279 2424 1467 2475 u-mut
1496 2397 1672 2477 articulos
1697 2396 1892 2486 inclusive,

467 2527 611 2634 negavit
635 2527 735 2632 ipsos
758 2526 932 2604 articulos
957 2545 995 2604 et
1018 2529 1143 2606 omnia
1162 2544 1201 2606 et
1219 2528 1561 2635 singula-contente
1580 2527 1622 2605 iu
1647 2529 1717 2616 eis,
1740 2545 1894 2634 eccepto

469 2656 573 2762 quod
592 2655 784 2733 coufessus
798 2673 853 2733 est
871 2655 1063 2735 Christum
1084 2657 1240 2735 lhesum
1267 2655 1484 2735 crucifixum
1502 2684 1632 2735 verum
1651 2658 1775 2736 Deum
1796 2686 1892 2746 esse,

467 2814 617 2891 passum
642 2802 678 2861 et
703 2803 898 2864 mortuum
924 2785 1040 2866 fuisse
1064 2788 1104 2864 in
1124 2786 1228 2897 ligno
1247 2806 1372 2865 sancte
1391 2788 1517 2865 ⁴crucis
1540 2815 1610 2893 pro
1633 2787 1895 2893 redemptione

466 2915 622 2993 humani
640 2916 804 3021 generis,
826 2944 902 2993 non
922 2945 990 3022 pro
1006 2917 1123 3023 culpis
1145 2944 1294 3022 necpro
1311 2915 1470 3023 peccatis
1483 2917 1577 3006 suis,
1594 2918 1661 2995 sed
1675 2945 1744 3024 pro
1757 2918 1895 2994 nostris

467 3044 657 3135 duntaxat,
679 3074 767 3122 cum
790 3047 870 3152 ipse
890 3063 1083 3153 peccatum
1109 3075 1186 3132 non
1210 3045 1356 3136 lecerit,
1376 3076 1446 3126 nec
1466 3046 1577 3125 dolus
1595 3075 1760 3154 unqtram
1780 3045 1895 3124 suerit

466 3176 505 3250 in
527 3200 592 3253 ore
612 3177 860 3282 ejussemper
875 3176 1056 3267 veridico;
1076 3205 1118 3253 se
1137 3177 1280 3254 hahere
1296 3205 1402 3282 spem
1420 3175 1567 3254 firmam
1588 3176 1761 3254 habende
1780 3176 1896 3252 salva·

466 3305 581 3383 tionis
600 3334 668 3412 per
688 3335 775 3383 eum
791 3323 829 3383 et
846 3335 913 3412 per
931 3307 1120 3382 nemiuem
1140 3306 1277 3398 alium3
1295 3333 1367 3412 ⁴pro
1384 3307 1492 3414 cujus
1508 3307 1650 3385 honore
1660 3305 1745 3412 ¹ipse
1761 3323 1798 3383 et
1812 3305 1894 3382 reli-

468 3435 533 3539 qui
543 3434 830 3540 IratresTempli
842 3435 1147 3542 portantsignum
1162 3435 1383 3514 venerahilis
1397 3436 1647 3514 crucis-rubee
1658 3435 1697 3511 in
1708 3433 1894 3513 mantellis

469 3563 561 3640 albis
576 3565 634 3640 vel
647 3565 780 3671 nigris,
801 3562 1020 3671 inliguram
1038 3565 1097 3641 vel
1109 3565 1261 3673 signum
1280 3565 1373 3642 sacri
1393 3565 1584 3674 sanguinis
1601 3566 1716 3644 lhesu
1736 3564 1891 3650 Christi,

470 3694 577 3801 cujus
591 3693 775 3771 effusione
794 3693 875 3802 ipse
895 3723 1045 3773 crucem
1064 3723 1170 3773 suam
1185 3695 1453 3774 sanctissimam
1471 3695 1683 3804 insiguavit;
1700 3722 1814 3801 quam
1829 3694 1894 3771 fra-

467 3843 543 3903 tres
560 3823 649 3902 dicti
670 3825 894 3931 Templiter
912 3825 952 3902 in
971 3854 1070 3903 anno
1090 3826 1246 3904 adorant
1264 3843 1487 3904 reverenter.
1613 3818 1616 3823 ’

524 3958 618 4032 Item
639 3955 829 4034 consessus
845 3974 900 4034 est
919 3957 1042 4064 quod,
1060 3971 1232 4062 tempore
1243 3985 1316 4035 sue
1335 3957 1583 4063 recepciouis,
1600 3974 1675 4034 taur
1693 3973 1893 4064 preceptor

469 4084 751 4192 MansiDei,qui
761 4087 885 4192 ipsum
896 4088 936 4163 in
950 4086 1101 4164 fratrem
1113 4087 1255 4193 recepit
1266 4085 1314 4165 ud
1327 4087 1500 4165 ordinem
1507 4086 1597 4164 dicti
1605 4087 1769 4193 Templi,
1779 4113 1891 4192 quum

470 4215 548 4320 ipse
567 4233 737 4321 receptus
749 4244 817 4321 per
832 4246 937 4305 eum,
950 4245 1032 4294 sese
1044 4235 1178 4296 mutuo
1191 4217 1346 4295 osculati
1366 4215 1518 4295 suerunt
1537 4218 1577 4295 in
1596 4246 1663 4295 ore
1677 4233 1835 4294 tentum.

523 4345 629 4422 Idem
646 4347 795 4424 addidit
814 4375 853 4424 se
873 4348 1043 4437 credere,
1065 4365 1102 4425 et
1120 4348 1233 4428 idem
1247 4327 1367 4426 credit
1389 4348 1575 4428 eciamde
1603 4346 1684 4425 aliis
1708 4348 1785 4424 suis
1809 4375 1894 4424 con·

469 4475 658 4566 fratribus,
673 4477 801 4554 omnia
811 4495 1039 4556 sacramenta
1053 4477 1217 4556 Ecclesie
1231 4479 1303 4557 Dei
1316 4507 1400 4556 vera
1415 4507 1496 4556 esse
1511 4495 1548 4556 et
1563 4478 1723 4556 salutem
1736 4476 1892 4554 humani

469 4606 617 4711 generis
630 4607 814 4685 contineri
828 4607 970 4697 inillis,
983 4625 1021 4686 et
1035 4638 1115 4687 esse
1131 4607 1250 4687 fidem
1263 4637 1369 4687 suam
1382 4608 1487 4715 quod
1497 4609 1537 4685 in
1551 4608 1641 4715 ipsis
1655 4608 1895 4685 sacramentis
2009 4703 2013 4710 Ι

375 4819 377 4822 ,
470 4735 517 4813 sit
533 4734 633 4814 sulus
653 4755 690 4814 et
707 4736 884 4816 liberacio
901 4758 1137 4846 peccatorum
1153 4738 1506 4818 omniumfidelium
1515 4738 1747 4844 sperantium
1762 4738 1803 4815 in
1815 4738 1893 4816 Do·

469 4865 572 4945 mino
586 4868 702 4947 lhesu
721 4869 882 4950 Christo,
