4236 5948
349 517 420 589 uo
740 491 933 584 moces
960 508 1051 579 nes
1078 506 1376 580 rennuens

345 653 563 732 deffendere
584 652 632 730 de
657 650 872 729 consessatis
906 676 973 756 per
1003 675 1108 735 eum,
1143 648 1211 724 sed
1239 647 1288 724 de
1315 647 1397 724 aliis
1422 675 1497 754 que
1519 649 1768 756 imponuntur

344 785 481 862 eidem.

400 915 615 1020 Requisitus
646 912 754 989 sisic
783 912 1008 1016 deposuerat
1039 937 1166 1015 prece,
1202 927 1396 1016 precepto,
1425 911 1584 1002 timore,
1617 941 1766 1005 amore,

346 1045 452 1134 odio,
475 1043 532 1119 vel
556 1041 755 1148 temporali
786 1041 948 1119 comodo
976 1039 1106 1116 habito
1135 1038 1193 1115 vel
1221 1039 1417 1132 habendo,
1439 1043 1636 1148 respondit
1663 1046 1767 1151 quod

345 1203 421 1251 non
435 1234 443 1261 ,
458 1175 524 1251 sed
539 1201 608 1279 pro
624 1172 775 1249 veritate
790 1171 964 1259 dicenda,
982 1170 1041 1246 cui
1063 1168 1135 1246 luit
1150 1169 1363 1276 injunctum
1380 1171 1484 1277 quod
1497 1199 1574 1247 non
1588 1173 1770 1252 revelaret

345 1307 440 1380 hanc
460 1331 566 1378 suam
589 1301 886 1407 deposicionem,
907 1326 1106 1405 quousque
1125 1299 1381 1377 attestationes
1406 1299 1547 1377 fuerint
1564 1302 1764 1407 publicato.

400 1434 488 1510 Acta
507 1431 661 1508 luerunt
680 1431 751 1508 hcc
771 1430 832 1507 die
846 1448 884 1506 et
902 1429 985 1506 loco
1006 1430 1202 1535 predictis,
1222 1429 1461 1535 presentibus
1476 1431 1654 1538 magistro
1665 1432 1769 1512 Ami-

345 1566 417 1655 sio,
434 1592 495 1640 me
515 1562 770 1640 Floriamonte
789 1560 1010 1650 Dondedei,
1034 1578 1072 1637 et
1090 1561 1172 1637 aliis
1192 1560 1345 1636 notariis
1361 1589 1473 1666 supra
1491 1560 1628 1639 ultimo
1650 1565 1768 1641 nomi·

345 1694 460 1780 natis,
484 1693 556 1770 hoc
576 1690 675 1769 salvo
695 1691 801 1797 quod
814 1690 937 1768 dictus
952 1690 1127 1796 magister
1139 1690 1249 1794 Hugo
1268 1716 1345 1765 non
1365 1689 1537 1766 interfuit
1556 1693 1767 1798 recepcioni

341 1823 546 1929 juramenti
567 1821 756 1898 dictorum
770 1819 923 1896 testium
945 1819 1065 1897 hodie
1090 1821 1316 1924 juratorum.
1397 1829 1400 1836 '

401 2089 488 2165 Post
514 2086 600 2174 hec,
628 2083 690 2161 die
718 2082 841 2161 Sabati
868 2083 1060 2189 sequenti,
1087 2110 1161 2188 que
1180 2081 1255 2158 fuit
1283 2108 1378 2160 xxvn
1404 2083 1485 2160 dies
1512 2083 1601 2162 dicti
1629 2087 1768 2165 mensis

346 2216 495 2303 Marcii,
516 2214 589 2292 fuit
612 2212 799 2291 adductus
819 2213 868 2289 ad
888 2212 1120 2319 presenciam
1146 2213 1368 2290 eorumdem
1399 2213 1643 2292 dominorum
1664 2245 1768 2293 com·

346 2347 618 2434 missariorum,
649 2345 689 2421 in
717 2343 833 2423 domo
860 2344 1028 2449 predicta
1052 2343 1198 2421 domini
1223 2343 1322 2420 Petri
1350 2344 1398 2422 de
1421 2345 1627 2434 Sabaudia,
1655 2345 1768 2424 frater

343 2476 532 2553 lohannes
553 2477 600 2552 de
620 2476 744 2554 Canes
768 2473 949 2562 serviens,
970 2473 1232 2551 Ambianensis
1252 2473 1431 2566 diocesis,
1451 2476 1557 2554 testis
1576 2503 1688 2583 supra
1704 2478 1768 2581 ju-

343 2625 465 2693 ratus,
487 2633 533 2683 xx
554 2632 740 2684 annorum
768 2604 825 2682 vel
847 2604 959 2692 circa,
986 2604 1052 2710 qui
1080 2605 1119 2679 in
1140 2602 1301 2681 concilio
1321 2606 1517 2696 Remensi,
1538 2606 1577 2680 in
1603 2634 1679 2712 quo
1700 2634 1768 2711 per

344 2736 542 2814 dominrun
561 2734 883 2841 archiepiscopum
897 2736 1125 2811 Remensem
1138 2733 1334 2811 absolutus
1352 2751 1390 2811 et
1406 2734 1668 2812 reconciliatus
1687 2734 1768 2812 fue-

343 2884 415 2954 rat,
437 2866 659 2945 mantellum
676 2866 881 2944 dimiserat.
897 2866 1173 2942 Protestacione
1194 2865 1373 2971 premissa
1388 2866 1493 2973 quod
1510 2895 1587 2943 non
1602 2866 1767 2944 intendit

343 2998 518 3076 recedere
538 3025 559 3073 a
584 2996 825 3103 deposicione
846 3024 914 3101 per
934 3023 1023 3071 eum
1043 2993 1136 3070 lacta
1164 3022 1290 3072 coram
1313 2995 1413 3073 dicto
1439 2997 1595 3074 domino
1622 2997 1767 3075 archie-

343 3128 512 3235 piscopo,
535 3127 641 3204 lectis
661 3144 699 3202 et
723 3125 925 3232 diligenter
949 3124 1123 3230 expositis
1143 3125 1214 3202 sibi
1235 3126 1413 3204 omuibus
1436 3144 1474 3203 et
1498 3127 1656 3234 singulis
1680 3129 1768 3204 arti-

344 3257 457 3347 culis,
480 3257 677 3363 respondit
690 3257 795 3362 quod
814 3281 892 3331 non
913 3271 1066 3331 steterat
1080 3255 1120 3330 in
1141 3257 1292 3348 ordine,
1313 3257 1384 3333 nisi
1399 3286 1468 3362 per
1481 3257 1685 3335 dimidium
1701 3287 1766 3335 au·

345 3415 437 3463 num
458 3403 543 3462 ante
564 3386 780 3492 capcionem
803 3412 953 3472 eorum,
980 3411 1050 3461 nec
1075 3384 1240 3492 aliquem
1266 3387 1382 3464 alium
1412 3387 1556 3464 viderat
1583 3389 1697 3494 recipi
1722 3389 1761 3464 in

345 3516 477 3593 ordine
498 3532 723 3604 memorato,
745 3515 847 3591 unde
868 3513 1073 3603 nesciebat,
1097 3542 1166 3591 nec
1185 3516 1383 3605 credebat,
1403 3546 1473 3593 nec
1488 3516 1679 3595 audiverat
1692 3517 1765 3596 dici

345 3644 393 3722 de
413 3644 600 3723 contentis
629 3644 668 3721 in
690 3645 798 3722 dictis
819 3644 985 3721 articulis
1009 3644 1079 3721 nisi
1100 3645 1205 3752 quod
1226 3647 1409 3752 sequitur.
1435 3647 1538 3724 Dixit
1564 3674 1700 3752 nempe
1726 3675 1766 3725 se

343 3775 456 3852 luisse
469 3792 663 3882 receptum
675 3775 715 3851 in
735 3774 876 3880 capella
892 3776 1028 3852 domus
1048 3775 1198 3882 Templi
1213 3777 1260 3852 de
1280 3776 1418 3883 Nuylhi
1439 3775 1670 3853 Belvaccnsis
1686 3777 1768 3855 dio·

344 3906 454 3996 cesis,
474 3934 542 4013 per
553 3905 707 3983 fratrem
718 3905 963 4012 Radulpbum
985 3904 1032 3981 de
1042 3904 1206 3996 Gisiaco,
1219 3924 1354 3984 testem
1370 3935 1481 4014 supra
1494 3907 1764 3995 examinatum,

342 4036 580 4142 presentibus
613 4035 791 4114 fratribus
830 4036 1000 4113 lohanne
1031 4036 1078 4111 de
1110 4038 1208 4113 Nans
1239 4038 1466 4142 presbitero,
1501 4063 1616 4143 quem
1646 4037 1768 4114 credit

343 4166 497 4255 obiisse,
521 4167 647 4254 Petro,
676 4182 815 4271 nepote
844 4164 968 4242 fratris
998 4166 1167 4272 Hugonis
1203 4166 1251 4244 de
1283 4167 1500 4257 Penrando,
1535 4165 1689 4254 militis,
1729 4184 1768 4243 et

342 4296 543 4402 lladulpho
562 4296 611 4374 de
635 4295 861 4401 Conpendio
880 4296 1088 4387 serviente,
1115 4324 1212 4402 quos
1231 4283 1350 4374 credit
1375 4297 1514 4385 vivere3
1536 4323 1768 4402 equorece·

342 4445 450 4531 ptorc
469 4453 564 4533 pane
586 4441 626 4503 et
643 4453 740 4532 aqua
760 4425 904 4504 ordinis
927 4425 1133 4533 requisitis,
1154 4442 1193 4504 et
1212 4426 1381 4532 predicto
1394 4425 1499 4532 quod
1509 4425 1608 4503 bene
1620 4426 1767 4504 delibe-

342 4572 458 4646 raret,
471 4555 540 4632 sibi
557 4554 756 4646 concessis,
770 4554 925 4662 prestito
938 4557 1045 4664 quod
1059 4583 1137 4633 non
1153 4573 1232 4633 erat
1243 4556 1350 4644 alteri
1367 4554 1556 4662 religioni,
1572 4555 1767 4633 matrimo-

343 4685 408 4762 nio
419 4682 477 4761 vel
489 4684 627 4763 debitis
637 4712 712 4791 que
723 4713 802 4762 non
817 4701 944 4792 posset
953 4685 1097 4763 solvere
1114 4685 1313 4793 obligatus,
1327 4713 1398 4761 nec
1409 4684 1763 4779 excommunicatus,

342 4841 412 4891 nec
423 4813 565 4892 servilis
582 4814 831 4904 conditionis,
849 4832 887 4893 et
901 4816 1008 4921 quod
1022 4843 1100 4894 non
1113 4815 1277 4893 babebat
1295 4813 1553 4893 infirmitatem
1569 4813 1762 4905 latentem,
