4236 5948
351 541 425 614 292
739 518 935 609 pnocns
960 534 1057 606 ons
1083 533 1382 607 rnueninas

349 682 396 756 de
428 679 509 756 Ysis
539 676 726 785 Sagiensis
752 677 925 763 diocesis,
954 678 1060 753 etatis
1084 674 1353 785 quinquaginta
1381 704 1565 753 annorum
1586 679 1644 755 vel
1667 681 1776 771 circa,

349 829 391 887 ut
412 810 578 898 dicebat,
605 809 709 884 testis
735 808 870 885 eodem
894 807 1010 884 modo
1031 808 1178 913 juratus
1204 808 1317 888 dese
1343 823 1380 885 et
1400 807 1480 884 aliis
1500 808 1538 884 in
1561 839 1670 888 causa
1688 808 1779 891 fidei

309 992 312 995 >
350 943 474 1019 dicere
494 940 704 1028 veritatenr;
725 956 763 1014 et
783 939 1032 1043 interrogatus
1054 938 1100 1015 de
1120 954 1290 1045 ternpore
1310 956 1348 1015 et
1366 938 1481 1016 modo
1503 968 1569 1016 sue
1590 944 1780 1049 recepcio-

350 1074 422 1160 nis,
451 1071 542 1149 dixit
568 1099 636 1176 per
656 1070 912 1176 juramentum
932 1097 1043 1146 suum
1071 1069 1174 1175 quod
1201 1087 1373 1176 receptus
1398 1068 1468 1147 luit
1496 1071 1533 1147 in
1557 1072 1653 1152 festo
1677 1073 1779 1153 beati
1851 1081 1854 1084 ⁴

348 1203 506 1283 Dionisii
536 1200 693 1279 luerunt
726 1201 854 1309 viginti
886 1216 1049 1308 quatuor
1077 1200 1166 1276 anni
1196 1201 1327 1307 elapsi,
1358 1200 1535 1293 Parisius,
1568 1204 1609 1280 in
1640 1205 1778 1311 capella

349 1335 484 1411 domus
504 1334 670 1441 Templi,
686 1363 754 1440 per
771 1332 923 1411 fratrem
943 1332 1155 1410 iohannem
1177 1334 1224 1410 de
1245 1334 1376 1411 Turno
1394 1351 1484 1412 tunc
1502 1334 1777 1415 thesaurarium

347 1465 609 1553 Parisiensem‚
633 1482 671 1542 et
690 1465 796 1573 quod
811 1463 967 1541 luerunt
986 1492 1074 1541 cum
1091 1492 1136 1541 eo
1156 1464 1296 1571 recepti
1316 1464 1431 1541 frater
1448 1463 1494 1543 G.
1511 1465 1622 1543 Canis
1642 1466 1779 1546 delun·

347 1613 445 1689 ctus,
462 1614 500 1674 et
520 1614 680 1702 quatuor
699 1597 761 1673 alii
782 1597 848 1703 qui
874 1624 1002 1673 onmes
1023 1612 1112 1672 sunt
1130 1595 1288 1685 mortui,
1316 1612 1354 1672 et
1372 1595 1463 1674 dixit
1483 1598 1588 1704 quod
1607 1617 1776 1704 aportato

345 1726 444 1804 libro
463 1728 648 1833 recipiens
668 1726 756 1803 lecit
776 1755 862 1803 eum
875 1727 1003 1833 jurare
1021 1743 1155 1803 statuta
1175 1725 1339 1832 quedam
1359 1725 1502 1804 ordinis
1523 1728 1720 1807 observare
1741 1749 1778 1808 et

346 1859 504 1937 osculari
532 1859 691 1948 librum,
720 1875 757 1935 et
779 1875 907 1963 postea
932 1857 1034 1934 idem
1062 1856 1247 1962 recipiens
1272 1874 1420 1934 ostensa
1447 1858 1517 1936 sibi
1546 1888 1658 1937 cruce
1687 1891 1775 1939 cum

343 1991 516 2097 ymagine
532 1990 669 2068 Christi
693 1989 883 2066 existentis
904 1988 943 2064 in
969 1987 1068 2066 dicto
1088 1987 1202 2077 libro,
1219 1988 1386 2094 precepit
1402 1988 1436 2065 ei
1452 1989 1557 2095 quod
1577 1990 1776 2099 abnegaret

343 2121 552 2210 Christum,
572 2122 679 2229 quod
696 2120 799 2224 fecit,
824 2136 865 2196 ut
880 2119 983 2196 dixit.

401 2253 654 2359 Interrogatus
686 2252 866 2358 quociens
900 2250 1110 2357 abnegavit,
1145 2250 1239 2328 dixit
1273 2280 1341 2358 per
1370 2251 1627 2360 juramentum
1662 2282 1774 2332 suum

344 2384 452 2491 quod
470 2385 605 2473 semel,
626 2401 664 2461 et
685 2383 801 2460 semel
821 2383 922 2489 spuit
942 2411 1053 2488 supra
1073 2411 1224 2459 crucem
1239 2399 1273 2461 et
1286 2384 1512 2492 ymaginem.
1527 2384 1629 2463 Dixit
1645 2403 1774 2464 tamen

344 2515 447 2622 quod
467 2516 587 2593 credit
605 2516 709 2622 quod
728 2513 876 2592 lecisset
895 2542 983 2591 eum
1005 2514 1188 2620 abnegare
1211 2531 1248 2590 et
1266 2543 1401 2619 spuere
1421 2515 1578 2620 pluries,
1602 2517 1670 2594 sed
1689 2516 1774 2623 plu·

343 2675 402 2724 res
420 2646 576 2725 luerunt
594 2646 735 2754 recepti
756 2674 841 2723 cum
864 2674 925 2735 eo,
949 2644 1121 2721 videlicet
1141 2646 1326 2753 quinque,
1343 2664 1386 2722 ut
1404 2646 1553 2723 videtur
1572 2646 1662 2736 sibi,
1679 2665 1718 2725 et
1732 2667 1774 2726 ut

343 2779 527 2885 recipiens
546 2779 738 2886 expediret
758 2807 813 2868 se,
832 2806 908 2856 non
929 2776 1017 2855 lecit
1038 2806 1126 2853 eum
1142 2777 1324 2884 abnegare
1346 2794 1383 2854 et
1397 2806 1532 2884 spuere
1548 2778 1620 2856 nisi
1637 2779 1771 2871 semel,

343 2929 379 2987 et
399 2929 478 2989 erat
496 2912 589 2989 hora
609 2911 770 3019 prandii.

397 3045 650 3153 Interrogatus
669 3061 799 3120 utrum
819 3041 880 3118 alii
901 3040 1048 3119 fuerant
1068 3070 1137 3146 per
1156 3040 1319 3118 similem
1335 3041 1494 3118 modum
1507 3043 1662 3149 recepti,
1681 3043 1773 3122 dixit

342 3177 446 3281 quod
466 3177 600 3267 nescit,
616 3176 704 3282 quia
721 3173 845 3251 statim
863 3171 1051 3250 duxerunt
1064 3200 1152 3249 eum
1169 3189 1268 3252 extra
1282 3171 1476 3279 capellam,
1493 3190 1535 3250 ut
1549 3172 1773 3252 indueretur

342 3306 506 3383 vestibus
522 3307 677 3384 ordinis.
1497 3385 1499 3389 .

398 3439 650 3546 Interrogatus
669 3454 796 3515 utrum
823 3465 954 3514 omnes
980 3435 1050 3542 alii
1064 3437 1129 3542 qui
1150 3437 1385 3543 recipiuntur
1408 3437 1484 3512 sint
1504 3464 1573 3542 per
1597 3435 1772 3542 eumdem

342 3566 499 3646 modum
520 3570 680 3675 recepti,
704 3570 797 3647 dixit
810 3567 914 3676 quod
935 3568 1055 3646 credit
1074 3568 1233 3672 firmiter
1248 3568 1353 3675 quod
1372 3567 1436 3644 sic.
1454 3568 1556 3645 Dixit
1572 3569 1689 3647 eciam
1706 3597 1773 3676 per

337 3700 594 3806 juramentum
609 3730 721 3780 suum
736 3700 840 3809 quod
856 3700 919 3779 ille
930 3698 995 3806 qui
1008 3728 1094 3777 eum
1110 3699 1252 3805 recepit
1272 3698 1364 3777 dixit
1376 3698 1445 3776 sibi
1463 3717 1501 3776 et
1515 3699 1598 3778 aliis
1611 3700 1677 3807 qui
1692 3700 1773 3777 lue·

343 3849 433 3908 runt
446 3834 586 3939 recepti
607 3861 692 3911 cum
709 3862 772 3924 eo,
790 3832 896 3940 quod
916 3833 945 3909 si
962 3831 1098 3939 aliquis
1118 3830 1220 3908 calor
1234 3830 1414 3908 naturalis
1430 3848 1598 3909 moveret
1617 3860 1703 3908 eum
1726 3832 1772 3913 ad

341 3964 572 4053 coeundum,
588 3965 693 4071 quod
708 3964 844 4040 melius
864 3978 943 4039 erat
960 3962 1067 4069 quod
1085 3961 1217 4038 lratres
1237 3962 1294 4038 sui
1316 3959 1458 4038 ordinis
1477 3960 1616 4038 scirent
1634 3979 1772 4039 secreta

341 4122 407 4172 sua
422 4124 536 4202 quam
556 4097 751 4184 mulieres,
778 4112 816 4172 et
834 4093 953 4172 credit
973 4093 1078 4200 quod
1096 4121 1167 4197 per
1192 4092 1267 4170 hoc
1289 4091 1549 4199 injungeretur
1572 4093 1642 4170 sibi
1671 4092 1773 4200 quod

262 4278 269 4290 ·
340 4226 420 4334 ipse
439 4246 477 4306 et
496 4229 558 4305 alii
575 4229 708 4305 lratres
727 4227 1014 4305 commiscerent
1032 4252 1072 4302 se
1090 4223 1286 4301 carnaliter
1300 4223 1522 4302 adinvicem.
1537 4224 1640 4302 Dixit
1657 4225 1772 4302 eciam

340 4388 408 4465 per
426 4359 685 4467 juramentum
710 4388 822 4436 suum
843 4357 948 4465 quod
974 4357 1020 4433 de
1040 4355 1231 4462 premissis
1251 4354 1383 4436 dolens
1402 4372 1440 4432 et
1459 4355 1666 4433 contrictus
1684 4383 1772 4434 con-

340 4489 459 4568 sessus
479 4492 552 4569 luit
575 4492 647 4570 hoc
671 4490 937 4598 penitenciario
964 4488 1064 4565 bone
1090 4488 1272 4564 memorie
1301 4486 1447 4564 domini
1470 4486 1658 4592 Renulphi
1683 4505 1772 4564 tunc

342 4622 505 4727 episcopi
528 4621 761 4713 Parisiensis,
784 4620 848 4727 qui
868 4619 1070 4698 vocabatur
1088 4617 1202 4697 irater
1221 4616 1408 4706 Nicolaus‚
1425 4616 1490 4724 qui
1513 4646 1601 4694 eum
1621 4617 1669 4694 de
1689 4615 1772 4724 pre2

342 4751 466 4839 dictis,
493 4769 676 4858 quatenus
696 4767 842 4859 poterat
862 4768 900 4827 et
918 4751 965 4828 ad
989 4779 1077 4827 eum
1099 4750 1327 4854 pertinebat,
1347 4748 1519 4838 absolvit,
1540 4765 1582 4826 ut
1603 4747 1714 4839 dixit,
1736 4766 1772 4826 et

341 4881 500 4992 injunxit
519 4882 587 4962 sibi
605 4882 854 4990 penitenciam
877 4882 1092 4971 salutarem,
1110 4897 1148 4959 et
1162 4880 1432 4959 nichilominus
1450 4881 1538 4989 quia
1562 4880 1686 4959 adhuc
1705 4880 1771 4959 ha·
