4236 5948
351 503 399 576 33
738 480 938 574 333333
966 500 1061 571 333
1088 498 1389 571 retinemus.

350 663 387 720 et
402 643 564 750 qualiter
584 659 621 718 et
642 669 752 747 aquo
767 660 940 761 receptus
958 640 1091 729 luerat,
1111 658 1149 717 et
1162 668 1259 746 quos
1276 640 1390 746 recipi
1408 639 1565 729 viderat,
1584 640 1776 746 respondit

350 775 454 881 quod
474 775 554 879 ipse
576 790 614 850 et
633 773 802 879 quinque
824 772 885 849 alii
904 772 1035 848 fratres
1056 774 1188 847 Petrus
1206 771 1347 848 Mathei
1367 770 1563 877 presbiter,
1588 788 1624 845 et
1644 772 1775 847 Petrus

351 923 388 980 et
406 906 595 982 lohannes
616 904 756 980 Matbei
777 903 997 990 servientes,
1021 920 1177 1008 nepotes
1197 902 1367 1011 ejusdem
1384 899 1600 1006 presbiteri,
1618 902 1665 979 de
1681 904 1776 978 Nan-

350 1035 442 1112 tolio
468 1034 626 1111 diocesis
652 1033 892 1123 Pictavensis,
919 1031 1120 1109 Arnaudus
1147 1032 1195 1108 de
1219 1033 1406 1121 Vuctone,
1434 1032 1541 1139 cujus
1566 1060 1775 1137 cognomen

349 1168 510 1271 ignorat,
542 1181 579 1239 et
607 1163 762 1269 quidam
793 1162 889 1238 alius
912 1163 960 1238 de
988 1163 1097 1270 cujus
1125 1162 1280 1238 nomine
1302 1179 1338 1238 et
1362 1163 1583 1268 cognomine
1612 1191 1687 1239 non
1718 1194 1776 1239 re-

348 1296 535 1383 cordatur,
555 1290 711 1368 fuerunt
727 1293 842 1369 simul
860 1293 998 1399 recepti
1019 1293 1057 1368 in
1075 1292 1215 1398 capella
1237 1293 1373 1369 domus
1385 1292 1535 1397 Templi
1550 1293 1596 1369 de
1613 1294 1644 1371 V
1647 1312 1775 1372 ertone

345 1424 641 1534 Engolismensis
655 1423 825 1509 diocesis,
843 1451 911 1530 per
925 1422 1078 1500 fratrem
1091 1422 1356 1532 Raymundum
1373 1422 1420 1499 de
1438 1423 1596 1500 Marolio
1616 1425 1774 1501 militem

348 1557 560 1660 quondam,
583 1572 672 1631 tunc
704 1555 1027 1631 locumtenentem
1061 1555 1292 1661 preceptoris
1311 1554 1490 1646 Pictavie,
1512 1555 1550 1631 in
1572 1554 1666 1632 sesto
1687 1557 1777 1634 Om-

348 1687 456 1762 nium
476 1689 698 1764 Sanctorum
729 1688 896 1793 proxime
917 1686 1099 1792 preterito
1125 1685 1281 1762 suerunt
1302 1713 1346 1763 xx
1368 1687 1453 1761 3331
1482 1685 1539 1761 vel
1565 1687 1672 1774 circa,
1692 1716 1777 1793 pre-

347 1817 517 1893 sentibus
534 1815 711 1892 fratribus
728 1815 933 1892 Guillelmo
950 1815 985 1892 le
1002 1815 1233 1893 Chandelier
1254 1815 1300 1891 de
1324 1816 1460 1893 Sancto
1476 1815 1684 1893 Guillelmo
1701 1818 1775 1894 deu

348 1949 482 2024 Desert
502 1947 752 2038 Lodunensis,
774 1949 883 2040 Petro
900 1947 947 2023 de
961 1931 1166 2024 Moutubac
1182 1946 1478 2053 Engolismensis
1494 1947 1664 2033 diocesis,
1681 1977 1776 2054 quos

347 2080 466 2155 credit
480 2080 621 2165 vivere3
638 2078 807 2156 Gerardo
828 2078 862 2154 la
880 2080 1030 2157 Vernba
1049 2097 1269 2184 preceptore
1293 2077 1574 2186 Petragoricini,
1598 2078 1774 2156 Arnaudo

349 2209 394 2285 de
411 2208 607 2297 Radalbac‚
626 2227 663 2284 et
678 2209 907 2315 quibusdam
924 2209 1006 2285 aliis
1025 2208 1274 2286 servientibus
1292 2208 1507 2296 (1311333313,
1526 2209 1561 2282 13
1579 2209 1680 2284 bunc
1695 2237 1776 2285 mo-

349 2340 454 2415 dum:
473 2367 559 2415 nam
579 2340 747 2446 exposito
769 2340 880 2445 quod
895 2339 1074 2416 volebant
1095 2367 1175 2416 esse
1196 2339 1236 2414 in
1257 2338 1410 2414 servicio
1431 2338 1499 2414 Dei
1518 2332 1556 2413 et
1574 2339 1718 2416 ordinis
1739 2356 1775 2416 et

347 2471 440 2546 servi
459 2470 590 2547 esclavi
611 2472 729 2546 Terre
745 2472 894 2561 Sancte,
918 2487 955 2547 et
973 2472 1089 2577 petita
1107 2471 1257 2547 caritate
1278 2469 1439 2560 ordinis,
1456 2468 1528 2545 suit
1549 2472 1601 2545 eis
1620 2497 1775 2577 respou-

346 2631 429 2678 sum
455 2602 560 2708 quod
580 2602 678 2678 bene
701 2601 970 2692 deliberarent,
989 2601 1077 2707 quia
1103 2617 1294 2708 oporteret
1315 2628 1378 2676 eos
1397 2599 1567 2676 abdicare
1592 2630 1611 2676 3
1632 2629 1671 2678 33
1689 2630 1776 2708 pro-

347 2732 465 2836 priam
482 2732 713 2809 voluntatem
729 2750 767 2809 et
782 2732 913 2840 subjici
931 2732 1064 2819 aliene,
1083 2749 1120 2809 et
1135 2731 1253 2808 multa
1268 2732 1363 2808 dura
1379 2749 1415 2807 et
1430 2760 1558 2836 aspera
1571 2734 1772 2822 sustiuere3

347 2878 384 2936 et
405 2891 490 2937 cum
515 2863 584 2969 ipsi
611 2863 792 2940 dixissent
812 2864 917 2970 quod
942 2864 1070 2940 omnia
1096 2862 1326 2941 sustinerent
1345 2878 1382 2938 et
1401 2890 1470 2968 pro
1491 2890 1624 2938 eorum
1644 2891 1773 2969 recep-

345 2993 453 3069 31333
475 2995 673 3087 instarent,
695 2996 840 3100 poscito
867 2993 913 3070 ab
942 2995 995 3071 eis
1022 2996 1126 3100 quod
1149 3021 1225 3069 uon
1254 3011 1359 3069 erant
1386 2994 1644 3083 matrimonio,
1667 2993 1772 3071 alteri

345 3123 518 3229 religioni
543 3153 611 3201 uec
633 3101 866 3230 debitisque
888 3125 1030 3201 solvere
1055 3153 1131 3201 non
1155 3141 1308 3230 possent
1331 3123 1501 3232 obligati,
1533 3152 1602 3201 nec
1630 3153 1775 3202 excom-

344 3255 536 3341 municati,
554 3283 624 3332 nec
645 3256 785 3332 servilis
806 3255 1054 3343 condicionis,
1078 3285 1147 3331 nec
1167 3254 1357 3331 habebant
1377 3253 1635 3332 infirmitatem
1655 3254 1773 3332 lateu-

343 3403 433 3471 tem,
454 3384 541 3461 lecit
557 3413 622 3462 eos
635 3413 766 3462 vovere
783 3403 820 3461 et
831 3365 1080 3492 jurareq‘uod
1096 3403 1219 3461 esseut
1235 3384 1456 3462 obedientes
1472 3386 1554 3461 Deo
1570 3403 1607 3463 et
1627 3387 1771 3474 ordini,

344 3515 521 3621 Magistro
536 3504 679 3592 ordinis
692 3533 728 3591 et
741 3515 1026 3621 preceptoribus
1041 3544 1191 3604 eorum,
1208 3517 1313 3621 quod
1327 3517 1492 3593 viverent
1508 3517 1586 3591 siue
1600 3518 1769 3623 proprio,

344 3663 381 3722 et
395 3665 582 3722 servarent
595 3647 801 3724 castitatem
816 3664 854 3723 et
864 3646 988 3724 bonos
1001 3676 1091 3723 usus
1103 3664 1141 3724 et
1156 3646 1275 3724 bonas
1291 3648 1584 3725 consuetudines
1599 3649 1664 3755 qui
1680 3666 1771 3725 tunc

344 3776 510 3851 3333313
539 3775 687 3867 ordine,
711 3794 749 3853 et
768 3778 833 3883 qui
860 3778 897 3852 in
924 3795 1119 3884 posterum
1140 3779 1427 3882 imponerentur
1447 3806 1515 3882 per
1543 3778 1772 3883 presbiteros

344 3907 497 3995 ordinis,
521 3924 558 3983 et
578 3908 684 4013 quod
696 3926 819 3985 esseut
839 3909 989 3989 serviet
1008 3908 1137 3984 esclavi
1155 3912 1272 3986 Terre
1291 3911 1441 3996 Sancte,
1462 3927 1500 3984 et
1515 3910 1700 4014 impositis
1718 3912 1772 3987 eis

343 4036 544 4124 mantellis,
558 4055 729 4143 receptor
744 4056 782 4114 et
801 4055 963 4117 astantes
978 4039 1133 4115 suerunt
1153 4068 1218 4116 eos
1236 4039 1391 4116 osculati
1409 4041 1448 4114 in
1467 4067 1550 4129 ore,
1575 4059 1612 4116 et
1631 4041 1771 4118 instru-

342 4168 404 4243 xit‘
415 4197 477 4246 eos
498 4188 591 4276 quot
608 4171 720 4247 Pater
733 4170 1035 4247 noster'dicereut
1047 4199 1116 4276 pro
1135 4172 1238 4248 boris
1256 4172 1345 4263 suis,
1368 4190 1405 4248 et
1420 4171 1583 4277 qualiter
1597 4188 1772 4279 regerent

342 4327 380 4374 se
405 4300 443 4375 in
464 4300 613 4387 ordine,
636 4299 764 4405 plures
784 4330 890 4378 casus
911 4319 1138 4407 exponentes
1158 4320 1312 4409 propter
1332 4332 1428 4410 quos
1448 4320 1622 4409 poterant
1646 4304 1771 4380 incur-

339 4456 422 4505 rere
440 4431 603 4505 diversas
620 4457 735 4533 penas
751 4431 966 4537 etperdere
983 4431 1154 4524 domum,
1173 4451 1211 4511 et
1227 4433 1321 4510 dixit
1338 4435 1392 4511 eis
1408 4433 1513 4539 quod
1533 4433 1580 4509 ab
1597 4433 1678 4513 aliis
1698 4434 1771 4510 fra-

340 4560 463 4637 tribus
484 4559 628 4636 ordinis
648 4579 802 4664 possent
821 4563 1074 4668 inposterum
1093 4563 1256 4669 amplius
1275 4564 1481 4641 informari.
1503 4565 1721 4671 Requisitus
1740 4569 1770 4644 si

342 4692 420 4796 ipse
446 4690 503 4767 vel
529 4688 662 4797 aliquis
694 4693 951 4798 predictorum
977 4713 1217 4799 receptorum
1244 4723 1403 4772 cumaeo
1428 4695 1569 4773 suerint
1594 4697 1697 4773 ducti
1722 4701 1769 4775 ad

341 4837 484 4926 partem
508 4849 576 4926 per
593 4841 825 4928 receptorem
843 4824 900 4902 vel
917 4825 1046 4914 alium,
1063 4826 1258 4931 respondit
1276 4825 1381 4932 quod
1400 4853 1489 4913 non,
1513 4843 1549 4901 et
1564 4827 1669 4933 quod
1685 4828 1771 4904 uul-
