4236 5948
737 509 933 603 eneces
961 527 1055 601 nas
1082 527 1382 603 rennuens.
1700 534 1769 606 isa

350 670 388 746 in
407 664 505 747 lecto
524 664 795 774 Apostolorum
817 667 918 748 Petri
942 685 981 747 et
1004 666 1112 748 Pauli
1126 667 1279 748 instanti
1301 683 1414 750 erunt
1436 668 1584 746 circiter
1599 696 1647 747 ru
1665 672 1771 764 anni,

348 826 414 907 per
448 796 603 883 tamem
627 798 839 878 iohannem
872 798 982 878 Pilati
1016 797 1207 906 quondam
1241 798 1482 889 servientem,
1514 817 1773 906 preceptorem

348 946 438 1006 tunc
459 928 509 1005 de
533 928 645 1006 Ulmo
664 928 835 1017 Tuandi,
860 927 1103 1035 presentibus
1123 927 1301 1009 fratribus
1326 927 1535 1009 Guillelnro
1561 929 1775 1038 Talheboys

348 1058 547 1150 serviente,
569 1057 756 1139 avunculo
774 1057 895 1165 ipsius
910 1058 1034 1148 testis,
1048 1057 1219 1139 Gerrrdo
1238 1058 1370 1141 Crosat
1381 1059 1607 1167 presbitero,
1623 1078 1661 1138 et
1681 1061 1775 1138 duo·

346 1187 419 1271 bus
434 1188 518 1271 aliis
537 1188 739 1268 deffirnctis
754 1188 794 1266 in
814 1188 918 1268 bunc
937 1189 1125 1268 modum:
1147 1218 1234 1267 nam
1249 1216 1337 1269 cum
1350 1190 1554 1270 instructus
1564 1191 1775 1299 requisivis-

348 1335 404 1399 set
422 1319 615 1400 caritatem
642 1318 780 1398 domus
802 1319 962 1426 pluries,
988 1335 1027 1399 et
1045 1321 1079 1398 ei
1106 1318 1271 1399 finaliter
1291 1347 1465 1405 concessa
1484 1318 1633 1412 fuisset,
1652 1320 1773 1401 dictus
1843 1334 1848 1343 '

347 1464 518 1554 receptor
542 1449 724 1556 imposuit
744 1448 816 1529 sibi
836 1447 1077 1543 mantellum,
1102 1466 1142 1528 et
1160 1451 1240 1558 ipse
1259 1468 1298 1529 et
1323 1465 1484 1535 astantes
1513 1449 1669 1529 osculati
1690 1452 1773 1528 lue·

348 1594 438 1657 runt
455 1604 546 1661 eum
561 1579 601 1655 in
619 1606 697 1657 ore.
720 1581 898 1687 Postque
918 1579 1043 1663 dietus
1054 1597 1227 1687 receptor
1241 1579 1330 1661 lecit
1344 1608 1433 1659 eum
1447 1606 1580 1658 vovere
1595 1597 1634 1659 et
1642 1582 1770 1688 jurare

347 1709 552 1793 castitatem
581 1725 620 1788 et
645 1708 925 1803 obedienciam,
957 1727 997 1789 et
1018 1709 1139 1791 vivere
1166 1710 1246 1791 sine
1275 1710 1447 1818 proprio,
1477 1737 1621 1791 semare
1650 1709 1771 1791 bonos

348 1866 436 1915 usus
455 1855 494 1914 et
508 1837 625 1917 bonas
643 1839 937 1917 consuetudines
955 1840 1111 1918 ordinis.
1134 1839 1283 1918 Deinde
1300 1839 1409 1917 allata
1429 1840 1547 1916 nescit
1568 1867 1636 1945 per
1654 1868 1769 1947 quem
1872 1865 1873 1868 ’

348 1996 391 2046 ex
411 1969 520 2052 dietis
547 1967 724 2053 iratribus
741 1971 906 2077 quadm
924 1997 1034 2050 mure
1049 1968 1189 2078 lignea,
1212 1987 1256 2048 ut
1275 1970 1346 2050 sibi
1362 1969 1522 2060 videtur,
1544 1971 1673 2076 inqua
1692 1998 1768 2051 non

349 2116 426 2175 erat
440 2127 576 2208 ymago
594 2099 787 2191 Cmcifixi,
808 2101 977 2208 precepit
995 2101 1031 2181 ei
1053 2100 1160 2208 quod
1179 2099 1381 2210 abnegaret
1398 2100 1540 2189 Deum,
1562 2117 1599 2178 et
1619 2121 1771 2207 spueret

347 2254 461 2333 super
476 2228 613 2315 dictam
633 2259 801 2322 crucem,
820 2231 961 2338 etipse
984 2231 1090 2314 nats
1113 2229 1307 2339 abnegavit
1327 2230 1471 2320 Deum,
1495 2247 1533 2308 et
1552 2230 1653 2336 spuit
1664 2231 1772 2336 juxta

346 2354 483 2436 dicmur
498 2386 730 2440 euremaro
746 2388 824 2441 non
844 2361 977 2450 eorde,
997 2376 1043 2443 ut
1056 2360 1167 2450 dixit,
1188 2388 1260 2440 nec
1275 2358 1473 2439 declaravit
1493 2359 1564 2438 sibi
1583 2361 1686 2469 qnod
1707 2360 1775 2439 itte

346 2506 471 2565 essent
494 2487 547 2569 de
568 2490 717 2595 punctis
742 2490 887 2570 ordinis
911 2489 971 2574 vei
994 2489 1037 2571 in
1061 2489 1142 2596 ipso
1162 2489 1296 2571 ordine
1320 2504 1509 2570 mosoma.
1535 2488 1617 2567 Alia
1641 2488 1771 2569 illicita

345 2642 422 2693 non
452 2617 585 2697 recolit
612 2619 854 2701 intervenisse
877 2620 915 2696 in
941 2619 1040 2701 diets
1058 2647 1125 2699 sua
1150 2619 1368 2725 recepcione
1394 2646 1464 2695 nec
1487 2635 1587 2724 post,
1612 2619 1771 2699 credens

345 2745 450 2850 quod
470 2745 602 2824 eadem
626 2747 727 2826 licita
745 2765 783 2827 et
800 2748 932 2828 illicita
952 2748 1205 2828 communiter
1224 2765 1263 2833 et
1281 2747 1423 2855 ubique
1440 2748 1708 2827 intervenirent
1728 2752 1767 2826 in

345 2876 628 2982 recepciouibns
641 2877 800 2957 eliorum
815 2878 873 2957 vel
890 2895 985 2985 post.
1005 2878 1118 2964 Item,
1140 2876 1233 2954 dixit
1251 2904 1291 2955 se
1304 2876 1404 2955 bene
1423 2877 1576 2955 erodere
1596 2878 1770 2956 ecclesia·

345 3004 445 3082 sticis
454 3007 711 3098 sacramentis,
726 3025 765 3086 et
776 3007 882 3115 quod
894 3007 957 3087 alii
970 3005 1101 3087 lratoes
1116 3005 1260 3083 ordinis
1275 3005 1410 3085 eodem
1426 3007 1541 3087 modo
1556 3006 1767 3099 crederent,

345 3150 382 3210 et
400 3134 506 3240 quod
525 3162 660 3214 eorum
679 3137 896 3217 sacerdotes
906 3136 1032 3216 debite
1046 3135 1292 3222 celebrarent.
1307 3138 1348 3215 ln
1362 3137 1582 3243 recepcione
1596 3166 1662 3217 sua
1680 3165 1769 3245 pro-

344 3265 449 3343 misit
466 3292 545 3345 non
565 3267 824 3352 oxiredietnm
844 3268 1034 3357 ordinem,
1060 3267 1131 3347 nisi
1156 3294 1226 3374 pro
1254 3268 1404 3357 arciori,
1426 3283 1465 3346 et
1483 3267 1607 3349 fuitei
1624 3268 1770 3349 dictum

343 3393 449 3499 quod
472 3397 597 3479 statim
636 3424 705 3503 pro
740 3396 908 3503 professe
944 3397 1166 3479 habebatur.
1204 3397 1445 3478 Clandestine
1476 3398 1765 3504 recipiebantur,

345 3525 459 3604 nullis
474 3528 712 3633 preseunbus
729 3529 800 3608 nisi
815 3526 992 3608 fratribus
1005 3527 1166 3616 ordinis,
1183 3556 1227 3606 ex
1246 3556 1324 3634 quo
1339 3527 1459 3606 eredit
1474 3527 1581 3635 quod
1601 3546 1698 3607 esset
1712 3558 1770 3608 su

343 3654 460 3760 spicio
478 3672 607 3736 contm
621 3684 697 3734 eos.
712 3656 892 3736 Cordulis
904 3657 1008 3735 uude
1027 3655 1205 3736 volebant
1224 3657 1423 3763 assatmptis
1438 3656 1685 3763 cingebantur
1704 3667 1768 3736 s‘u·

343 3812 412 3888 per
428 3785 596 3864 camisias
617 3815 704 3867 cum
721 3785 862 3894 quibus
873 3785 1061 3893 jacebant.
1085 3786 1357 3895 Injungebatur
1380 3786 1436 3863 eis
1453 3786 1559 3893 quod
1571 3816 1647 3864 non
1665 3817 1768 3867 reve·

343 3911 465 3993 larent
482 3932 622 3999 secreta
651 3916 931 4023 capitoliorum
959 3916 1027 4022 qui
1051 3916 1278 3997 revelassent
1302 3915 1474 4006 habitum
1501 3917 1764 4022 perdidissent.

343 4043 538 4137 Quamdiu
553 4045 693 4131 hebere
708 4064 882 4154 poterant
895 4047 1107 4129 sacerdotes
1122 4048 1282 4136 ordinis,
1299 4072 1375 4125 non
1392 4044 1581 4129 debebant
1595 4048 1766 4125 confiteri
1911 4088 1919 4100 ·

343 4173 435 4257 aliis.
458 4175 604 4257 Fratres
627 4176 766 4283 quibus
790 4175 910 4257 eredit
935 4193 1025 4255 nota
1048 4176 1163 4255 luisse
1191 4176 1324 4255 illicita
1346 4173 1550 4260 confortata
1576 4204 1646 4281 per
1676 4204 1764 4255 eum

342 4303 502 4386 fumant
527 4305 777 4415 negligentes,
808 4308 897 4414 quia
927 4335 1002 4386 non
1023 4325 1266 4385 correxerunt
1291 4335 1334 4385 ea
1358 4335 1427 4385 nec
1445 4306 1767 4384 denunciaverunt

342 4431 517 4513 Ecrlesie.
533 4435 766 4517 Elemosinas
780 4455 818 4519 et
833 4436 1125 4545 hospitalitatem
1139 4437 1232 4516 vidit
1254 4438 1519 4517 convenienter
1533 4437 1616 4516 lieri
1637 4454 1675 4514 et
1690 4463 1766 4514 ser·

341 4562 416 4641 vari
436 4562 477 4645 in
497 4562 678 4645 domibus
697 4567 843 4647 ordinis
857 4568 897 4649 in
916 4565 1058 4674 quibus
1078 4567 1219 4649 eastun
1234 4585 1497 4645 commoratus.
1519 4565 1671 4646 Audivit
1690 4565 1764 4644 diei

341 4692 446 4799 quod
463 4692 576 4787 clam,
598 4695 712 4775 nullis
728 4697 965 4804 presentibus
983 4697 1054 4779 nisi
1069 4696 1246 4778 iratribus
1261 4695 1423 4790 ordinis,
1442 4724 1574 4781 eomm
1590 4695 1769 4804 capitulis

340 4823 578 4901 tenebantur.
596 4822 777 4904 Ordinato
791 4854 858 4932 per
872 4827 1093 4933 Magistrum
1102 4855 1188 4906 cum
1200 4843 1386 4905 maveutu
1401 4843 1579 4905 servasset
1592 4842 1695 4907 totus
1708 4854 1765 4902 or·
