4236 5948
342 536 416 607 252
731 521 926 608 PROCES
958 536 1054 607 DES
1085 533 1387 611 TEMPLIERS.

341 671 428 750 ideo
444 669 633 748 nesciebat
652 672 758 778 quod
775 675 988 752 servabatur
1005 675 1044 751 in
1058 676 1340 782 recepcionibus
1360 677 1538 764 aliorum,
1560 676 1627 752 sed
1648 678 1768 755 credit

343 802 448 908 quod
473 802 726 879 communiter
740 804 998 911 reciperentur
1018 806 1114 883 sicut
1136 807 1311 913 deposuit
1331 835 1371 884 se
1391 807 1508 885 luisse
1530 823 1725 914 receptum
1747 838 1769 886 a

341 931 453 1010 fratrc
483 932 654 1012 Gerardo
683 933 729 1011 dc
751 934 908 1013 Sanzeto
946 934 1068 1012 milite
1099 939 1312 1043 quondam,
1342 938 1382 1014 in
1414 939 1482 1013 hac
1510 953 1624 1012 estate
1655 955 1769 1014 erunt

342 1065 592 1141 circiterxxxr
615 1065 723 1152 anni,
748 1066 787 1142 in
804 1066 945 1173 capella
967 1068 1102 1145 domus
1122 1069 1273 1176 Templi
1295 1071 1342 1147 de
1362 1070 1491 1146 Mauso
1515 1068 1603 1144 dicti
1625 1068 1674 1146 de
1694 1069 1768 1145 Lo-

342 1194 445 1271 bertz
462 1195 739 1272 Lemovicensis
754 1196 931 1287 diocesis,
949 1199 1188 1304 presentibus
1203 1199 1379 1277 fratribus
1392 1199 1498 1275 Helia
1519 1199 1567 1275 de
1582 1198 1766 1308 Brigolio‚

342 1325 507 1432 Seguino
529 1324 576 1400 de
597 1325 760 1402 Stanhac
783 1340 821 1402 et
840 1328 1010 1404 Johanne
1023 1326 1179 1406 Acesten
1200 1328 1466 1417 servientibus,
1491 1327 1768 1407 Lemovicensis

343 1454 519 1545 diocesis,
543 1454 754 1533 deffunctis.
771 1454 803 1532 A
823 1484 900 1562 quo
920 1474 1115 1563 receptore
1136 1459 1250 1565 peciit
1275 1487 1411 1564 panem
1432 1474 1470 1535 et
1491 1485 1628 1565 aquarn
1648 1470 1767 1537 etso-

342 1587 513 1664 cietatem
543 1585 708 1676 ordinis;
738 1587 877 1693 quibus
907 1588 946 1664 ei·
967 1590 1152 1666 concessis
1182 1589 1271 1672 fecit
1298 1618 1385 1665 curn
1417 1617 1550 1667 vovere
1576 1607 1614 1666 et
1637 1591 1767 1698 jurare

342 1718 564 1807 castitatem,
583 1716 860 1809 obedienciam,
882 1718 1003 1795 vivere
1025 1720 1105 1796 sine
1121 1720 1294 1826 proprio,
1313 1748 1456 1795 servare
1476 1718 1600 1797 bonos
1623 1747 1714 1799 usus
1729 1738 1768 1797 et

340 1849 459 1926 bonas
475 1847 770 1925 consuetudines
786 1848 945 1939 ordinis,
968 1867 1006 1926 et
1025 1876 1102 1926 non
1125 1849 1295 1926 revelare·
1314 1867 1455 1925 secreta
1480 1849 1766 1954 capitoliorum,
1811 1944 1813 1953 Ι

342 1979 389 2055 de
411 1980 527 2056 modo
547 1979 778 2084 recepcionis
799 1979 950 2087 speciali
966 2008 1044 2056 non
1066 1980 1192 2056 habita
1207 1969 1425 2069 mencionex
1445 1998 1483 2056 et
1497 1980 1676 2086 imposito
1689 1981 1769 2059 'sibi

343 2108 540 2196 mantello,
562 2126 734 2215 receptor
754 2127 792 2188 et
812 2128 973 2189 astantes
993 2111 1149 2191 fuerunt
1175 2140 1264 2189 eum
1285 2110 1440 2188 osculati
1466 2111 1505 2187 in
1527 2139 1607 2201 ore,
1631 2129 1669 2188 et
1687 2113 1768 2218 ipse

342 2240 448 2317 testis
465 2238 536 2316 suit
550 2241 739 2318 osculatus
755 2242 897 2319 dictum
914 2243 1150 2349 receptorem
1167 2244 1207 2319 in
1224 2243 1402 2333 humero,
1421 2258 1556 2349 aparte
1571 2241 1766 2330 anteriori,

343 2399 457 2476 super
475 2389 606 2449 vestes.
641 2373 728 2449 Post
759 2402 834 2479 que
861 2375 1044 2451 instructo
1071 2376 1154 2481 ipso
1178 2391 1273 2452 teste
1303 2391 1396 2480 quot
1422 2372 1534 2450 Pater
1558 2387 1679 2479 noster·
1696 2403 1767 2480 pro

343 2502 446 2580 horis
463 2502 540 2578 suis
565 2500 721 2589 diceret,
747 2520 785 2579 et
801 2502 964 2610 qualiter
980 2505 1020 2578 in
1040 2503 1175 2581 'ordine
1198 2532 1238 2581 se
1256 2511 1420 2611 regeret,
1443 2503 1532 2579 dicti
1553 2501 1684 2580 fratres
1699 2503 1769 2582 Se·

340 2632 479 2740 goinus
509 2649 547 2708 et
573 2633 714 2722 Helias,
747 2635 796 2711 de
830 2637 1005 2712 mandato
1036 2635 1125 2712 dicti
1160 2636 1379 2741 receptoris,
1419 2634 1608 2710 duxerunt
1642 2635 1768 2741 ipsum

340 2777 477 2840 testem
490 2786 660 2843 seorsum
677 2765 716 2840 in
735 2766 868 2842 eadem
885 2765 1043 2872 capella,
1057 2765 1196 2842 subtus
1216 2764 1439 2870 campanile,
1461 2780 1499 2840 et
1517 2781 1771 2870 preceperunt

343 2894 467 2973 eidem
494 2895 678 2973 submissa
700 2924 789 2973 voce
810 2896 915 3003 quod
945 2912 1098 3002 spueret
1126 2911 1184 2972 ter
1204 2912 1317 3002 super
1339 2913 1495 2981 terram,
1523 2910 1674 2972 ostenso
1696 2892 1770 2987 sibi

341 3026 424 3104 loco
446 3027 666 3132 spuicionis,
683 3027 814 3133 inquo
834 3027 936 3102 idem
956 3027 1062 3103 testis
1080 3054 1158 3103 non
1172 3025 1266 3102 vidit
1280 3024 1437 3130 aliquod
1457 3024 1606 3131 signum
1628 3024 1766 3114 crucis,

342 3185 412 3233 nec
428 3158 474 3233 de
491 3186 605 3235 cruce
617 3157 785 3261 predicta
809 3157 997 3264 Seguinus
1011 3173 1048 3232 et
1061 3156 1186 3231 Helias
1205 3155 1376 3233 fecerunt
1390 3154 1461 3232 sibi
1475 3155 1639 3261 aliquam
1659 3182 1770 3231 men·

343 3288 508 3373 cionem,
537 3316 606 3362 nec
631 3314 745 3391 quare
768 3286 925 3363 deberet
947 3314 1081 3392 spuere
1105 3302 1390 3391 expresserunt:
1413 3302 1450 3362 et
1470 3285 1549 3389 ipse
1569 3284 1770 3374 testis‚··a'd

343 3418 563 3494 mandatum
585 3444 733 3504 eorum,
751 3417 854 3522 spuit
876 3416 929 3492 ibi
940 3434 1010 3492 ter.
1028 3417 1160 3492 Postea
1174 3416 1341 3521 precepit
1361 3417 1395 3491 ei
1410 3415 1512 3491 idem
1526 3414 1652 3492 Helias
1661 3416 1770 3520 quod

344 3544 544 3653 abnegaret
564 3548 740 3634 Jhesum,
762 3563 798 3623 et
820 3547 898 3652 ipse
919 3546 1025 3623 testis
1047 3545 1241 3651 abnegavit
1266 3546 1421 3622 Jhesum
1441 3571 1524 3635 ore,
1542 3572 1620 3621 non
1635 3544 1769 3634 eorde,

344 3693 385 3751 ut
407 3677 514 3764 dixit,
536 3677 624 3783 quia
640 3676 733 3753 dixit
746 3677 780 3752 ei
797 3677 902 3782 quod
919 3677 969 3752 ita
986 3675 1150 3753 debebat
1169 3673 1305 3762 lacere,
1329 3704 1407 3752 non
1421 3693 1548 3750 tamen
1570 3673 1772 3750 declaravit
1790 3684 1793 3690 '

343 3835 457 3912 quare
475 3806 630 3884 deberet
641 3808 718 3910 boc
736 3805 872 3896 facere,
893 3835 962 3883 nec
982 3806 1061 3911 ipse
1074 3805 1195 3893 testis,
1219 3805 1306 3912 quia
1328 3823 1406 3882 erat
1421 3805 1586 3882 multum
1599 3803 1767 3911 juvenis,

343 3939 415 4014 hoc
430 3937 631 4044 inquisivit.
649 3939 760 4028 ltem,
773 3937 865 4014 dixit
880 3938 986 4044 quod
1007 3938 1045 4012 in
1061 3936 1123 4013 die
1136 3936 1294 4013 Veneris
1313 3954 1437 4013 sancta
1458 3937 1592 4013 devote
1610 3951 1647 4011 et
1664 3962 1770 4011 reve-

343 4087 470 4146 renter
494 4067 701 4144 adorabant
724 4079 890 4158 crucem,
910 4085 948 4144 et
962 4068 1068 4174 quod
1090 4067 1169 4171 ipse
1193 4065 1291 4143 bene
1316 4065 1493 4144 credebat
1513 4065 1771 4143 ecclesiasticis

342 4199 597 4289 sacramentis,
624 4215 662 4274 et
681 4200 802 4276 credit
821 4200 926 4305 quod
943 4198 1006 4274 alii
1028 4197 1159 4277 iratres
1182 4198 1328 4275 ordinis
1351 4198 1487 4276 eodem
1502 4196 1619 4274 modo
1640 4196 1771 4273 crede-

341 4344 441 4418 rent,
465 4348 504 4406 et
519 4330 624 4436 quod
645 4353 777 4405 eorum
803 4330 1015 4406 sacerdotes
1039 4327 1165 4405 debite
1182 4327 1426 4405 celebrarent.
1452 4327 1585 4405 Statim
1600 4355 1671 4432 pro
1687 4353 1771 4431 pro·

342 4461 447 4539 fessis
457 4461 709 4537 habebantur.
733 4459 975 4537 Clandestine
996 4458 1288 4565 recipiebantur,
1307 4457 1423 4534 nullis
1437 4455 1678 4563 presentibus
1697 4455 1769 4532 nisi

343 4590 521 4668 fratribus
537 4590 701 4676 ordinis,
724 4616 767 4665 ex
786 4619 864 4697 quo
878 4591 1000 4668 credit
1016 4590 1122 4696 quod
1140 4607 1237 4666 esset
1254 4589 1418 4693 suspicio
1434 4604 1563 4665 contra
1578 4614 1655 4663 eos.
1675 4585 1770 4664 Gor-

344 4721 556 4797 dulisunde
567 4721 744 4799 volebant
755 4721 954 4827 assumptis
964 4720 1212 4827 cingebantur
1224 4719 1616 4825 supercamisiascum
1627 4715 1770 4824 quibus

337 4851 527 4960 jacebant.
541 4879 583 4929 ex
593 4851 834 4928 ordinacione
845 4851 943 4929 beati
956 4850 1149 4928 bernardi.
1163 4850 1433 4958 lnjungebatur
1444 4845 1612 4954 cisquod
1622 4846 1768 4950 absque
