4236 5948
624 521 822 614 esoces
850 542 944 612 oss
970 542 1274 615 'innectens
1592 549 1661 619 155

240 681 392 770 ordine,
422 682 618 788 respondit
637 683 741 789 quod
762 683 829 771 sic,
853 683 1004 759 tratrem
1032 684 1282 762 Bertrandum
1305 685 1352 761 de
1382 685 1546 792 Sartiges
1566 688 1663 762 mili·

239 835 333 904 tem,
351 816 398 892 ad
416 814 560 892 ordinis
570 813 842 891 deffensionem
852 831 1107 920 assumptum,
1126 814 1165 890 in
1181 816 1343 921 quadam
1363 845 1508 894 camera
1525 816 1663 894 domus
1766 830 1771 843 '

239 945 388 1052 Templi
418 945 464 1021 de
492 947 651 1022 Tortosa
680 943 777 1021 ultra
803 973 924 1032 mare,
952 973 1020 1049 per
1046 943 1197 1021 fratrem
1227 945 1374 1022 Adeum
1402 946 1451 1023 de
1480 947 1662 1053 Peyrucra

240 1075 451 1185 quondam,
467 1094 559 1152 tunc
579 1073 823 1152 castellanum
845 1075 942 1152 dicte
960 1075 1114 1164 domus,
1133 1076 1371 1181 presentibus
1390 1076 1566 1154 fratribus
1587 1081 1665 1155 Hu-

239 1237 335 1316 gone
357 1206 404 1283 de
426 1208 538 1312 Nays,
560 1205 712 1285 Visiano
733 1206 780 1283 de
801 1207 924 1284 Monet
952 1206 1155 1293 militibus,
1186 1207 1406 1296 deffunctis,
1430 1225 1467 1284 et
1490 1208 1663 1313 pluribus

241 1337 321 1415 aliis
343 1337 389 1413 de
410 1336 549 1442 quibus
568 1366 646 1413 non
667 1337 897 1413 recordatur.
920 1339 961 1414 ln
983 1339 1091 1445 cujus
1111 1339 1330 1444 recepcione
1356 1367 1432 1416 non
1458 1339 1664 1417 intervene-

241 1486 329 1545 runt
344 1468 442 1546 dicta
461 1467 592 1545 illicita
611 1468 669 1544 vel
681 1466 771 1555 alia,
789 1468 895 1573 quia,
913 1467 1005 1545 dum
1023 1468 1288 1573 recipiebatur,
1307 1468 1378 1545 luit
1392 1469 1594 1546 clamatum
1615 1472 1661 1546 ad

241 1628 358 1687 erma,
378 1616 530 1704 propter
545 1597 728 1675 insultum
746 1626 860 1704 quem
876 1615 968 1676 tunc
984 1599 1176 1676 Sarraceni
1193 1599 1359 1676 fecerant
1378 1618 1506 1677 contra
1527 1629 1606 1690 eos,
1626 1619 1663 1677 et

242 1732 337 1808 dicta
360 1730 421 1806 die
442 1746 481 1806 et
499 1748 609 1807 nocte
628 1729 784 1806 luerunt
803 1730 843 1805 in
865 1729 1043 1807 exercicio
1069 1760 1260 1807 armorum
1284 1748 1412 1808 contra
1436 1730 1556 1809 dictos
1580 1732 1665 1809 Sar-

241 1889 411 1950 racenos,
438 1877 476 1937 et
495 1859 613 1937 credit
632 1859 752 1966 quod,
775 1858 848 1935 nisi
871 1859 1016 1936 dictum
1039 1860 1354 1965 impedimentum
1383 1862 1659 1950 intervenisset,

241 1990 371 2067 luisset
389 2008 609 2096 preceptum
630 1988 755 2065 eidem
775 1989 981 2066 Bertrando
998 1990 1102 2096 quod
1120 2008 1272 2096 spueret
1291 2019 1405 2097 super
1424 2019 1592 2080 crucem,
1615 1994 1664 2069 si·

241 2139 304 2199 cut
322 2137 541 2228 preceptum
565 2118 687 2197 fuerat
706 2119 777 2226 ipsi
800 2121 905 2209 testi,
935 2138 973 2197 et
999 2122 1102 2199 idern
1130 2122 1249 2198 credit
1276 2121 1380 2227 quod
1406 2120 1663 2226 preciperetur

241 2252 419 2329 omnibus
439 2250 520 2327 aliis
541 2249 717 2328 frutribus
737 2251 775 2326 in
795 2250 1080 2357 recepcionibus
1100 2252 1344 2339 eorumdem;
1366 2251 1438 2328 hoc
1456 2269 1582 2329 tamen
1599 2255 1664 2331 ali-

240 2399 297 2460 ter
317 2384 452 2471 nescit,
476 2411 546 2459 neo
565 2381 685 2459 credit
702 2381 809 2488 quod
829 2382 900 2458 alia
920 2381 1051 2459 illicita
1070 2382 1339 2460 intervenirent
1355 2381 1395 2456 in
1413 2382 1522 2459 dictis
1542 2412 1664 2490 recep

238 2514 411 2591 cionibus
426 2513 587 2590 aliorum
605 2512 661 2588 vel
677 2530 773 2619 post.
790 2510 944 2590 Audivit
962 2531 1090 2590 tamen
1110 2512 1327 2618 frequenter
1340 2511 1572 2618 inproperari
1591 2513 1660 2589 sibi

242 2660 279 2720 et
296 2642 378 2720 aliis
400 2642 576 2720 fratribus
598 2641 743 2719 ordinis
762 2640 890 2749 jocose
910 2642 956 2718 ab
977 2641 1232 2747 Hospitalariis
1257 2639 1363 2746 quod
1381 2640 1422 2717 in
1447 2669 1578 2718 eorum
1604 2671 1662 2718 re·

242 2775 482 2881 cepoionibus
498 2773 764 2851 osculabantur
778 2790 925 2850 tanturn
941 2773 981 2849 in
996 2801 1079 2849 ano.
1100 2774 1216 2859 ltem,
1240 2771 1331 2847 dixit
1347 2771 1451 2876 quod
1467 2771 1564 2847 bene
1585 2801 1663 2850 cre-

240 2906 355 2985 debat
380 2905 635 2983 ecclesiasticis
664 2903 921 2991 sacramentis,
953 2903 1114 2979 credens
1139 2902 1244 3008 quod
1272 2901 1333 2977 alii
1361 2899 1491 2976 fratres
1518 2902 1662 2982 ordinis

242 3038 376 3115 eodem
397 3038 513 3116 modo
539 3036 753 3124 crederent,
778 3052 815 3113 et
834 3035 939 3141 quod
967 3063 1099 3112 corum
1123 3034 1333 3112 sacerdotes
1353 3032 1479 3112 debite
1500 3034 1664 3113 celebra-

241 3183 336 3244 rent.
360 3169 403 3242 ln
422 3166 757 3244 terminacionibus
776 3164 1064 3271 capituliorum,
1087 3165 1170 3241 laici
1190 3165 1255 3271 qui
1277 3193 1318 3241 ea
1338 3164 1516 3240 tenebant
1535 3168 1663 3242 remit-

241 3297 371 3376 tebant
386 3295 579 3398 iratribus,
600 3327 643 3375 ex
658 3312 841 3404 potestate
858 3325 972 3402 quam
988 3295 1178 3373 habebant
1193 3326 1212 3372 a
1228 3294 1423 3401 Magistro,
1441 3294 1662 3373 inobedien-

240 3429 313 3506 cias
335 3455 487 3516 eorum,
511 3445 549 3504 et
567 3426 823 3534 precipiebam
842 3427 948 3533 quod
976 3427 1023 3503 de
1050 3425 1209 3533 peccatis
1236 3452 1369 3503 eorum
1394 3421 1663 3503 confiterentur

240 3557 499 3637 sacerdotibus
524 3557 687 3643 ordinis,
717 3557 782 3664 qui
806 3556 996 3634 habebant
1019 3584 1132 3662 super
1152 3583 1223 3632 eos
1236 3554 1417 3662 majorem
1438 3571 1660 3660 potestatem

241 3719 354 3796 quam
376 3688 455 3779 alii,
478 3687 535 3765 vel
555 3687 637 3764 aliis
657 3686 839 3794 religiosis
859 3704 923 3762 aut
942 3686 1183 3766 secularibus.
1214 3684 1469 3763 Promitebant
1489 3687 1662 3764 ordinem

241 3846 319 3895 non
331 3819 450 3897 exire.
472 3817 606 3896 Statim
627 3847 694 3924 pro
713 3815 891 3923 professis
907 3816 1156 3894 habebantur.
1173 3815 1414 3893 Clandestine
1434 3816 1664 3923 recipieban-

239 3965 313 4038 tur,
343 3949 457 4026 nullis
484 3948 723 4054 presentibus
749 3947 819 4025 nisi
848 3946 1024 4025 lratribus
1051 3945 1212 4036 ordinis,
1243 3974 1286 4022 ex
1309 3974 1390 4052 quo
1417 3944 1535 4022 credit
1557 3949 1662 4051 quod

243 4098 338 4157 esset
350 4079 522 4185 suspicio
549 4096 678 4156 contra
703 4105 779 4157 eos.
808 4076 987 4156 Cordulis
1006 4078 1110 4155 unde
1129 4078 1304 4156 volebant
1323 4074 1521 4178 assumptis
1540 4074 1662 4181 cinge-

241 4209 378 4287 bantur
395 4238 509 4316 super
527 4209 695 4287 camisias
710 4237 798 4286 cum
812 4207 953 4315 quibus
967 4207 1150 4313 jacebant
1171 4204 1437 4314 lnjungebatur
1456 4202 1508 4279 eis
1527 4232 1595 4311 per
1612 4235 1663 4282 sa·

242 4359 474 4418 crementum
494 4369 542 4447 ne
561 4341 768 4417 revelarent
781 4355 921 4416 secreta
937 4338 1218 4443 capituliorum,
1237 4338 1284 4415 de
1303 4335 1418 4413 modo
1434 4336 1662 4442 recepcionis

240 4475 281 4551 in
295 4472 445 4580 speciali
462 4500 539 4549 non
555 4470 682 4548 habita
696 4469 913 4557 moncione,
932 4468 1049 4574 etqui
1067 4495 1109 4545 ea
1124 4468 1349 4546 revelassent
1361 4463 1519 4570 graviter
1539 4469 1659 4571 puniti

240 4604 410 4682 fuissent
426 4604 573 4679 Fratres
594 4601 753 4677 scientes
773 4626 918 4677 errores
937 4598 1093 4676 luerunt
1107 4598 1355 4706 negligentes,
1378 4593 1562 4700 quianon
1583 4625 1663 4676 cor-

242 4751 421 4813 rexerunt
440 4762 504 4810 eos
528 4761 595 4809 nen
618 4731 940 4809 denunciaverunt
965 4727 1140 4805 Ecclesia.
1163 4726 1395 4804 Elemosinas
1414 4741 1452 4801 et
1471 4727 1663 4835 hospitali-

242 4883 358 4943 tatem
374 4864 467 4941 vidit
481 4862 746 4941 convenienter
760 4859 841 4938 lieri
858 4879 895 4938 et
910 4859 1044 4938 servari
1060 4860 1100 4935 in
1116 4845 1294 4936 domibus
1310 4854 1454 4934 ordinis
1468 4857 1506 4934 in
1523 4860 1662 4965 quibus

328 4998 435 5065 erneis
456 5022 507 5063 nas
528 4990 794 5061 renarransss-n.
1476 5017 1515 5058 20
