<?xml version="1.0" encoding="UTF-8"?>
<!DOCTYPE html PUBLIC "-//W3C//DTD XHTML 1.0 Transitional//EN"
    "http://www.w3.org/TR/xhtml1/DTD/xhtml1-transitional.dtd">
<html xmlns="http://www.w3.org/1999/xhtml" xml:lang="en" lang="en">
 <head>
  <title>
</title>
<meta http-equiv="Content-Type" content="text/html;charset=utf-8" />
  <meta name='ocr-system' content='tesseract 3.04.00' />
  <meta name='ocr-capabilities' content='ocr_page ocr_carea ocr_par ocr_line ocrx_word'/>
</head>
<body>
  <div class='ocr_page' id='page_1' title='image "./procsdestemplie00defegoog_0092.png"; bbox 0 0 4236 5948; ppageno 0'>
   <div class='ocr_carea' id='block_1_1' title="bbox 580 537 1603 631">
    <p class='ocr_par' dir='ltr' id='par_1_1' title="bbox 580 537 1603 631">
     <span class='ocr_line' id='line_1_1' title="bbox 580 537 1603 631; baseline 0.003 -3"><span class='ocrx_word' id='word_1_1' title='bbox 580 537 773 630; x_wconf 79' lang='lat' dir='ltr'><strong>raocns</strong></span> <span class='ocrx_word' id='word_1_2' title='bbox 800 554 895 629; x_wconf 83' lang='lat' dir='ltr'><strong>nas</strong></span> <span class='ocrx_word' id='word_1_3' title='bbox 920 552 1217 629; x_wconf 76' lang='lat' dir='ltr'><strong>Tauranus.</strong></span> <span class='ocrx_word' id='word_1_4' title='bbox 1555 558 1603 631; x_wconf 82' lang='lat' dir='ltr'><strong>ao</strong></span> 
     </span>
    </p>
   </div>
   <div class='ocr_carea' id='block_1_2' title="bbox 190 693 1606 4930">
    <p class='ocr_par' dir='ltr' id='par_1_2' title="bbox 190 693 1606 4930">
     <span class='ocr_line' id='line_1_2' title="bbox 245 693 1605 785; baseline 0.001 -12"><span class='ocrx_word' id='word_1_5' title='bbox 245 693 376 773; x_wconf 82' lang='lat' dir='ltr'><strong>Frater</strong></span> <span class='ocrx_word' id='word_1_6' title='bbox 392 694 575 772; x_wconf 87' lang='lat' dir='ltr'><strong>Martinus</strong></span> <span class='ocrx_word' id='word_1_7' title='bbox 600 694 647 773; x_wconf 93' lang='lat' dir='ltr'><strong>de</strong></span> <span class='ocrx_word' id='word_1_8' title='bbox 677 693 881 774; x_wconf 88' lang='lat' dir='ltr'><strong>Marselhes</strong></span> <span class='ocrx_word' id='word_1_9' title='bbox 906 693 1137 774; x_wconf 90' lang='lat' dir='ltr'><strong>Belvacensis</strong></span> <span class='ocrx_word' id='word_1_10' title='bbox 1169 694 1327 774; x_wconf 88' lang='lat' dir='ltr'><strong>diocesis</strong></span> <span class='ocrx_word' id='word_1_11' title='bbox 1351 697 1529 785; x_wconf 86' lang='lat' dir='ltr'><strong>serviens,</strong></span> <span class='ocrx_word' id='word_1_12' title='bbox 1554 714 1605 774; x_wconf 89' lang='lat' dir='ltr'><strong>te·</strong></span> 
     </span>
     <span class='ocr_line' id='line_1_3' title="bbox 193 822 1604 934; baseline 0 -32"><span class='ocrx_word' id='word_1_13' title='bbox 193 825 256 902; x_wconf 89' lang='lat' dir='ltr'><strong>stis</strong></span> <span class='ocrx_word' id='word_1_14' title='bbox 286 853 398 931; x_wconf 88' lang='lat' dir='ltr'><strong>supra</strong></span> <span class='ocrx_word' id='word_1_15' title='bbox 421 823 589 932; x_wconf 89' lang='lat' dir='ltr'><strong>juratus,</strong></span> <span class='ocrx_word' id='word_1_16' title='bbox 617 825 861 934; x_wconf 88' lang='lat' dir='ltr'><strong>quadraginta</strong></span> <span class='ocrx_word' id='word_1_17' title='bbox 887 852 1072 903; x_wconf 88' lang='lat' dir='ltr'><strong>annorum</strong></span> <span class='ocrx_word' id='word_1_18' title='bbox 1098 822 1157 902; x_wconf 85' lang='lat' dir='ltr'><strong>vel</strong></span> <span class='ocrx_word' id='word_1_19' title='bbox 1177 826 1288 913; x_wconf 88' lang='lat' dir='ltr'><strong>circa,</strong></span> <span class='ocrx_word' id='word_1_20' title='bbox 1309 825 1374 932; x_wconf 91' lang='lat' dir='ltr'><strong>qui</strong></span> <span class='ocrx_word' id='word_1_21' title='bbox 1395 824 1604 904; x_wconf 81' lang='lat' dir='ltr'>voluntarie</span> 
     </span>
     <span class='ocr_line' id='line_1_4' title="bbox 194 952 1605 1048; baseline 0.001 -19"><span class='ocrx_word' id='word_1_22' title='bbox 194 952 414 1032; x_wconf 88' lang='lat' dir='ltr'><strong>mantellum</strong></span> <span class='ocrx_word' id='word_1_23' title='bbox 430 952 622 1032; x_wconf 80' lang='lat' dir='ltr'><strong>dimiserat</strong></span> <span class='ocrx_word' id='word_1_24' title='bbox 636 970 674 1032; x_wconf 90' lang='lat' dir='ltr'><strong>et</strong></span> <span class='ocrx_word' id='word_1_25' title='bbox 692 954 773 1031; x_wconf 89' lang='lat' dir='ltr'><strong>radi</strong></span> <span class='ocrx_word' id='word_1_26' title='bbox 791 953 929 1032; x_wconf 82' lang='lat' dir='ltr'><strong>fecerat</strong></span> <span class='ocrx_word' id='word_1_27' title='bbox 948 954 1019 1032; x_wconf 89' lang='lat' dir='ltr'><strong>sibi</strong></span> <span class='ocrx_word' id='word_1_28' title='bbox 1038 953 1213 1048; x_wconf 89' lang='lat' dir='ltr'><strong>barbam,</strong></span> <span class='ocrx_word' id='word_1_29' title='bbox 1231 973 1269 1032; x_wconf 89' lang='lat' dir='ltr'><strong>et</strong></span> <span class='ocrx_word' id='word_1_30' title='bbox 1287 954 1481 1034; x_wconf 88' lang='lat' dir='ltr'><strong>absolutus</strong></span> <span class='ocrx_word' id='word_1_31' title='bbox 1501 972 1538 1032; x_wconf 89' lang='lat' dir='ltr'><strong>et</strong></span> <span class='ocrx_word' id='word_1_32' title='bbox 1551 983 1605 1031; x_wconf 88' lang='lat' dir='ltr'><strong>re·</strong></span> 
     </span>
     <span class='ocr_line' id='line_1_5' title="bbox 193 1080 1605 1192; baseline -0.001 -32"><span class='ocrx_word' id='word_1_33' title='bbox 193 1080 408 1160; x_wconf 89' lang='lat' dir='ltr'><strong>conciliatus</strong></span> <span class='ocrx_word' id='word_1_34' title='bbox 441 1080 563 1159; x_wconf 87' lang='lat' dir='ltr'><strong>luerat</strong></span> <span class='ocrx_word' id='word_1_35' title='bbox 592 1110 660 1190; x_wconf 88' lang='lat' dir='ltr'><strong>per</strong></span> <span class='ocrx_word' id='word_1_36' title='bbox 688 1082 887 1162; x_wconf 91' lang='lat' dir='ltr'><strong>dominum</strong></span> <span class='ocrx_word' id='word_1_37' title='bbox 911 1085 1232 1192; x_wconf 87' lang='lat' dir='ltr'><strong>archiepiscopum</strong></span> <span class='ocrx_word' id='word_1_38' title='bbox 1256 1086 1496 1173; x_wconf 74' lang='lat' dir='ltr'><strong>Rementem,</strong></span> <span class='ocrx_word' id='word_1_39' title='bbox 1517 1112 1605 1190; x_wconf 91' lang='lat' dir='ltr'><strong>pro·</strong></span> 
     </span>
     <span class='ocr_line' id='line_1_6' title="bbox 191 1212 1605 1320; baseline 0.001 -33"><span class='ocrx_word' id='word_1_40' title='bbox 191 1212 392 1289; x_wconf 88' lang='lat' dir='ltr'><strong>testacione</strong></span> <span class='ocrx_word' id='word_1_41' title='bbox 417 1213 597 1316; x_wconf 89' lang='lat' dir='ltr'><strong>premissa</strong></span> <span class='ocrx_word' id='word_1_42' title='bbox 616 1213 721 1320; x_wconf 93' lang='lat' dir='ltr'><strong>quod</strong></span> <span class='ocrx_word' id='word_1_43' title='bbox 747 1240 824 1291; x_wconf 92' lang='lat' dir='ltr'><strong>non</strong></span> <span class='ocrx_word' id='word_1_44' title='bbox 849 1213 1013 1291; x_wconf 89' lang='lat' dir='ltr'><strong>intendit</strong></span> <span class='ocrx_word' id='word_1_45' title='bbox 1038 1214 1213 1291; x_wconf 90' lang='lat' dir='ltr'><strong>recedere</strong></span> <span class='ocrx_word' id='word_1_46' title='bbox 1233 1243 1254 1290; x_wconf 99' lang='lat' dir='ltr'><strong>a</strong></span> <span class='ocrx_word' id='word_1_47' title='bbox 1280 1212 1518 1319; x_wconf 90' lang='lat' dir='ltr'><strong>deposicione</strong></span> <span class='ocrx_word' id='word_1_48' title='bbox 1536 1241 1605 1319; x_wconf 94' lang='lat' dir='ltr'><strong>per</strong></span> 
     </span>
     <span class='ocr_line' id='line_1_7' title="bbox 193 1339 1605 1451; baseline 0 -33"><span class='ocrx_word' id='word_1_49' title='bbox 193 1367 277 1418; x_wconf 91' lang='lat' dir='ltr'><strong>eum</strong></span> <span class='ocrx_word' id='word_1_50' title='bbox 291 1339 385 1417; x_wconf 80' lang='lat' dir='ltr'><strong>lacta</strong></span> <span class='ocrx_word' id='word_1_51' title='bbox 402 1368 526 1418; x_wconf 90' lang='lat' dir='ltr'><strong>coram</strong></span> <span class='ocrx_word' id='word_1_52' title='bbox 546 1340 699 1419; x_wconf 88' lang='lat' dir='ltr'><strong>domino</strong></span> <span class='ocrx_word' id='word_1_53' title='bbox 714 1341 759 1420; x_wconf 89' lang='lat' dir='ltr'><strong>G.</strong></span> <span class='ocrx_word' id='word_1_54' title='bbox 772 1341 1013 1420; x_wconf 78' lang='lat' dir='ltr'><strong>Ambianensi</strong></span> <span class='ocrx_word' id='word_1_55' title='bbox 1032 1342 1226 1451; x_wconf 91' lang='lat' dir='ltr'><strong>quondam</strong></span> <span class='ocrx_word' id='word_1_56' title='bbox 1243 1343 1435 1449; x_wconf 64' lang='lat' dir='ltr'><strong>episcopm</strong></span> <span class='ocrx_word' id='word_1_57' title='bbox 1449 1340 1553 1418; x_wconf 92' lang='lat' dir='ltr'><strong>lectis</strong></span> <span class='ocrx_word' id='word_1_58' title='bbox 1568 1360 1605 1419; x_wconf 89' lang='lat' dir='ltr'><strong>et</strong></span> 
     </span>
     <span class='ocr_line' id='line_1_8' title="bbox 193 1467 1604 1577; baseline 0.001 -32"><span class='ocrx_word' id='word_1_59' title='bbox 193 1467 392 1576; x_wconf 84' lang='lat' dir='ltr'><strong>diligenter</strong></span> <span class='ocrx_word' id='word_1_60' title='bbox 411 1469 587 1576; x_wconf 89' lang='lat' dir='ltr'><strong>expositis</strong></span> <span class='ocrx_word' id='word_1_61' title='bbox 609 1468 679 1546; x_wconf 90' lang='lat' dir='ltr'><strong>sibi</strong></span> <span class='ocrx_word' id='word_1_62' title='bbox 701 1470 877 1547; x_wconf 90' lang='lat' dir='ltr'><strong>omnibus</strong></span> <span class='ocrx_word' id='word_1_63' title='bbox 903 1489 941 1548; x_wconf 92' lang='lat' dir='ltr'><strong>et</strong></span> <span class='ocrx_word' id='word_1_64' title='bbox 968 1470 1124 1577; x_wconf 89' lang='lat' dir='ltr'><strong>singulis</strong></span> <span class='ocrx_word' id='word_1_65' title='bbox 1147 1470 1329 1558; x_wconf 81' lang='lat' dir='ltr'><strong>articulis,</strong></span> <span class='ocrx_word' id='word_1_66' title='bbox 1352 1470 1547 1574; x_wconf 85' lang='lat' dir='ltr'><strong>respondit</strong></span> <span class='ocrx_word' id='word_1_67' title='bbox 1566 1500 1604 1547; x_wconf 90' lang='lat' dir='ltr'><strong>se</strong></span> 
     </span>
     <span class='ocr_line' id='line_1_9' title="bbox 193 1597 1606 1702; baseline 0 -29"><span class='ocrx_word' id='word_1_68' title='bbox 193 1597 353 1687; x_wconf 89' lang='lat' dir='ltr'><strong>nescire,</strong></span> <span class='ocrx_word' id='word_1_69' title='bbox 374 1626 444 1675; x_wconf 91' lang='lat' dir='ltr'><strong>nec</strong></span> <span class='ocrx_word' id='word_1_70' title='bbox 459 1598 630 1687; x_wconf 90' lang='lat' dir='ltr'><strong>credere,</strong></span> <span class='ocrx_word' id='word_1_71' title='bbox 649 1625 717 1674; x_wconf 91' lang='lat' dir='ltr'><strong>nec</strong></span> <span class='ocrx_word' id='word_1_72' title='bbox 733 1599 917 1676; x_wconf 86' lang='lat' dir='ltr'><strong>audivisse</strong></span> <span class='ocrx_word' id='word_1_73' title='bbox 934 1598 1005 1675; x_wconf 92' lang='lat' dir='ltr'><strong>dici</strong></span> <span class='ocrx_word' id='word_1_74' title='bbox 1028 1598 1075 1675; x_wconf 93' lang='lat' dir='ltr'><strong>de</strong></span> <span class='ocrx_word' id='word_1_75' title='bbox 1092 1600 1279 1675; x_wconf 89' lang='lat' dir='ltr'><strong>contentis</strong></span> <span class='ocrx_word' id='word_1_76' title='bbox 1294 1599 1400 1674; x_wconf 90' lang='lat' dir='ltr'><strong>ineis</strong></span> <span class='ocrx_word' id='word_1_77' title='bbox 1415 1599 1485 1674; x_wconf 91' lang='lat' dir='ltr'><strong>nisi</strong></span> <span class='ocrx_word' id='word_1_78' title='bbox 1501 1598 1606 1702; x_wconf 89' lang='lat' dir='ltr'><strong>quod</strong></span> 
     </span>
     <span class='ocr_line' id='line_1_10' title="bbox 191 1724 1605 1834; baseline 0 -30"><span class='ocrx_word' id='word_1_79' title='bbox 191 1728 370 1834; x_wconf 82' lang='lat' dir='ltr'><strong>seqnitur.</strong></span> <span class='ocrx_word' id='word_1_80' title='bbox 392 1727 493 1804; x_wconf 82' lang='lat' dir='ltr'><strong>Dixit</strong></span> <span class='ocrx_word' id='word_1_81' title='bbox 506 1738 669 1832; x_wconf 86' lang='lat' dir='ltr'><strong>namque</strong></span> <span class='ocrx_word' id='word_1_82' title='bbox 689 1754 728 1804; x_wconf 89' lang='lat' dir='ltr'><strong>se</strong></span> <span class='ocrx_word' id='word_1_83' title='bbox 747 1725 860 1802; x_wconf 86' lang='lat' dir='ltr'><strong>luisse</strong></span> <span class='ocrx_word' id='word_1_84' title='bbox 875 1743 1070 1830; x_wconf 90' lang='lat' dir='ltr'><strong>receptum</strong></span> <span class='ocrx_word' id='word_1_85' title='bbox 1090 1728 1129 1800; x_wconf 95' lang='lat' dir='ltr'><strong>in</strong></span> <span class='ocrx_word' id='word_1_86' title='bbox 1144 1724 1286 1831; x_wconf 88' lang='lat' dir='ltr'><strong>capella</strong></span> <span class='ocrx_word' id='word_1_87' title='bbox 1305 1725 1443 1802; x_wconf 91' lang='lat' dir='ltr'><strong>domus</strong></span> <span class='ocrx_word' id='word_1_88' title='bbox 1454 1726 1605 1831; x_wconf 88' lang='lat' dir='ltr'><strong>Templi</strong></span> 
     </span>
     <span class='ocr_line' id='line_1_11' title="bbox 192 1851 1605 1960; baseline 0.001 -28"><span class='ocrx_word' id='word_1_89' title='bbox 192 1854 235 1933; x_wconf 91' lang='lat' dir='ltr'><strong>de</strong></span> <span class='ocrx_word' id='word_1_90' title='bbox 254 1855 460 1933; x_wconf 88' lang='lat' dir='ltr'><strong>Somorens</strong></span> <span class='ocrx_word' id='word_1_91' title='bbox 480 1853 741 1931; x_wconf 79' lang='lat' dir='ltr'><strong>Ambianensis</strong></span> <span class='ocrx_word' id='word_1_92' title='bbox 761 1853 939 1940; x_wconf 92' lang='lat' dir='ltr'><strong>diocesis,</strong></span> <span class='ocrx_word' id='word_1_93' title='bbox 957 1853 995 1930; x_wconf 93' lang='lat' dir='ltr'><strong>in</strong></span> <span class='ocrx_word' id='word_1_94' title='bbox 1018 1853 1113 1931; x_wconf 85' lang='lat' dir='ltr'><strong>sesto</strong></span> <span class='ocrx_word' id='word_1_95' title='bbox 1142 1852 1242 1930; x_wconf 87' lang='lat' dir='ltr'><strong>beati</strong></span> <span class='ocrx_word' id='word_1_96' title='bbox 1266 1851 1405 1930; x_wconf 88' lang='lat' dir='ltr'><strong>Mathei</strong></span> <span class='ocrx_word' id='word_1_97' title='bbox 1435 1856 1605 1960; x_wconf 88' lang='lat' dir='ltr'><strong>proximo</strong></span> 
     </span>
     <span class='ocr_line' id='line_1_12' title="bbox 190 1972 1603 2091; baseline 0.001 -31"><span class='ocrx_word' id='word_1_98' title='bbox 190 1984 365 2091; x_wconf 89' lang='lat' dir='ltr'><strong>preterito</strong></span> <span class='ocrx_word' id='word_1_99' title='bbox 385 1980 538 2059; x_wconf 80' lang='lat' dir='ltr'><strong>fixerunt</strong></span> <span class='ocrx_word' id='word_1_100' title='bbox 549 2008 598 2058; x_wconf 87' lang='lat' dir='ltr'><strong>xu</strong></span> <span class='ocrx_word' id='word_1_101' title='bbox 616 1982 703 2057; x_wconf 90' lang='lat' dir='ltr'><strong>anni</strong></span> <span class='ocrx_word' id='word_1_102' title='bbox 723 1981 782 2058; x_wconf 89' lang='lat' dir='ltr'><strong>vel</strong></span> <span class='ocrx_word' id='word_1_103' title='bbox 798 1981 914 2071; x_wconf 90' lang='lat' dir='ltr'><strong>circa,</strong></span> <span class='ocrx_word' id='word_1_104' title='bbox 931 2007 999 2088; x_wconf 89' lang='lat' dir='ltr'><strong>per</strong></span> <span class='ocrx_word' id='word_1_105' title='bbox 1012 1979 1164 2059; x_wconf 82' lang='lat' dir='ltr'><strong>fratrem</strong></span> <span class='ocrx_word' id='word_1_106' title='bbox 1183 1972 1391 2059; x_wconf 84' lang='lat' dir='ltr'><strong>Robertum</strong></span> <span class='ocrx_word' id='word_1_107' title='bbox 1404 1980 1451 2058; x_wconf 92' lang='lat' dir='ltr'><strong>de</strong></span> <span class='ocrx_word' id='word_1_108' title='bbox 1467 1982 1603 2061; x_wconf 90' lang='lat' dir='ltr'><strong>Sancto</strong></span> 
     </span>
     <span class='ocr_line' id='line_1_13' title="bbox 191 2109 1603 2219; baseline 0 -31"><span class='ocrx_word' id='word_1_109' title='bbox 191 2113 295 2190; x_wconf 86' lang='lat' dir='ltr'><strong>Justo</strong></span> <span class='ocrx_word' id='word_1_110' title='bbox 315 2110 526 2219; x_wconf 90' lang='lat' dir='ltr'><strong>quondam,</strong></span> <span class='ocrx_word' id='word_1_111' title='bbox 541 2110 780 2215; x_wconf 88' lang='lat' dir='ltr'><strong>presentibus</strong></span> <span class='ocrx_word' id='word_1_112' title='bbox 794 2109 970 2188; x_wconf 82' lang='lat' dir='ltr'><strong>fratribus</strong></span> <span class='ocrx_word' id='word_1_113' title='bbox 989 2111 1159 2189; x_wconf 89' lang='lat' dir='ltr'><strong>Johanne</strong></span> <span class='ocrx_word' id='word_1_114' title='bbox 1179 2110 1227 2187; x_wconf 92' lang='lat' dir='ltr'><strong>de</strong></span> <span class='ocrx_word' id='word_1_115' title='bbox 1248 2111 1360 2196; x_wconf 90' lang='lat' dir='ltr'><strong>Tara,</strong></span> <span class='ocrx_word' id='word_1_116' title='bbox 1380 2126 1475 2188; x_wconf 89' lang='lat' dir='ltr'><strong>teste</strong></span> <span class='ocrx_word' id='word_1_117' title='bbox 1494 2139 1603 2217; x_wconf 87' lang='lat' dir='ltr'><strong>supra</strong></span> 
     </span>
     <span class='ocr_line' id='line_1_14' title="bbox 191 2238 1603 2347; baseline 0.001 -30"><span class='ocrx_word' id='word_1_118' title='bbox 191 2241 419 2329; x_wconf 90' lang='lat' dir='ltr'><strong>examinato,</strong></span> <span class='ocrx_word' id='word_1_119' title='bbox 449 2257 488 2316; x_wconf 92' lang='lat' dir='ltr'><strong>et</strong></span> <span class='ocrx_word' id='word_1_120' title='bbox 511 2239 681 2316; x_wconf 89' lang='lat' dir='ltr'><strong>Johanne</strong></span> <span class='ocrx_word' id='word_1_121' title='bbox 709 2240 850 2347; x_wconf 81' lang='lat' dir='ltr'><strong>Peynet</strong></span> <span class='ocrx_word' id='word_1_122' title='bbox 872 2238 1110 2346; x_wconf 85' lang='lat' dir='ltr'><strong>presbytero,</strong></span> <span class='ocrx_word' id='word_1_123' title='bbox 1135 2255 1231 2316; x_wconf 90' lang='lat' dir='ltr'><strong>teste</strong></span> <span class='ocrx_word' id='word_1_124' title='bbox 1258 2266 1370 2345; x_wconf 88' lang='lat' dir='ltr'><strong>supra</strong></span> <span class='ocrx_word' id='word_1_125' title='bbox 1386 2239 1512 2346; x_wconf 90' lang='lat' dir='ltr'><strong>jurato</strong></span> <span class='ocrx_word' id='word_1_126' title='bbox 1538 2245 1603 2318; x_wconf 88' lang='lat' dir='ltr'><strong>sed</strong></span> 
     </span>
     <span class='ocr_line' id='line_1_15' title="bbox 191 2366 1603 2475; baseline 0.001 -29"><span class='ocrx_word' id='word_1_127' title='bbox 191 2370 361 2450; x_wconf 90' lang='lat' dir='ltr'><strong>nondum</strong></span> <span class='ocrx_word' id='word_1_128' title='bbox 386 2368 610 2459; x_wconf 90' lang='lat' dir='ltr'><strong>examinato,</strong></span> <span class='ocrx_word' id='word_1_129' title='bbox 634 2384 672 2443; x_wconf 92' lang='lat' dir='ltr'><strong>et</strong></span> <span class='ocrx_word' id='word_1_130' title='bbox 689 2366 843 2445; x_wconf 87' lang='lat' dir='ltr'><strong>Alberto</strong></span> <span class='ocrx_word' id='word_1_131' title='bbox 869 2368 917 2444; x_wconf 92' lang='lat' dir='ltr'><strong>de</strong></span> <span class='ocrx_word' id='word_1_132' title='bbox 942 2366 1167 2447; x_wconf 86' lang='lat' dir='ltr'><strong>Grimenilio</strong></span> <span class='ocrx_word' id='word_1_133' title='bbox 1195 2367 1424 2475; x_wconf 85' lang='lat' dir='ltr'><strong>presbitero,</strong></span> <span class='ocrx_word' id='word_1_134' title='bbox 1451 2369 1603 2448; x_wconf 89' lang='lat' dir='ltr'><strong>Garrico</strong></span> 
     </span>
     <span class='ocr_line' id='line_1_16' title="bbox 191 2496 1603 2607; baseline 0.002 -33"><span class='ocrx_word' id='word_1_135' title='bbox 191 2499 235 2577; x_wconf 92' lang='lat' dir='ltr'><strong>de</strong></span> <span class='ocrx_word' id='word_1_136' title='bbox 255 2498 453 2588; x_wconf 90' lang='lat' dir='ltr'><strong>Nulhiaco,</strong></span> <span class='ocrx_word' id='word_1_137' title='bbox 470 2514 507 2574; x_wconf 90' lang='lat' dir='ltr'><strong>et</strong></span> <span class='ocrx_word' id='word_1_138' title='bbox 524 2496 724 2602; x_wconf 86' lang='lat' dir='ltr'><strong>Radulpho</strong></span> <span class='ocrx_word' id='word_1_139' title='bbox 745 2496 792 2574; x_wconf 93' lang='lat' dir='ltr'><strong>de</strong></span> <span class='ocrx_word' id='word_1_140' title='bbox 810 2498 956 2605; x_wconf 79' lang='lat' dir='ltr'><strong>Sornoy</strong></span> <span class='ocrx_word' id='word_1_141' title='bbox 969 2496 1235 2586; x_wconf 86' lang='lat' dir='ltr'><strong>servientibus,</strong></span> <span class='ocrx_word' id='word_1_142' title='bbox 1253 2497 1471 2588; x_wconf 79' lang='lat' dir='ltr'><strong>deffnnctis3</strong></span> <span class='ocrx_word' id='word_1_143' title='bbox 1495 2528 1603 2607; x_wconf 91' lang='lat' dir='ltr'><strong>aquo</strong></span> 
     </span>
     <span class='ocr_line' id='line_1_17' title="bbox 190 2620 1604 2735; baseline -0.001 -30"><span class='ocrx_word' id='word_1_144' title='bbox 190 2645 380 2735; x_wconf 90' lang='lat' dir='ltr'><strong>receptore</strong></span> <span class='ocrx_word' id='word_1_145' title='bbox 394 2626 522 2733; x_wconf 87' lang='lat' dir='ltr'><strong>petitis</strong></span> <span class='ocrx_word' id='word_1_146' title='bbox 536 2627 717 2705; x_wconf 81' lang='lat' dir='ltr'><strong>instanter</strong></span> <span class='ocrx_word' id='word_1_147' title='bbox 730 2653 826 2732; x_wconf 91' lang='lat' dir='ltr'><strong>pane</strong></span> <span class='ocrx_word' id='word_1_148' title='bbox 847 2644 884 2704; x_wconf 91' lang='lat' dir='ltr'><strong>et</strong></span> <span class='ocrx_word' id='word_1_149' title='bbox 905 2655 1019 2734; x_wconf 86' lang='lat' dir='ltr'><strong>aqua,</strong></span> <span class='ocrx_word' id='word_1_150' title='bbox 1040 2628 1215 2705; x_wconf 87' lang='lat' dir='ltr'><strong>societate</strong></span> <span class='ocrx_word' id='word_1_151' title='bbox 1237 2645 1274 2704; x_wconf 89' lang='lat' dir='ltr'><strong>et</strong></span> <span class='ocrx_word' id='word_1_152' title='bbox 1288 2620 1451 2734; x_wconf 90' lang='lat' dir='ltr'><strong>paupere</strong></span> <span class='ocrx_word' id='word_1_153' title='bbox 1468 2630 1604 2706; x_wconf 85' lang='lat' dir='ltr'><strong>vestitu</strong></span> 
     </span>
     <span class='ocr_line' id='line_1_18' title="bbox 192 2754 1604 2862; baseline 0.002 -29"><span class='ocrx_word' id='word_1_154' title='bbox 192 2757 350 2847; x_wconf 90' lang='lat' dir='ltr'><strong>ordinis,</strong></span> <span class='ocrx_word' id='word_1_155' title='bbox 371 2774 409 2832; x_wconf 92' lang='lat' dir='ltr'><strong>et</strong></span> <span class='ocrx_word' id='word_1_156' title='bbox 429 2757 463 2833; x_wconf 91' lang='lat' dir='ltr'><strong>ei</strong></span> <span class='ocrx_word' id='word_1_157' title='bbox 482 2757 681 2845; x_wconf 89' lang='lat' dir='ltr'><strong>concessis,</strong></span> <span class='ocrx_word' id='word_1_158' title='bbox 701 2754 790 2832; x_wconf 88' lang='lat' dir='ltr'><strong>lecit</strong></span> <span class='ocrx_word' id='word_1_159' title='bbox 810 2782 899 2831; x_wconf 89' lang='lat' dir='ltr'><strong>enm</strong></span> <span class='ocrx_word' id='word_1_160' title='bbox 919 2782 1050 2833; x_wconf 89' lang='lat' dir='ltr'><strong>vovere</strong></span> <span class='ocrx_word' id='word_1_161' title='bbox 1071 2774 1109 2832; x_wconf 92' lang='lat' dir='ltr'><strong>et</strong></span> <span class='ocrx_word' id='word_1_162' title='bbox 1123 2756 1251 2862; x_wconf 90' lang='lat' dir='ltr'><strong>jurare</strong></span> <span class='ocrx_word' id='word_1_163' title='bbox 1267 2757 1490 2844; x_wconf 87' lang='lat' dir='ltr'><strong>castitatem,</strong></span> <span class='ocrx_word' id='word_1_164' title='bbox 1513 2759 1604 2836; x_wconf 92' lang='lat' dir='ltr'><strong>obe·</strong></span> 
     </span>
     <span class='ocr_line' id='line_1_19' title="bbox 192 2883 1604 2990; baseline 0 -28"><span class='ocrx_word' id='word_1_165' title='bbox 192 2886 393 2975; x_wconf 90' lang='lat' dir='ltr'><strong>dienciam,</strong></span> <span class='ocrx_word' id='word_1_166' title='bbox 411 2901 448 2962; x_wconf 90' lang='lat' dir='ltr'><strong>et</strong></span> <span class='ocrx_word' id='word_1_167' title='bbox 461 2885 581 2962; x_wconf 82' lang='lat' dir='ltr'><strong>vivere</strong></span> <span class='ocrx_word' id='word_1_168' title='bbox 595 2885 674 2961; x_wconf 91' lang='lat' dir='ltr'><strong>sine</strong></span> <span class='ocrx_word' id='word_1_169' title='bbox 693 2884 869 2990; x_wconf 85' lang='lat' dir='ltr'><strong>proprio;</strong></span> <span class='ocrx_word' id='word_1_170' title='bbox 891 2900 929 2960; x_wconf 89' lang='lat' dir='ltr'><strong>et</strong></span> <span class='ocrx_word' id='word_1_171' title='bbox 947 2884 1125 2988; x_wconf 90' lang='lat' dir='ltr'><strong>imposito</strong></span> <span class='ocrx_word' id='word_1_172' title='bbox 1141 2883 1211 2961; x_wconf 92' lang='lat' dir='ltr'><strong>sibi</strong></span> <span class='ocrx_word' id='word_1_173' title='bbox 1227 2883 1420 2974; x_wconf 89' lang='lat' dir='ltr'><strong>mantello,</strong></span> <span class='ocrx_word' id='word_1_174' title='bbox 1431 2903 1604 2990; x_wconf 91' lang='lat' dir='ltr'><strong>receptor</strong></span> 
     </span>
     <span class='ocr_line' id='line_1_20' title="bbox 193 3006 1605 3119; baseline 0.001 -30"><span class='ocrx_word' id='word_1_175' title='bbox 193 3032 229 3091; x_wconf 90' lang='lat' dir='ltr'><strong>et</strong></span> <span class='ocrx_word' id='word_1_176' title='bbox 252 3041 385 3093; x_wconf 89' lang='lat' dir='ltr'><strong>omnes</strong></span> <span class='ocrx_word' id='word_1_177' title='bbox 412 3030 573 3092; x_wconf 86' lang='lat' dir='ltr'><strong>astantes</strong></span> <span class='ocrx_word' id='word_1_178' title='bbox 597 3013 752 3091; x_wconf 84' lang='lat' dir='ltr'><strong>luerunt</strong></span> <span class='ocrx_word' id='word_1_179' title='bbox 778 3041 866 3090; x_wconf 91' lang='lat' dir='ltr'><strong>eum</strong></span> <span class='ocrx_word' id='word_1_180' title='bbox 888 3012 1044 3090; x_wconf 90' lang='lat' dir='ltr'><strong>osculati</strong></span> <span class='ocrx_word' id='word_1_181' title='bbox 1071 3013 1110 3088; x_wconf 92' lang='lat' dir='ltr'><strong>in</strong></span> <span class='ocrx_word' id='word_1_182' title='bbox 1141 3036 1218 3089; x_wconf 88' lang='lat' dir='ltr'><strong>ore.</strong></span> <span class='ocrx_word' id='word_1_183' title='bbox 1240 3006 1419 3119; x_wconf 81' lang='lat' dir='ltr'><strong>Postque</strong></span> <span class='ocrx_word' id='word_1_184' title='bbox 1438 3016 1605 3119; x_wconf 85' lang='lat' dir='ltr'><strong>precepit</strong></span> 
     </span>
     <span class='ocr_line' id='line_1_21' title="bbox 191 3140 1603 3248; baseline 0 -28"><span class='ocrx_word' id='word_1_185' title='bbox 191 3144 294 3247; x_wconf 91' lang='lat' dir='ltr'><strong>quod</strong></span> <span class='ocrx_word' id='word_1_186' title='bbox 313 3170 447 3221; x_wconf 89' lang='lat' dir='ltr'><strong>omnes</strong></span> <span class='ocrx_word' id='word_1_187' title='bbox 470 3144 537 3248; x_wconf 92' lang='lat' dir='ltr'><strong>qui</strong></span> <span class='ocrx_word' id='word_1_188' title='bbox 562 3142 761 3220; x_wconf 88' lang='lat' dir='ltr'><strong>adfuerant</strong></span> <span class='ocrx_word' id='word_1_189' title='bbox 779 3141 1014 3231; x_wconf 87' lang='lat' dir='ltr'><strong>recederent,</strong></span> <span class='ocrx_word' id='word_1_190' title='bbox 1046 3158 1199 3245; x_wconf 88' lang='lat' dir='ltr'><strong>excepto</strong></span> <span class='ocrx_word' id='word_1_191' title='bbox 1226 3140 1327 3218; x_wconf 91' lang='lat' dir='ltr'><strong>dicto</strong></span> <span class='ocrx_word' id='word_1_192' title='bbox 1355 3140 1542 3229; x_wconf 73' lang='lat' dir='ltr'><strong>aluberto,</strong></span> <span class='ocrx_word' id='word_1_193' title='bbox 1567 3161 1603 3220; x_wconf 88' lang='lat' dir='ltr'><strong>et</strong></span> 
     </span>
     <span class='ocr_line' id='line_1_22' title="bbox 192 3268 1600 3377; baseline 0 -29"><span class='ocrx_word' id='word_1_194' title='bbox 192 3299 277 3348; x_wconf 92' lang='lat' dir='ltr'><strong>curn</strong></span> <span class='ocrx_word' id='word_1_195' title='bbox 313 3272 568 3358; x_wconf 87' lang='lat' dir='ltr'><strong>recessissent,</strong></span> <span class='ocrx_word' id='word_1_196' title='bbox 610 3271 778 3377; x_wconf 88' lang='lat' dir='ltr'><strong>precepit</strong></span> <span class='ocrx_word' id='word_1_197' title='bbox 812 3270 882 3376; x_wconf 91' lang='lat' dir='ltr'><strong>ipsi</strong></span> <span class='ocrx_word' id='word_1_198' title='bbox 918 3271 1025 3359; x_wconf 90' lang='lat' dir='ltr'><strong>testi,</strong></span> <span class='ocrx_word' id='word_1_199' title='bbox 1065 3286 1240 3376; x_wconf 90' lang='lat' dir='ltr'><strong>presente</strong></span> <span class='ocrx_word' id='word_1_200' title='bbox 1274 3268 1374 3347; x_wconf 89' lang='lat' dir='ltr'><strong>dicto</strong></span> <span class='ocrx_word' id='word_1_201' title='bbox 1413 3270 1600 3363; x_wconf 81' lang='lat' dir='ltr'><strong>Auberto,</strong></span> 
     </span>
     <span class='ocr_line' id='line_1_23' title="bbox 191 3397 1604 3509; baseline 0.001 -32"><span class='ocrx_word' id='word_1_202' title='bbox 191 3403 292 3507; x_wconf 87' lang='lat' dir='ltr'><strong>qnod</strong></span> <span class='ocrx_word' id='word_1_203' title='bbox 319 3400 520 3509; x_wconf 84' lang='lat' dir='ltr'><strong>abnegaret</strong></span> <span class='ocrx_word' id='word_1_204' title='bbox 552 3401 697 3488; x_wconf 73' lang='lat' dir='ltr'><strong>Deum,</strong></span> <span class='ocrx_word' id='word_1_205' title='bbox 724 3415 762 3476; x_wconf 92' lang='lat' dir='ltr'><strong>et</strong></span> <span class='ocrx_word' id='word_1_206' title='bbox 788 3399 972 3504; x_wconf 90' lang='lat' dir='ltr'><strong>cumipse</strong></span> <span class='ocrx_word' id='word_1_207' title='bbox 997 3399 1102 3476; x_wconf 87' lang='lat' dir='ltr'><strong>testis</strong></span> <span class='ocrx_word' id='word_1_208' title='bbox 1127 3397 1372 3505; x_wconf 86' lang='lat' dir='ltr'><strong>responderet</strong></span> <span class='ocrx_word' id='word_1_209' title='bbox 1399 3401 1503 3505; x_wconf 90' lang='lat' dir='ltr'><strong>quod</strong></span> <span class='ocrx_word' id='word_1_210' title='bbox 1533 3403 1604 3478; x_wconf 86' lang='lat' dir='ltr'><strong>hoe</strong></span> 
     </span>
     <span class='ocr_line' id='line_1_24' title="bbox 191 3527 1603 3635; baseline 0.001 -31"><span class='ocrx_word' id='word_1_211' title='bbox 191 3529 295 3608; x_wconf 90' lang='lat' dir='ltr'><strong>nullo</strong></span> <span class='ocrx_word' id='word_1_212' title='bbox 315 3529 429 3608; x_wconf 90' lang='lat' dir='ltr'><strong>modo</strong></span> <span class='ocrx_word' id='word_1_213' title='bbox 448 3529 603 3620; x_wconf 84' lang='lat' dir='ltr'><strong>faceret,</strong></span> <span class='ocrx_word' id='word_1_214' title='bbox 631 3528 724 3605; x_wconf 82' lang='lat' dir='ltr'><strong>dixit</strong></span> <span class='ocrx_word' id='word_1_215' title='bbox 744 3529 776 3605; x_wconf 93' lang='lat' dir='ltr'><strong>ei</strong></span> <span class='ocrx_word' id='word_1_216' title='bbox 804 3527 908 3635; x_wconf 89' lang='lat' dir='ltr'><strong>quod</strong></span> <span class='ocrx_word' id='word_1_217' title='bbox 929 3529 1001 3606; x_wconf 91' lang='lat' dir='ltr'><strong>hoc</strong></span> <span class='ocrx_word' id='word_1_218' title='bbox 1028 3527 1226 3634; x_wconf 86' lang='lat' dir='ltr'><strong>oportebat</strong></span> <span class='ocrx_word' id='word_1_219' title='bbox 1248 3555 1336 3604; x_wconf 90' lang='lat' dir='ltr'><strong>eum</strong></span> <span class='ocrx_word' id='word_1_220' title='bbox 1360 3527 1495 3615; x_wconf 88' lang='lat' dir='ltr'><strong>lacere,</strong></span> <span class='ocrx_word' id='word_1_221' title='bbox 1516 3533 1603 3634; x_wconf 90' lang='lat' dir='ltr'><strong>quia</strong></span> 
     </span>
     <span class='ocr_line' id='line_1_25' title="bbox 191 3657 1602 3765; baseline -0.001 -29"><span class='ocrx_word' id='word_1_222' title='bbox 191 3659 275 3737; x_wconf 86' lang='lat' dir='ltr'><strong>talia</strong></span> <span class='ocrx_word' id='word_1_223' title='bbox 300 3676 405 3736; x_wconf 91' lang='lat' dir='ltr'><strong>erant</strong></span> <span class='ocrx_word' id='word_1_224' title='bbox 427 3676 566 3765; x_wconf 89' lang='lat' dir='ltr'><strong>puncta</strong></span> <span class='ocrx_word' id='word_1_225' title='bbox 591 3657 754 3745; x_wconf 86' lang='lat' dir='ltr'><strong>ordinis;</strong></span> <span class='ocrx_word' id='word_1_226' title='bbox 785 3674 822 3734; x_wconf 90' lang='lat' dir='ltr'><strong>et</strong></span> <span class='ocrx_word' id='word_1_227' title='bbox 847 3674 938 3735; x_wconf 91' lang='lat' dir='ltr'><strong>tunc</strong></span> <span class='ocrx_word' id='word_1_228' title='bbox 958 3659 1037 3764; x_wconf 90' lang='lat' dir='ltr'><strong>ipse</strong></span> <span class='ocrx_word' id='word_1_229' title='bbox 1057 3659 1163 3736; x_wconf 92' lang='lat' dir='ltr'><strong>testis</strong></span> <span class='ocrx_word' id='word_1_230' title='bbox 1181 3657 1375 3765; x_wconf 85' lang='lat' dir='ltr'><strong>abnegavit</strong></span> <span class='ocrx_word' id='word_1_231' title='bbox 1392 3658 1518 3734; x_wconf 89' lang='lat' dir='ltr'><strong>Deum</strong></span> <span class='ocrx_word' id='word_1_232' title='bbox 1538 3686 1602 3735; x_wconf 90' lang='lat' dir='ltr'><strong>ore</strong></span> 
     </span>
     <span class='ocr_line' id='line_1_26' title="bbox 191 3787 1602 3895; baseline 0.001 -31"><span class='ocrx_word' id='word_1_233' title='bbox 191 3816 263 3866; x_wconf 91' lang='lat' dir='ltr'><strong>non</strong></span> <span class='ocrx_word' id='word_1_234' title='bbox 283 3790 408 3867; x_wconf 90' lang='lat' dir='ltr'><strong>corde.</strong></span> <span class='ocrx_word' id='word_1_235' title='bbox 426 3789 573 3867; x_wconf 90' lang='lat' dir='ltr'><strong>Deinde</strong></span> <span class='ocrx_word' id='word_1_236' title='bbox 588 3789 756 3895; x_wconf 90' lang='lat' dir='ltr'><strong>precepit</strong></span> <span class='ocrx_word' id='word_1_237' title='bbox 767 3789 802 3863; x_wconf 89' lang='lat' dir='ltr'><strong>ei</strong></span> <span class='ocrx_word' id='word_1_238' title='bbox 818 3788 924 3895; x_wconf 85' lang='lat' dir='ltr'><strong>quod</strong></span> <span class='ocrx_word' id='word_1_239' title='bbox 937 3805 1090 3894; x_wconf 89' lang='lat' dir='ltr'><strong>spueret</strong></span> <span class='ocrx_word' id='word_1_240' title='bbox 1105 3816 1219 3894; x_wconf 89' lang='lat' dir='ltr'><strong>snper</strong></span> <span class='ocrx_word' id='word_1_241' title='bbox 1233 3787 1435 3894; x_wconf 90' lang='lat' dir='ltr'><strong>quamdam</strong></span> <span class='ocrx_word' id='word_1_242' title='bbox 1454 3817 1602 3866; x_wconf 87' lang='lat' dir='ltr'><strong>crucem</strong></span> 
     </span>
     <span class='ocr_line' id='line_1_27' title="bbox 191 3917 1604 4025; baseline -0.001 -30"><span class='ocrx_word' id='word_1_243' title='bbox 191 3919 437 4010; x_wconf 85' lang='lat' dir='ltr'><strong>metallinam,</strong></span> <span class='ocrx_word' id='word_1_244' title='bbox 458 3921 497 3995; x_wconf 91' lang='lat' dir='ltr'><strong>in</strong></span> <span class='ocrx_word' id='word_1_245' title='bbox 515 3947 590 4025; x_wconf 91' lang='lat' dir='ltr'><strong>qua</strong></span> <span class='ocrx_word' id='word_1_246' title='bbox 610 3934 689 3995; x_wconf 90' lang='lat' dir='ltr'><strong>erat</strong></span> <span class='ocrx_word' id='word_1_247' title='bbox 707 3944 842 4025; x_wconf 81' lang='lat' dir='ltr'><strong>ymago</strong></span> <span class='ocrx_word' id='word_1_248' title='bbox 859 3917 1055 4006; x_wconf 87' lang='lat' dir='ltr'><strong>Crucifixi,</strong></span> <span class='ocrx_word' id='word_1_249' title='bbox 1071 3945 1185 4025; x_wconf 85' lang='lat' dir='ltr'><strong>quam</strong></span> <span class='ocrx_word' id='word_1_250' title='bbox 1203 3917 1325 3994; x_wconf 90' lang='lat' dir='ltr'><strong>dictus</strong></span> <span class='ocrx_word' id='word_1_251' title='bbox 1342 3917 1530 3995; x_wconf 81' lang='lat' dir='ltr'><strong>Aubertus</strong></span> <span class='ocrx_word' id='word_1_252' title='bbox 1547 3948 1604 3993; x_wconf 91' lang='lat' dir='ltr'><strong>ac-</strong></span> 
     </span>
     <span class='ocr_line' id='line_1_28' title="bbox 192 4045 1601 4154; baseline -0.001 -30"><span class='ocrx_word' id='word_1_253' title='bbox 192 4065 337 4153; x_wconf 88' lang='lat' dir='ltr'><strong>ceperat</strong></span> <span class='ocrx_word' id='word_1_254' title='bbox 354 4047 401 4125; x_wconf 91' lang='lat' dir='ltr'><strong>de</strong></span> <span class='ocrx_word' id='word_1_255' title='bbox 425 4047 529 4125; x_wconf 90' lang='lat' dir='ltr'><strong>altari</strong></span> <span class='ocrx_word' id='word_1_256' title='bbox 560 4064 599 4125; x_wconf 91' lang='lat' dir='ltr'><strong>et</strong></span> <span class='ocrx_word' id='word_1_257' title='bbox 618 4045 772 4125; x_wconf 90' lang='lat' dir='ltr'><strong>tenebat</strong></span> <span class='ocrx_word' id='word_1_258' title='bbox 796 4047 834 4122; x_wconf 93' lang='lat' dir='ltr'><strong>in</strong></span> <span class='ocrx_word' id='word_1_259' title='bbox 863 4074 996 4140; x_wconf 88' lang='lat' dir='ltr'><strong>manu,</strong></span> <span class='ocrx_word' id='word_1_260' title='bbox 1021 4063 1060 4124; x_wconf 90' lang='lat' dir='ltr'><strong>et</strong></span> <span class='ocrx_word' id='word_1_261' title='bbox 1084 4048 1163 4154; x_wconf 91' lang='lat' dir='ltr'><strong>ipse</strong></span> <span class='ocrx_word' id='word_1_262' title='bbox 1186 4047 1293 4123; x_wconf 87' lang='lat' dir='ltr'><strong>testis</strong></span> <span class='ocrx_word' id='word_1_263' title='bbox 1317 4045 1439 4122; x_wconf 88' lang='lat' dir='ltr'><strong>noluit</strong></span> <span class='ocrx_word' id='word_1_264' title='bbox 1467 4074 1601 4150; x_wconf 88' lang='lat' dir='ltr'><strong>spuere</strong></span> 
     </span>
     <span class='ocr_line' id='line_1_29' title="bbox 191 4172 1602 4285; baseline -0.002 -32"><span class='ocrx_word' id='word_1_265' title='bbox 191 4204 317 4283; x_wconf 87' lang='lat' dir='ltr'><strong>supra,</strong></span> <span class='ocrx_word' id='word_1_266' title='bbox 329 4177 396 4254; x_wconf 86' lang='lat' dir='ltr'><strong>sed</strong></span> <span class='ocrx_word' id='word_1_267' title='bbox 406 4177 507 4283; x_wconf 90' lang='lat' dir='ltr'><strong>spuit</strong></span> <span class='ocrx_word' id='word_1_268' title='bbox 516 4177 633 4285; x_wconf 88' lang='lat' dir='ltr'><strong>juxta.</strong></span> <span class='ocrx_word' id='word_1_269' title='bbox 654 4175 755 4253; x_wconf 81' lang='lat' dir='ltr'><strong>Dixit</strong></span> <span class='ocrx_word' id='word_1_270' title='bbox 768 4175 885 4252; x_wconf 89' lang='lat' dir='ltr'><strong>eciam</strong></span> <span class='ocrx_word' id='word_1_271' title='bbox 901 4175 935 4251; x_wconf 95' lang='lat' dir='ltr'><strong>ei</strong></span> <span class='ocrx_word' id='word_1_272' title='bbox 953 4176 1076 4252; x_wconf 74' lang='lat' dir='ltr'><strong>dictam</strong></span> <span class='ocrx_word' id='word_1_273' title='bbox 1088 4192 1260 4281; x_wconf 86' lang='lat' dir='ltr'><strong>receptor</strong></span> <span class='ocrx_word' id='word_1_274' title='bbox 1272 4172 1377 4280; x_wconf 87' lang='lat' dir='ltr'><strong>quod</strong></span> <span class='ocrx_word' id='word_1_275' title='bbox 1393 4174 1602 4250; x_wconf 89' lang='lat' dir='ltr'><strong>secundum</strong></span> 
     </span>
     <span class='ocr_line' id='line_1_30' title="bbox 193 4302 1603 4412; baseline -0.002 -31"><span class='ocrx_word' id='word_1_276' title='bbox 193 4305 288 4383; x_wconf 88' lang='lat' dir='ltr'><strong>dicta</strong></span> <span class='ocrx_word' id='word_1_277' title='bbox 315 4323 454 4412; x_wconf 91' lang='lat' dir='ltr'><strong>puncta</strong></span> <span class='ocrx_word' id='word_1_278' title='bbox 486 4321 634 4411; x_wconf 83' lang='lat' dir='ltr'><strong>poterat</strong></span> <span class='ocrx_word' id='word_1_279' title='bbox 674 4304 871 4383; x_wconf 86' lang='lat' dir='ltr'><strong>carnaliter</strong></span> <span class='ocrx_word' id='word_1_280' title='bbox 909 4305 1142 4383; x_wconf 86' lang='lat' dir='ltr'><strong>commisceri</strong></span> <span class='ocrx_word' id='word_1_281' title='bbox 1177 4302 1354 4381; x_wconf 80' lang='lat' dir='ltr'><strong>fratribus</strong></span> <span class='ocrx_word' id='word_1_282' title='bbox 1390 4302 1533 4380; x_wconf 90' lang='lat' dir='ltr'><strong>ordinis</strong></span> <span class='ocrx_word' id='word_1_283' title='bbox 1565 4321 1603 4378; x_wconf 89' lang='lat' dir='ltr'><strong>et</strong></span> 
     </span>
     <span class='ocr_line' id='line_1_31' title="bbox 191 4432 1601 4541; baseline 0 -32"><span class='ocrx_word' id='word_1_284' title='bbox 191 4435 257 4541; x_wconf 90' lang='lat' dir='ltr'><strong>ipsi</strong></span> <span class='ocrx_word' id='word_1_285' title='bbox 282 4464 369 4514; x_wconf 90' lang='lat' dir='ltr'><strong>cum</strong></span> <span class='ocrx_word' id='word_1_286' title='bbox 399 4464 461 4524; x_wconf 87' lang='lat' dir='ltr'><strong>eo;</strong></span> <span class='ocrx_word' id='word_1_287' title='bbox 493 4436 565 4513; x_wconf 89' lang='lat' dir='ltr'><strong>hoc</strong></span> <span class='ocrx_word' id='word_1_288' title='bbox 597 4452 724 4512; x_wconf 89' lang='lat' dir='ltr'><strong>tamen</strong></span> <span class='ocrx_word' id='word_1_289' title='bbox 759 4461 837 4511; x_wconf 92' lang='lat' dir='ltr'><strong>non</strong></span> <span class='ocrx_word' id='word_1_290' title='bbox 867 4432 970 4525; x_wconf 83' lang='lat' dir='ltr'><strong>lecit,</strong></span> <span class='ocrx_word' id='word_1_291' title='bbox 1003 4460 1074 4511; x_wconf 88' lang='lat' dir='ltr'><strong>nec</strong></span> <span class='ocrx_word' id='word_1_292' title='bbox 1102 4434 1220 4512; x_wconf 86' lang='lat' dir='ltr'><strong>credit</strong></span> <span class='ocrx_word' id='word_1_293' title='bbox 1256 4433 1362 4540; x_wconf 91' lang='lat' dir='ltr'><strong>quod</strong></span> <span class='ocrx_word' id='word_1_294' title='bbox 1393 4433 1432 4508; x_wconf 92' lang='lat' dir='ltr'><strong>in</strong></span> <span class='ocrx_word' id='word_1_295' title='bbox 1468 4432 1601 4509; x_wconf 90' lang='lat' dir='ltr'><strong>ordine</strong></span> 
     </span>
     <span class='ocr_line' id='line_1_32' title="bbox 191 4560 1602 4672; baseline -0.001 -32"><span class='ocrx_word' id='word_1_296' title='bbox 191 4562 309 4642; x_wconf 87' lang='lat' dir='ltr'><strong>fieret.</strong></span> <span class='ocrx_word' id='word_1_297' title='bbox 331 4567 533 4672; x_wconf 86' lang='lat' dir='ltr'><strong>Postque,</strong></span> <span class='ocrx_word' id='word_1_298' title='bbox 552 4563 792 4641; x_wconf 88' lang='lat' dir='ltr'><strong>demandato</strong></span> <span class='ocrx_word' id='word_1_299' title='bbox 811 4564 899 4641; x_wconf 90' lang='lat' dir='ltr'><strong>dicti</strong></span> <span class='ocrx_word' id='word_1_300' title='bbox 920 4563 1140 4671; x_wconf 80' lang='lat' dir='ltr'><strong>receptoria,</strong></span> <span class='ocrx_word' id='word_1_301' title='bbox 1162 4562 1350 4641; x_wconf 88' lang='lat' dir='ltr'><strong>osculatus</strong></span> <span class='ocrx_word' id='word_1_302' title='bbox 1366 4560 1438 4638; x_wconf 86' lang='lat' dir='ltr'><strong>luit</strong></span> <span class='ocrx_word' id='word_1_303' title='bbox 1456 4589 1543 4638; x_wconf 91' lang='lat' dir='ltr'><strong>eum</strong></span> <span class='ocrx_word' id='word_1_304' title='bbox 1563 4565 1602 4639; x_wconf 90' lang='lat' dir='ltr'><strong>in</strong></span> 
     </span>
     <span class='ocr_line' id='line_1_33' title="bbox 192 4690 1602 4797; baseline -0.001 -27"><span class='ocrx_word' id='word_1_305' title='bbox 192 4720 299 4771; x_wconf 87' lang='lat' dir='ltr'><strong>carne</strong></span> <span class='ocrx_word' id='word_1_306' title='bbox 312 4695 431 4787; x_wconf 88' lang='lat' dir='ltr'><strong>nuda,</strong></span> <span class='ocrx_word' id='word_1_307' title='bbox 445 4711 546 4771; x_wconf 86' lang='lat' dir='ltr'><strong>retro</strong></span> <span class='ocrx_word' id='word_1_308' title='bbox 561 4693 600 4769; x_wconf 92' lang='lat' dir='ltr'><strong>in</strong></span> <span class='ocrx_word' id='word_1_309' title='bbox 619 4693 724 4797; x_wconf 88' lang='lat' dir='ltr'><strong>spina</strong></span> <span class='ocrx_word' id='word_1_310' title='bbox 740 4692 858 4782; x_wconf 93' lang='lat' dir='ltr'><strong>dorsi,</strong></span> <span class='ocrx_word' id='word_1_311' title='bbox 872 4692 972 4770; x_wconf 89' lang='lat' dir='ltr'><strong>inter</strong></span> <span class='ocrx_word' id='word_1_312' title='bbox 988 4718 1120 4768; x_wconf 85' lang='lat' dir='ltr'><strong>zonam</strong></span> <span class='ocrx_word' id='word_1_313' title='bbox 1136 4708 1174 4768; x_wconf 88' lang='lat' dir='ltr'><strong>et</strong></span> <span class='ocrx_word' id='word_1_314' title='bbox 1187 4690 1368 4770; x_wconf 88' lang='lat' dir='ltr'><strong>braccale.·</strong></span> <span class='ocrx_word' id='word_1_315' title='bbox 1381 4692 1462 4769; x_wconf 77' lang='lat' dir='ltr'><strong>Atia</strong></span> <span class='ocrx_word' id='word_1_316' title='bbox 1475 4690 1602 4768; x_wconf 84' lang='lat' dir='ltr'><strong>illicita</strong></span> 
     </span>
     <span class='ocr_line' id='line_1_34' title="bbox 191 4821 1600 4930; baseline 0 -33"><span class='ocrx_word' id='word_1_317' title='bbox 191 4849 265 4899; x_wconf 91' lang='lat' dir='ltr'><strong>non</strong></span> <span class='ocrx_word' id='word_1_318' title='bbox 292 4824 574 4901; x_wconf 86' lang='lat' dir='ltr'><strong>intervenerunt</strong></span> <span class='ocrx_word' id='word_1_319' title='bbox 595 4823 633 4899; x_wconf 92' lang='lat' dir='ltr'><strong>in</strong></span> <span class='ocrx_word' id='word_1_320' title='bbox 657 4822 755 4899; x_wconf 84' lang='lat' dir='ltr'><strong>dicta</strong></span> <span class='ocrx_word' id='word_1_321' title='bbox 774 4848 840 4899; x_wconf 88' lang='lat' dir='ltr'><strong>sna</strong></span> <span class='ocrx_word' id='word_1_322' title='bbox 856 4822 1075 4930; x_wconf 88' lang='lat' dir='ltr'><strong>recepcione</strong></span> <span class='ocrx_word' id='word_1_323' title='bbox 1097 4848 1166 4899; x_wconf 88' lang='lat' dir='ltr'><strong>nec</strong></span> <span class='ocrx_word' id='word_1_324' title='bbox 1181 4839 1282 4928; x_wconf 88' lang='lat' dir='ltr'><strong>post,</strong></span> <span class='ocrx_word' id='word_1_325' title='bbox 1307 4841 1344 4900; x_wconf 87' lang='lat' dir='ltr'><strong>et</strong></span> <span class='ocrx_word' id='word_1_326' title='bbox 1364 4821 1481 4900; x_wconf 89' lang='lat' dir='ltr'><strong>credit</strong></span> <span class='ocrx_word' id='word_1_327' title='bbox 1499 4823 1600 4928; x_wconf 90' lang='lat' dir='ltr'><strong>quod</strong></span> 
     </span>
    </p>
   </div>
   <div class='ocr_carea' id='block_1_3' title="bbox 0 0 2122 5941">
    <p class='ocr_par' dir='ltr' id='par_1_3' title="bbox 0 0 2122 5941">
     <span class='ocr_line' id='line_1_35' title="bbox 0 0 2122 5941; baseline 0 0"><span class='ocrx_word' id='word_1_328' title='bbox 0 0 2122 5941; x_wconf 95' lang='lat' dir='ltr'><strong> </strong></span> 
     </span>
    </p>
   </div>
  </div>
 </body>
</html>
