4236 5948
344 519 416 595 ino
733 500 930 593 Procas
957 520 1053 590 nas
1079 519 1376 593 rsurmsns.

341 679 457 766 perat.
483 661 584 738 Dixit
605 660 721 738 eciam
747 690 815 766 per
831 662 1087 769 juramentum
1115 689 1227 737 snum
1248 661 1371 767 quod,
1390 677 1589 768 postquam
1608 660 1682 739 suit
1696 663 1766 741 sibi

341 765 512 898 loqutuin
528 792 575 867 de
592 790 812 897 abnegando
832 791 1025 870 Christum
1042 820 1110 896 per
1128 791 1338 898 predictum
1354 809 1604 898 receptorem,
1622 811 1767 880 tantum

344 922 533 1029 displicuit
544 922 614 999 sibi
629 922 751 998 dictus
762 921 873 1010 orde,
886 922 991 1028 quod
1007 920 1148 1028 pluries
1165 924 1349 1010 exivisset,
1365 923 1540 1000 siluisset
1554 952 1687 1014 ausus;
1700 926 1768 1003 sed

343 1053 496 1131 timebat
511 1053 558 1128 de
575 1051 746 1157 potencia
765 1051 1085 1157 Templariorum3
1110 1070 1146 1129 et
1167 1054 1272 1158 quod
1286 1054 1448 1159 quadam
1468 1053 1530 1130 die
1548 1054 1649 1131 venit
1667 1056 1769 1161 apud

342 1182 498 1259 Lochias
519 1182 585 1259 uhi
600 1186 675 1259 Rex
694 1202 788 1272 erat,
811 1202 848 1260 et
867 1183 938 1261 luit
956 1184 1109 1289 loqutus
1124 1185 1214 1292 Regi
1229 1185 1268 1260 in
1285 1185 1475 1292 presencia
1488 1183 1611 1263 fratris
1623 1185 1767 1263 Ytherii

342 1314 388 1388 de
409 1313 580 1389 Nantolio
600 1314 735 1419 prioris
756 1314 956 1418 Hospitalis
976 1314 1015 1389 in
1035 1315 1204 1404 Francia,
1227 1332 1265 1391 et
1278 1315 1442 1392 habehat
1460 1315 1499 1390 in
1520 1315 1647 1391 animo
1661 1316 1769 1421 quod

340 1445 452 1521 istum
479 1444 633 1521 modum
663 1446 895 1553 recepcionis
920 1445 1100 1522 revelaret
1122 1446 1230 1551 Regi,
1262 1463 1299 1523 et
1322 1446 1547 1552 supplicaret
1573 1445 1643 1521 sibi
1663 1446 1769 1551 quod

343 1575 446 1650 daret
471 1574 540 1650 sibi
565 1575 762 1652 consilium
780 1576 874 1682 quid
893 1593 1019 1680 posset
1042 1574 1176 1663 lacere,
1204 1593 1241 1650 et
1266 1594 1412 1681 caperet
1429 1604 1517 1652 eum
1541 1575 1579 1649 in
1599 1575 1768 1653 custodia

341 1735 422 1792 sua,
442 1707 571 1810 etipse
589 1706 705 1782 exiret
718 1706 905 1796 ordinem3
927 1706 993 1782 sed
1014 1723 1157 1812 postca,
1175 1706 1415 1783 considerans
1430 1705 1532 1811 quod
1547 1705 1675 1810 plures
1689 1734 1769 1811 pre·

342 1853 509 1940 captores
538 1855 575 1912 et
597 1835 659 1912 alii
681 1835 727 1913 de
749 1836 883 1912 ordine
903 1835 1022 1913 multa
1042 1836 1223 1914 dederant
1247 1836 1318 1912 sibi
1339 1864 1407 1941 pro
1429 1835 1596 1941 passagio
1621 1863 1708 1922 suo,
1731 1854 1768 1912 et

341 1966 445 2072 quod
456 1966 534 2072 jam
548 1965 710 2043 habebat
723 1967 921 2073 pecuniam
937 1984 976 2043 et
989 1965 1091 2044 bona
1103 1966 1262 2057 ordinis,
1282 1995 1358 2043 non
1371 1983 1468 2043 esset
1478 1964 1703 2055 bonumeos
1717 1967 1766 2043 ita

345 2097 548 2175 destruere.
566 2096 779 2201 Requisitus
789 2125 857 2202 per
866 2097 1126 2204 juramentum
1141 2125 1252 2173 suum
1268 2095 1372 2173 unde
1387 2095 1569 2201 processit
1585 2124 1689 2177 error
1702 2096 1769 2173 ab·

343 2227 499 2331 negandi
522 2245 560 2302 et
573 2228 732 2333 spuendi
754 2257 865 2333 supra
884 2256 1053 2315 crucem,
1085 2227 1279 2332 respondit
1301 2257 1369 2334 per
1383 2228 1639 2333 juramentum
1660 2227 1767 2333 quod

342 2356 495 2460 quidam
515 2356 563 2432 de
583 2356 714 2433 ordine
734 2356 866 2434 dicunt
884 2358 987 2463 quod
1008 2360 1080 2434 hoc
1094 2358 1218 2435 statuit
1227 2358 1419 2462 predictus
1429 2358 1604 2464 Magister
1617 2358 1683 2463 qui
1697 2356 1768 2434 fuit

342 2504 468 2590 captus
487 2487 525 2562 in
547 2515 692 2563 carcere
713 2487 801 2563 dicti
823 2487 989 2576 soldani,
1017 2504 1060 2563 nt
1084 2488 1301 2592 predicitur.
1324 2487 1397 2563 Alii
1420 2488 1550 2564 dicunt
1569 2489 1675 2594 quod
1695 2472 1779 2565 hoc*

342 2613 412 2691 fuit
429 2644 472 2691 ex
490 2616 597 2692 malis
613 2634 650 2693 et
664 2618 845 2721 perversis
861 2617 1206 2695 introduccionihus
1221 2634 1258 2693 et
1273 2619 1417 2694 statutis
1430 2616 1554 2694 -lratris
1571 2615 1767 2695 Roncelini

342 2746 507 2852 Magistri
527 2746 718 2852 qnondam
743 2746 902 2838 ordinis,
926 2747 988 2823 alii
1009 2747 1141 2823 dicunt
1161 2748 1264 2852 quod
1284 2777 1327 2823 ex
1353 2748 1460 2824 malis
1483 2746 1630 2824 statutis
1648 2765 1687 2825 et
1706 2747 1769 2824 do

343 2876 468 2953 ctrinis
482 2876 602 2953 fratris
614 2879 761 2955 Thome
776 2878 928 2955 Berardi
949 2878 1143 2982 qnondam
1160 2877 1247 2954 dicti
1266 2876 1409 2955 ordinis
1427 2876 1610 2983 Magistri;
1631 2877 1695 2953 alii
1712 2877 1769 2953 di·

343 3024 432 3081 cunt
445 3007 549 3112 quod
564 3009 637 3086 hoc
649 3007 694 3084 fit
704 3009 753 3084 ad
765 3009 878 3087 instar
890 3036 958 3086 seu
973 3008 1021 3084 ad
1035 3008 1255 3084 memoriam
1265 3006 1364 3084 beati
1378 3008 1477 3085 Petri
1498 3008 1562 3112 qui
1575 3007 1769 3114 abnegavit

344 3137 533 3216 Christum
554 3156 622 3215 ter.
645 3139 857 3243 Requisitus
884 3137 931 3214 de
958 3139 1077 3244 capite
1104 3139 1252 3245 dequo
1278 3168 1389 3244 supra
1413 3138 1456 3215 lit
1477 3139 1642 3223 mencio,
1677 3137 1769 3214 dixit

343 3297 410 3372 per
425 3269 682 3374 juramentum
697 3296 809 3345 snum
825 3268 928 3373 quod
944 3296 1137 3373 nunqnam
1153 3268 1247 3343 vidit
1266 3267 1360 3344 illud
1379 3286 1442 3344 aut
1458 3268 1647 3344 audiverat
1663 3267 1767 3375 loqui

345 3397 392 3471 de
404 3424 465 3483 eo,
482 3425 680 3503 usquequo
692 3397 868 3474 dominus
879 3398 974 3501 Papa
984 3396 1073 3472 lecit
1088 3398 1262 3504 Magistro
1274 3415 1311 3473 et
1322 3398 1391 3502 ipsi
1404 3399 1469 3501 qui
1483 3397 1654 3503 loquitur
1669 3426 1770 3474 men·

343 3527 484 3601 tionem
507 3526 553 3601 de
573 3526 645 3603 hoc
664 3527 830 3602 Pictavis.
850 3527 1100 3631 Interrogatus
1116 3543 1242 3602 utrum
1263 3528 1316 3613 vi,
1339 3526 1395 3602 vel
1414 3543 1518 3602 metu
1536 3527 1693 3602 carceris
1706 3545 1769 3603 aut

343 3672 639 3743 tormentorum,
670 3655 727 3731 vel
747 3655 941 3760 aliquado
969 3684 1092 3743 causa,
1120 3655 1283 3760 aliquam
1309 3654 1504 3732 salsitatem
1524 3655 1769 3733 immiscuerit

345 3784 382 3859 in
393 3813 458 3861 sua
471 3785 721 3891 deposicione‚
735 3804 798 3863 aut
810 3786 1001 3864 veritatem
1013 3788 1184 3874 tacuerit,
1201 3785 1293 3864 dixit
1307 3815 1374 3891 per
1384 3786 1641 3890 juramentum
1655 3814 1767 3863 snum

298 3982 304 3989 .
345 3916 450 4020 quod
464 3942 557 4005 non3
574 3917 692 3992 immo
712 3944 844 4021 puram
861 3933 897 3992 et
913 3945 1054 3992 meram
1069 3916 1211 3992 dixerat
1229 3943 1298 4019 pro
1319 3914 1436 3990 salute
1453 3914 1577 3990 anime
1593 3942 1660 3990 suo
1674 3914 1768 3991 veri·

343 4060 470 4121 tatem.
482 4046 572 4122 Acta
586 4046 752 4125 sunthec
767 4047 805 4122 in
817 4047 930 4123 domo
944 4045 1092 4151 Templi
1105 4045 1335 4132 Parisiensis,
1347 4072 1462 4130 anno,
1473 4042 1681 4132 indicione,
1692 4044 1765 4131 die,

345 4202 474 4252 mense
492 4194 530 4251 et
548 4176 769 4282 pontificatu
784 4176 977 4281 predictis,
996 4176 1231 4280 presentibus
1251 4173 1435 4279 religiosis
1450 4190 1487 4249 et
1502 4173 1668 4251 honestis
1683 4174 1768 4251 vin‘s

345 4303 521 4383 fratribus
540 4308 649 4383 Petro
671 4306 879 4394 Lamberti,
900 4305 1105 4384 Guillelmo
1126 4305 1173 4381 de
1198 4304 1367 4391 Polonia,
1392 4303 1544 4380 Nicolao
1563 4303 1685 4382 Greco
1711 4333 1768 4380 or-

345 4435 444 4512 dinis
463 4436 759 4523 Predicatornm,
781 4436 986 4515 Guillelmo
1010 4436 1056 4512 dc
1077 4437 1254 4542 Choques
1283 4434 1360 4511 cive
1379 4434 1590 4521 Parisiensi,
1617 4452 1654 4509 et
1677 4436 1768 4541 Ray-

346 4566 489 4641 mundo
510 4566 723 4657 Castellani,
747 4585 783 4642 et
804 4567 972 4671 pluribus
987 4566 1069 4642 aliis
1089 4566 1136 4641 ad
1155 4567 1335 4670 premissa
1354 4562 1490 4643 vocatis
1509 4563 1667 4643 testibus
1685 4590 1768 4673 spe·

349 4695 488 4772 cialiter
510 4714 545 4772 et
565 4698 710 4808 rogatis.
