4236 5948
485 557 558 633 tea
871 537 1067 630 procas
1092 555 1188 626 nas
1214 553 1512 625 renarrans

540 698 596 777 Ad
614 696 841 776 xlvi-lxxm
861 695 1035 774 articulos
1055 695 1249 783 inclusive,
1271 695 1467 802 diligenter
1488 713 1526 772 et
1545 694 1733 801 sigillatim
1750 694 1910 773 interro·

482 846 605 936 gatus,
627 828 773 935 negavit
799 828 899 933 ipsos
918 825 1093 904 articulos
1119 842 1156 901 et
1186 826 1312 902 omnia
1343 842 1380 901 et
1405 825 1548 930 singula
1575 839 1747 901 contenta
1775 825 1815 899 in
1841 826 1908 902 eis.

483 958 692 1037 Confitetur
710 975 834 1034 tamen
852 956 956 1063 quod
972 956 1125 1063 quando
1141 953 1272 1032 fratres
1287 956 1519 1061 recipiuntur
1533 955 1580 1031 ad
1598 955 1769 1031 ordinem
1788 956 1911 1060 predi·

483 1105 595 1178 ctum,
612 1088 820 1196 injungitur
835 1087 888 1164 eis
902 1087 1007 1193 quod
1021 1103 1174 1193 portent
1189 1085 1378 1192 cingulum
1398 1087 1473 1162 sive
1495 1085 1687 1163 cordulam
1702 1085 1838 1163 lineam
1855 1087 1910 1165 vel

484 1219 532 1295 de
547 1219 630 1298 lana
643 1220 683 1295 in
698 1218 846 1325 signum
867 1218 1041 1295 castitatis
1056 1248 1077 1294 a
1095 1246 1134 1293 se
1155 1218 1335 1322 promisse
1351 1246 1498 1323 semper
1514 1216 1705 1306 habende,
1727 1236 1765 1294 et
1788 1218 1910 1296 nulla-

481 1367 593 1427 tenus
609 1348 827 1426 deserendo.
848 1349 949 1426 Dixit
962 1367 1088 1425 tamen
1103 1348 1307 1456 quodcum
1324 1348 1433 1424 dictis
1448 1347 1612 1424 cordulis
1626 1376 1696 1424 nec
1710 1350 1828 1454 capita
1840 1378 1910 1426 nec

481 1479 591 1586 ydola
607 1479 809 1586 cinguntur
824 1507 894 1556 nec
908 1497 1121 1586 tanguntur,
1135 1507 1204 1554 nec
1220 1478 1272 1555 eis
1287 1478 1492 1584 precipitur
1512 1479 1562 1554 ita
1573 1478 1671 1584 tangi
1688 1479 1744 1555 vel
1760 1480 1857 1586 cingi
1868 1498 1911 1557 ut

482 1609 521 1685 in
541 1608 697 1688 articulo
718 1611 942 1687 continetur.

539 1743 631 1818 ltem
662 1742 753 1818 <lixit
782 1741 828 1818 de
858 1771 964 1819 more
993 1771 1072 1820 esse
1099 1759 1137 1820 et
1160 1759 1297 1821 statuto
1321 1742 1436 1848 ipsius
1459 1740 1617 1830 ordinis,
1637 1758 1680 1818 ut
1698 1739 1828 1818 fratres
1849 1770 1910 1819 no

482 1873 573 1950 viter
595 1873 734 1977 recepti
762 1872 925 1950 debeant
937 1873 1064 1979 jurare
1086 1891 1123 1949 et
1137 1873 1266 1979 jurant
1286 1889 1419 1949 statuta
1443 1889 1479 1949 et
1501 1871 1622 1948 bonos
1646 1899 1769 1949 mores
1792 1873 1910 1979 ipsius

483 2004 628 2080 ordinis
642 2003 846 2094 custodire;
869 2004 1059 2110 interque
1080 2021 1184 2092 sunt,
1208 2021 1250 2080 ut
1270 2033 1313 2080 ea
1326 2032 1400 2109 que
1412 2020 1571 2110 aguntur
1589 2020 1626 2079 et
1645 1999 1742 2080 fiunt
1761 2003 1801 2080 in
1817 2005 1910 2108 capi-

482 2132 570 2209 tulis
586 2134 703 2238 ipsius
720 2133 862 2209 ordinis
880 2133 996 2210 nullis
1015 2133 1096 2209 aliis
1113 2132 1325 2210 revelentur
1346 2134 1462 2209 eciam
1485 2133 1602 2238 ipsius
1622 2132 1765 2210 ordinis
1789 2133 1910 2210 lratri·

481 2262 572 2353 bus,
594 2263 665 2369 nisi
683 2263 755 2339 illis
776 2262 949 2339 duntaxat
966 2264 1030 2369 qui
1051 2264 1089 2339 in
1105 2263 1194 2369 ipsis
1215 2264 1383 2370 capitulis
1401 2264 1600 2353 affuerunt,
1624 2280 1662 2339 et
1679 2263 1742 2340 sia
1755 2291 1907 2371 quoque

483 2394 709 2471 contrarium
725 2412 907 2500 ageretur,
926 2394 1113 2471 convictus
1128 2394 1185 2470 vel
1202 2394 1391 2472 confessus
1411 2394 1670 2472 excluderetur
1682 2393 1846 2471 totaliter
1860 2394 1908 2471 ab

483 2524 614 2602 ordine
636 2523 866 2630 supradicto,
889 2542 926 2600 et
944 2542 1086 2601 careret
1101 2526 1204 2601 omni
1225 2525 1306 2630 ejus
1326 2523 1486 2602 comodo
1508 2523 1721 2601 ethonore.

538 2654 596 2730 ad
613 2653 714 2731 lxxiu
733 2653 930 2730 articulum
953 2654 1148 2761 diligenter
1177 2656 1441 2761 interrogatus,
1474 2654 1566 2731 dixit
1594 2672 1630 2731 et
1653 2652 1847 2759 respondit
1871 2673 1908 2731 et

482 2784 671 2862 consessus
691 2784 864 2891 estquod
883 2784 1015 2865 fratres
1035 2786 1125 2862 dicti
1146 2785 1288 2863 ordinis
1307 2785 1463 2862 licenter
1479 2802 1635 2891 possunt
1656 2782 1728 2862 sibi
1747 2784 1795 2861 de
1816 2814 1908 2891 qua-

371 2960 384 3025 ·¹
481 2914 575 2993 libet
588 2915 768 3021 religione
780 2916 982 3022 approbata
993 2916 1129 3022 eligere
1148 2915 1377 2995 consessores
1392 2943 1479 2992 suos
1499 2944 1593 3022 quos
1608 2915 1752 3004 volunt,
1770 2914 1908 3021 quibus

484 3063 641 3151 possunt
668 3075 734 3123 sua
761 3047 934 3125 confiteri
959 3064 1106 3152 peccata
1129 3045 1161 3123 si
1189 3065 1273 3124 sunt
1297 3045 1509 3152 presbiteri,
1538 3062 1576 3123 et
1597 3046 1644 3123 ab
1668 3046 1721 3123 eis
1742 3047 1907 3153 recipere

483 3177 919 3281 penitenciassalutarcs;
942 3196 979 3256 et
993 3178 1066 3254 hoc
1085 3177 1186 3254 idem
1206 3178 1260 3254 eis
1277 3177 1366 3253 licet
1385 3176 1507 3255 lacere
1527 3176 1574 3253 de
1595 3176 1783 3254 sacerdote
1805 3205 1909 3255 secu-

479 3304 567 3394 lari,
591 3307 683 3384 dum
697 3325 824 3383 tamen
843 3338 863 3383 a
883 3337 951 3384 suo
971 3306 1113 3414 prelato
1134 3307 1205 3385 sibi
1226 3308 1274 3383 sit
1293 3307 1377 3384 data
1401 3307 1555 3384 licencia
1570 3305 1821 3384 confessiones
1843 3336 1909 3385 au-

481 3435 574 3511 dire.
594 3435 751 3513 Addidit
767 3454 892 3511 tamen
910 3436 1014 3540 quod
1033 3454 1122 3512 tunc
1143 3438 1294 3512 demum
1319 3465 1385 3513 sua
1409 3436 1633 3514 confitentur
1652 3454 1800 3543 peccata
1826 3437 1908 3513 aliis

482 3583 583 3642 extra
595 3565 754 3642 domum
763 3565 1083 3670 Templi,quando
1097 3592 1174 3642 non
1187 3565 1327 3642 habent
1338 3563 1551 3642 facultatem
1562 3566 1680 3673 ipsius
1688 3566 1830 3644 ordinis
1840 3566 1908 3644 fra-

480 3712 577 3771 trem
597 3695 829 3802 capellanum
850 3711 888 3770 et
908 3695 1160 3800 presbiterum
1183 3694 1347 3771 adeundi
1366 3724 1435 3802 pro
1456 3697 1534 3774 suis
1550 3695 1770 3773 criminibus
1790 3695 1908 3774 conli-

479 3826 603 3919 tendis
624 3827 759 3904 eidem.
967 3918 972 3927 .

536 3957 595 4035 Ad
613 3958 851 4037 lxxv-lxm
872 3958 1045 4037 articulos
1064 3960 1258 4050 inclusive,
1279 3960 1478 4066 diligenter
1493 3978 1530 4037 et
1544 3959 1733 4068 sigillatim
1748 3961 1907 4039 interro·

479 4105 602 4194 gatus,
622 4090 854 4194 respondens
874 4091 967 4168 dixit
985 4091 1090 4197 quod
1105 4089 1238 4187 fratres
1254 4091 1412 4197 predicti
1433 4091 1578 4169 ordinis
1596 4118 1674 4168 non
1693 4088 1847 4167 fuerunt
1868 4092 1906 4165 in

480 4218 709 4328 negligencia
729 4221 938 4327 corrigendi
961 4249 1030 4297 nec
1048 4239 1173 4297 sancte
1188 4221 1259 4297 Dei
1274 4221 1436 4297 Ecclesie
1453 4221 1674 4315 nunciandi,
1691 4249 1760 4298 nec
1775 4221 1822 4297 ab
1838 4221 1906 4299 ob·

480 4352 665 4427 servancia
689 4350 872 4427 dictorum
901 4380 1072 4428 errorum
1097 4380 1174 4428 non
1196 4351 1436 4441 destiterunt,
1461 4352 1547 4429 ideo
1570 4352 1656 4458 quia
1682 4352 1823 4457 inipso
1843 4379 1905 4428 or-

480 4479 569 4557 dine
598 4509 675 4559 non
704 4481 874 4572 luerunt,
896 4510 966 4558 nec
986 4482 1032 4558 de
1061 4482 1114 4559 eis
1138 4481 1194 4559 vel
1222 4510 1353 4559 eornm
1383 4481 1507 4588 aliquo
1537 4510 1703 4588 unquam
1731 4482 1770 4557 in
1804 4481 1905 4559 dicto

481 4608 613 4686 ordine
629 4613 777 4699 mentio,
793 4611 917 4718 aliqua
935 4611 1007 4688 fuit
1026 4611 1134 4701 sacta,
1154 4641 1271 4718 usque
1293 4614 1341 4690 ad
1358 4630 1506 4721 tempus
1527 4613 1707 4719 captionis
1727 4628 1765 4688 et
1783 4611 1907 4690 deten-

479 4739 593 4817 tionis
614 4769 756 4819 eorum.
778 4741 936 4849 Reliqua
960 4744 1085 4820 omnia
1111 4762 1148 4821 et
1174 4744 1319 4850 singula
1343 4761 1517 4823 contenta
1544 4744 1584 4820 in
1610 4743 1718 4822 dictis
1742 4741 1906 4820 articulis

480 4872 625 4978 negavit
644 4900 713 4949 nec
733 4873 891 4950 credidit
910 4902 988 4951 esse
1010 4903 1105 4951 vera.
