4236 5948
345 542 418 614 sse
733 521 927 613 rnocrs
954 541 1049 611 ons
1076 541 1372 613 rennuens.

343 685 466 759 dicere
486 681 692 768 veritatem,
717 700 753 757 et
778 682 1024 787 interrogatus
1039 680 1087 757 de
1105 697 1275 787 tempore
1297 700 1334 757 et
1351 680 1464 758 modo
1485 707 1552 756 sue
1577 681 1766 787 recepcio·
1790 704 1792 707 ’

343 814 419 901 nis,
440 813 531 889 dixit
546 840 612 917 per
625 812 878 916 juramentum
897 840 1007 887 suum
1025 813 1127 916 quod
1144 812 1214 888 luit
1231 829 1402 918 receptus
1413 811 1511 916 apud
1523 811 1764 918 loigniacum‚
1792 909 1793 912 Ἴ

343 971 410 1048 per
434 942 581 1017 fratrem
605 942 814 1017 lobannem
839 943 1038 1018 Morellum
1060 943 1106 1018 de
1130 944 1242 1019 Belua
1261 961 1520 1050 preceptorem
1539 943 1701 1020 baillivie
1721 946 1767 1023 de

344 1073 541 1160 Coulours‚
558 1075 596 1149 in
613 1072 706 1149 festo
721 1072 820 1150 beati
836 1072 1089 1150 Bartholomei
1107 1073 1240 1151 ultimo
1255 1074 1434 1179 preterito
1450 1073 1669 1163 iniremus,
1685 1103 1769 1180 pre·

343 1222 445 1281 sente
466 1204 575 1279 fratre
596 1204 792 1281 Dominico
814 1221 1032 1309 preceptore
1060 1203 1107 1279 de
1127 1205 1334 1309 loigniaco,
1364 1221 1401 1280 et
1431 1203 1600 1308 pluribus
1619 1202 1701 1281 aliis
1722 1205 1767 1282 de

342 1363 502 1441 quorum
513 1333 808 1410 nominibusnon
820 1334 961 1410 recolit.
970 1335 1765 1443 Dixiteciamperjuramentnmsuumquod,

343 1482 426 1569 post
442 1465 576 1541 multas
589 1464 853 1569 promissiones
868 1464 914 1538 de
931 1465 1075 1540 statutis
1091 1483 1127 1541 et
1141 1465 1291 1541 secretis
1307 1465 1395 1540 dicti
1411 1464 1555 1540 ordinis
1572 1464 1768 1542 observan-

344 1598 401 1671 dis
420 1595 465 1671 ab
481 1625 525 1671 eo
540 1594 669 1683 lactas,
694 1595 815 1671 dictus
827 1595 1010 1699 recipiens
1024 1594 1128 1670 duxit
1142 1624 1228 1671 eum
1244 1613 1344 1671 retro
1361 1593 1489 1683 altare,
1512 1610 1549 1670 et
1563 1612 1652 1671 tunc
1663 1623 1769 1671 oscu-

343 1725 439 1803 latus
453 1725 524 1801 luit
543 1727 666 1831 ipsum
689 1726 725 1799 in
741 1723 815 1799 fine
830 1725 935 1829 spine
953 1726 1069 1813 dorsi,
1089 1742 1126 1801 et
1146 1725 1390 1801 incontinenti
1408 1723 1542 1801 cecidit
1561 1752 1765 1811 commeo,

343 1873 380 1931 et
398 1855 470 1932 fuit
487 1873 654 1961 portatus
666 1854 796 1931 exinde
810 1854 913 1961 quasi
927 1855 1211 1945 semimortuum
1229 1872 1352 1930 tamen
1366 1871 1563 1960 antequam
1579 1882 1768 1931 amovere-
1807 1891 1809 1894 ⁴

343 2004 416 2072 tur,
431 1987 522 2061 dixit
538 1986 608 2062 sibi
622 1988 726 2091 qnod
741 2003 827 2061 tunc
848 2014 924 2062 non
946 2003 1091 2089 poterat
1110 1986 1211 2062 aliud
1232 1986 1355 2061 dicere
1378 1985 1424 2062 de
1441 1985 1588 2062 statutis
1608 1983 1765 2073 ordinis,

344 2117 389 2191 de
411 2117 568 2223 hiisque
585 2116 771 2192 debebant
785 2115 865 2191 fieri
880 2117 1086 2192 secundum
1102 2135 1234 2193 statuta
1253 2116 1409 2204 ordinis,
1426 2116 1593 2221 predicta
1611 2114 1768 2193 infirmi·

343 2263 623 2353 integramus,
647 2262 684 2320 ct
703 2246 807 2350 quod
829 2244 916 2321 alias
936 2265 1171 2351 recuperaret
1194 2246 1240 2322 ad
1266 2247 1339 2323 boc
1363 2244 1590 2332 laciendum,
1614 2261 1651 2320 et
1675 2245 1768 2322 dixit

345 2377 459 2451 eciam
476 2405 542 2481 per
555 2376 808 2480 juramentum
823 2351 939 2451 suum
957 2377 1074 2480 quod,
1092 2378 1242 2481 quando
1259 2377 1359 2452 venit
1379 2376 1425 2452 ad
1444 2375 1666 2452 visitandum
1679 2403 1767 2452 eum

344 2508 383 2583 in
398 2507 495 2583 lecto
510 2535 577 2583 suo
586 2507 790 2612 jacentem,
814 2506 954 2581 audivit
974 2535 1062 2582 eum
1082 2507 1269 2582 dicentem
1291 2506 1372 2581 aliis
1392 2505 1496 2610 quod
1512 2534 1625 2581 unam
1643 2505 1692 2581 de
1707 2533 1769 2583 vo-

344 2637 547 2713 luntatibus
559 2635 911 2741 suiscompleverat.
929 2637 1143 2741 Requisitus
1159 2654 1285 2713 utrum
1300 2636 1346 2712 de
1362 2636 1526 2740 predicta
1534 2635 1768 2714 osculacione

345 2767 478 2842 dixerit
496 2767 621 2855 sociis,
640 2767 731 2843 dixit
751 2766 856 2872 quod
874 2794 968 2853 non,
985 2767 1073 2871 quia
1088 2766 1214 2842 nullus
1228 2784 1305 2843 erat
1325 2795 1435 2842 ansus
1450 2765 1612 2843 revelare
1625 2784 1770 2844 secreta

285 2996 289 3001 .
343 2925 408 2971 sna
428 2896 521 2972 aliis.
540 2898 789 3002 Interrogatus
804 2913 931 2970 utrum
948 2895 998 2984 ri,
1016 2896 1072 2971 vel
1093 2914 1199 2972 metu
1218 2895 1374 2978 carceris
1389 2924 1455 2972 sen
1475 2913 1768 2987 tormentorum,
1789 2957 1796 2977 1

343 3044 407 3103 aut
420 3028 491 3103 alia
506 3028 553 3103 de
573 3055 696 3112 causa,
715 3025 875 3130 aliquam
895 3024 1090 3101 falsitatem
1106 3026 1241 3102 dixerit
1258 3044 1323 3102 aut
1338 3025 1582 3103 immiscuerit
1598 3027 1637 3102 in
1653 3027 1771 3132 depo·

344 3159 482 3235 sicione
504 3186 585 3245 sua,
601 3155 837 3232 auttacuerit
854 3154 1063 3241 veritatem,
1086 3155 1177 3231 dixit
1190 3184 1258 3260 per
1268 3156 1523 3260 juramentum
1540 3184 1650 3232 suum
1665 3159 1769 3264 quod

343 3316 434 3375 non,
454 3317 522 3362 nec
536 3286 658 3390 aliqua
674 3284 850 3362 violencia
870 3285 939 3360 sibi
956 3283 1149 3372 initiante,
1171 3285 1238 3361 sed
1253 3314 1385 3391 puram
1404 3286 1597 3362 veritatem
1613 3286 1766 3364 dixerat.

400 3552 493 3626 ltem
511 3549 623 3625 frater
640 3548 860 3625 Dominicus
876 3549 922 3624 de
938 3549 1095 3626 Divione
1117 3566 1242 3626 custos
1258 3551 1394 3627 domus
1409 3550 1456 3627 de
1470 3550 1680 3659 loigniaco,
1697 3567 1768 3627 eta·

345 3681 391 3754 tis
408 3679 649 3785 quadraginta
669 3707 868 3767 annorum,
881 3679 1027 3787 juratus
1044 3679 1178 3756 eodem
1196 3680 1311 3756 modo
1331 3681 1378 3755 de
1398 3709 1436 3756 se
1458 3698 1495 3755 et
1509 3679 1590 3755 aliis
1604 3681 1642 3755 in
1661 3709 1768 3757 causa

343 3807 434 3884 fidei
457 3808 580 3885 dicere
600 3809 809 3898 veritatem,
834 3827 871 3885 et
890 3810 1136 3915 interrogatus
1156 3811 1203 3885 de
1224 3827 1395 3916 tempore
1416 3826 1453 3884 et
1472 3809 1587 3886 modo
1612 3837 1680 3885 sue
1707 3838 1768 3885 re·

343 3940 544 4044 cepcionis‚
569 3939 660 4015 dixit
680 3968 747 4043 per
759 3940 1016 4046 jurameutum
1037 3968 1147 4016 suum
1173 3941 1277 4046 quod
1301 3957 1472 4044 receptus
1495 3937 1566 4015 fuit
1588 3939 1689 4045 apud
1703 3940 1768 4017 Di-

344 4071 507 4158 vionem,
536 4098 603 4174 per
622 4068 774 4145 lratrem
797 4069 998 4146 Henricum
1028 4071 1075 4145 de
1103 4069 1222 4157 Dola,
1236 4070 1477 4175 qnadraginta
1493 4069 1662 4174 quinque
1682 4069 1765 4144 anni

342 4218 429 4275 sunt
448 4200 562 4305 elapsi
583 4199 640 4275 vel
660 4200 770 4287 circa,
793 4200 1028 4306 presentibus
1048 4198 1223 4276 fratribus
1243 4198 1444 4277 Guillclmo
1465 4200 1684 4304 Rougepere
1704 4227 1767 4302 pa-

342 4347 397 4406 tre
418 4360 486 4407 suo
501 4329 677 4416 naturali,
701 4348 737 4405 et
758 4330 856 4405 dicto
872 4331 981 4409 Wnle
1006 4329 1117 4405 fratre
1135 4360 1203 4408 suo
1222 4330 1394 4417 naturali,
1417 4328 1593 4405 fratribus
1609 4328 1698 4406 dicti
1709 4357 1767 4406 or·

344 4459 452 4535 dinis.
475 4459 575 4534 Dixit
597 4459 712 4534 eciam
734 4488 801 4564 per
815 4460 1072 4564 juramentum
1094 4488 1203 4535 suurn
1224 4460 1343 4565 quod,
1359 4477 1444 4564 post
1456 4457 1590 4535 multas
1610 4459 1766 4562 promis·

343 4615 466 4663 srones
486 4588 533 4664 de
553 4589 699 4664 statutis
724 4607 762 4665 et
789 4590 939 4664 secretis
969 4589 1058 4665 dicti
1083 4589 1224 4666 ordinis
1248 4589 1488 4666 observandis
1503 4589 1549 4664 ab
1569 4614 1614 4663 eo
1638 4587 1763 4672 lactas,

345 4718 465 4794 dictus
483 4719 664 4824 recipiens
685 4718 871 4796 osculatus
887 4719 958 4796 fuit
977 4721 1102 4825 ipsum
1121 4720 1160 4795 in
1176 4719 1250 4796 line
1267 4720 1371 4825 spine
1393 4719 1511 4806 dorsi,
1533 4718 1571 4793 in
1588 4716 1764 4797 umbilico

345 4865 382 4923 et
395 4849 434 4924 in
456 4876 536 4935 ore,
560 4867 596 4925 et
611 4867 738 4956 postea
761 4850 927 4953 precepit
942 4849 1012 4927 sibi
1034 4850 1138 4954 quod
1153 4867 1304 4954 spueret
1319 4877 1430 4954 supra
1446 4875 1610 4937 crucem,
1636 4849 1764 4952 etipse
